5542 7775
1313 628 1461 698 282

1440 802 1713 887 Capituli
1757 802 1901 867 libri
1948 802 2073 868 IV.
2125 825 2295 867 num.
2334 802 2558 867 LVII.
2607 803 2682 867 de
2732 803 3080 887 Pririleqiis

1296 918 1703 994 pertractant,
1735 911 2011 996 nihilque
2056 913 2118 974 in
2169 910 2380 974 iisdem
2421 912 2751 994 reperitur,
2789 910 2951 994 quod
2995 910 3081 973 acl

1308 1018 1470 1081 idem
1515 1026 1946 1103 arqumentum
1994 1038 2114 1081 non
2149 1024 2381 1102 spectet.
2416 1016 2588 1082 Idem
2619 1018 2758 1100 fore
2794 1018 2975 1081 dicito
3004 1017 3079 1081 de

1307 1127 1383 1188 iis
1426 1127 1825 1210 aryumentiS,
1861 1146 2014 1210 quae
2061 1126 2128 1187 in
2177 1123 2424 1187 rubrica
2463 1126 2747 1208 superius
2780 1126 3078 1208 exscripta

1309 1239 1879 1295 commemorantur.
1951 1230 2133 1295 Libri
2202 1230 2274 1294 V.
2336 1232 2604 1315 capitula
2661 1238 3080 1295 numerantur

1311 1339 1643 1404 LXXIII.
1666 1391 1683 1422 ,
1717 1340 1817 1404 lib.
1873 1339 1979 1403 VI.
2002 1391 2018 1423 ,
2059 1338 2328 1423 CCXL,
2363 1340 2462 1404 lib.
2499 1361 2638 1403 cero
2685 1338 2834 1403 VII.
2858 1389 2875 1421 ,
2914 1338 3075 1403 CCI.

1435 1448 1892 1512 Desiderantur
1945 1450 2008 1511 in
2057 1448 2164 1511 hoc
2210 1449 2404 1511 codice
2452 1448 2675 1533 reliqui
2712 1446 2857 1511 libri
2888 1468 3080 1532 usque

1308 1557 1394 1621 ad
1419 1555 1621 1619 XIII.
1652 1555 1778 1620 Sub
1820 1557 1945 1639 fine
1991 1564 2196 1620 autem
2243 1557 2370 1619 alia
2417 1557 2720 1619 nonnulla
2753 1555 2992 1619 decreta
3025 1563 3078 1619 et

1307 1685 1565 1728 canones
1609 1663 1990 1746 afferuntur,
2032 1664 2137 1727 sed
2182 1685 2256 1727 ex
2301 1665 2487 1726 variis
2536 1664 2898 1747 incertisque
2935 1662 3077 1746 fon-

1307 1770 1467 1835 tibus
1511 1771 1896 1855 deprompta,
1947 1771 2117 1834 nullo
2162 1777 2395 1833 serrato
2438 1770 2676 1851 ordine,
2711 1777 2765 1833 et
2794 1776 3077 1853 praeter-

1308 1881 1489 1943 misso
1535 1881 1718 1943 etiam
1763 1881 1828 1942 in
1876 1877 2240 1963 quibusdam
2289 1885 2404 1940 toto
2448 1886 2829 1963 arqumentO.

1437 1987 1752 2051 Postrema
1787 1989 2024 2071 paqina
2067 1985 2241 2050 binas
2297 1986 2576 2069 epistolas
2630 1987 2926 2065 continet,
2971 1984 3078 2048 sed

1305 2096 1542 2159 alienae
1584 2102 1730 2158 sunt
1784 2096 2248 2178 recentiorisque
2297 2114 2536 2156 manus,
2569 2091 2835 2155 Easdem
2870 2099 3075 2155 autem

1305 2202 1401 2266 hic
1447 2201 1878 2265 exscribemus:

1433 2311 1848 2375 Innocentius
1904 2309 2264 2395 episcopus,
2300 2331 2525 2373 servus
2558 2329 2893 2372 servorum
2928 2306 3073 2389 Dei,

1307 2418 1385 2482 B.
1419 2417 1801 2504 cappellano
1848 2416 2117 2480 ecclesie
2161 2416 2367 2479 sancti
2399 2416 2440 2480 J
2447 2416 2669 2497 aliani,
2706 2415 2979 2478 salutem
3013 2421 3078 2478 et

1310 2526 1729 2613 apostolicam
1794 2524 2327 2587 benedictionem.
2383 2524 2511 2587 Per
2571 2523 2898 2609 presentia
2960 2522 3073 2586 tibi

1308 2635 1548 2719 scripta
1596 2632 1977 2695 mandamus
2026 2640 2342 2716 quatenus
2390 2630 2623 2694 dilecto
2675 2630 2807 2693 filio
2856 2637 3075 2694 nostro

1306 2742 1371 2806 J.
1412 2740 1612 2826 priori
1665 2748 1728 2803 et
1778 2738 2087 2802 fratribus
2143 2739 2411 2801 ecclesie
2469 2738 2675 2801 sancti
2731 2736 3075 2820 F[ri‹liani]

1311 2849 1597 2929 obedias,
1619 2856 1839 2933 utpote
1873 2846 2105 2932 quibus
2138 2868 2177 2909 a
2210 2847 2395 2909 nobis
2428 2846 2632 2909 sancti
2658 2845 3076 2909 Pantaleonis

1309 2956 1582 3021 ecclesia
1629 2964 1726 3019 est
1774 2954 2131 3018 commissa.
2184 2953 2373 3027 Quod
2415 2954 2470 3016 si
2509 2953 2601 3016 eis
2636 2952 2895 3016 obedire
2930 2974 3076 3016 con-

1309 3063 1667 3149 tempseris,
1703 3062 1959 3126 noveris
2006 3060 2248 3125 eisdem
2297 3082 2334 3124 a
2383 3060 2568 3125 nobis
2601 3060 2930 3123 licentiam
2963 3059 3075 3122 da·

1311 3179 1442 3236 tam
1492 3192 1631 3234 esse
1679 3178 1741 3233 te
1798 3168 2032 3232 exinde
2098 3168 2440 3232 amovendi
2496 3176 2558 3230 et
2606 3168 2817 3231 locum
2866 3167 3076 3253 ipsum

1311 3277 1393 3342 ad
1441 3278 1751 3342 honorem
1799 3275 1923 3339 Dei
1962 3284 2027 3339 et
2072 3276 2344 3339 salutem
2389 3274 2677 3339 Ecclesie
2713 3273 3072 3338 ordinandi.

1310 3385 1553 3449 Datum
1600 3384 1806 3448 Rome
1856 3383 2150 3447 kalendis
2200 3382 2588 3446 novembris,

1429 3598 1846 3663 Innocentius
1894 3598 2253 3684 episcopus,
2289 3618 2512 3660 servus
2561 3618 2892 3660 servorum
2925 3595 3070 3678 Dei,

1301 3705 1671 3771 Raimundo
1711 3705 1982 3769 Rustico
2032 3712 2225 3788 atque
2260 3704 2503 3769 Baroni
2548 3703 2922 3789 presbiteris
2969 3724 3070 3766 sa·

1301 3815 1503 3878 lutem
1560 3820 1623 3878 et
1689 3813 2112 3900 apostolicam
2173 3811 2708 3876 benedictionem.
2759 3811 2906 3875 Non
2955 3811 3070 3874 du-

1303 3924 1478 3987 bium
1527 3921 1711 3986 vobis
1758 3928 1855 3985 est
1914 3919 2085 4007 quod
2147 3920 2486 3984 ecclesiam
2548 3920 2756 3983 sancti
2802 3918 3070 4002 P[anta-

1300 4029 1531 4113 leonis]
1558 4030 1640 4094 ad
1665 4029 2144 4093 reformandam
2172 4028 2234 4091 in
2262 4027 2488 4091 eodem
2522 4028 2662 4091 loco
2689 4027 3072 4112 religionem

1302 4138 1552 4201 dilectis
1598 4136 1748 4200 filiis
1795 4136 2030 4199 nostris
2077 4135 2141 4200 J.
2175 4134 2375 4221 priori
2422 4141 2487 4197 et
2523 4134 2833 4198 fratribus
2866 4134 3073 4198 sancti

1300 4245 1594 4310 Fridiani
1618 4244 1888 4309 ecclesie
1915 4243 2369 4307 commisimus,
2388 4242 2694 4324 Proinde,
2717 4242 3074 4328 apostolica

1303 4353 1486 4417 vobis
1542 4351 1922 4416 auctoritate
1985 4350 2378 4436 precipimus
2426 4358 2531 4432 ut,
2582 4349 2754 4435 quod
2803 4371 2841 4412 a
2891 4349 3073 4413 nobis

1301 4460 1536 4525 exinde
1580 4460 1842 4542 factum,
1877 4466 1975 4523 est
2009 4458 2545 4543 irrefragabiliter
2580 4457 2954 4522 observetis
2988 4456 3075 4521 Et

1300 4589 1511 4652 neque
1560 4566 1624 4630 in
1672 4565 1901 4630 eadem
1948 4566 2242 4648 ecclesia,
2277 4586 2394 4629 nec
2445 4566 2510 4629 in
2557 4566 2773 4650 aliquo
2818 4564 2958 4628 loco
2992 4563 3072 4627 ad

1302 4698 1446 4741 eam
1495 4675 1858 4762 pertinente
1902 4675 2146 4760 absque
2180 4674 2534 4738 eorundem
2566 4675 2842 4737 fratrum
2875 4673 3071 4738 licen·

1299 4784 1392 4847 tia
1439 4783 1776 4847 maneatis.
1813 4782 2003 4857 Quod
2051 4782 2106 4845 si
2155 4782 2656 4846 contradictores
2706 4780 3070 4863 extiteritis,

1300 4893 1423 4957 nisi
1473 4893 1642 4956 infra
1689 4914 1798 4956 xv.
1834 4891 1971 4955 dies
2018 4899 2164 4978 post
2212 4891 2684 4976 susceptionem
2718 4889 3072 4975 presentia-

1299 5022 1443 5064 rum
1491 5000 1825 5064 literarum
1874 5001 1955 5063 ab
1988 4998 2363 5083 hujusmodi
2394 4997 2752 5084 pertinacia
2786 4996 3070 5081 resipue-

1298 5109 1468 5191 ritis,
1519 5129 1602 5171 ex
1647 5115 1800 5171 tunc
1849 5106 2140 5170 divinum
2186 5105 2370 5170 vobis
2420 5104 2698 5169 officium
2745 5102 3071 5167 interdici-

1299 5238 1462 5280 mus.
1513 5215 1689 5280 Data
1736 5214 2047 5279 Laterani
2095 5215 2163 5298 ij.
2214 5213 2358 5277 idus
2406 5212 2705 5277 octobris.

1424 5325 1627 5408 Atque
1672 5322 1818 5387 haec
1869 5323 2186 5405 sufficiant
2249 5320 2452 5405 quoad
2515 5319 2825 5404 Specimen
2886 5319 3074 5383 liuius

1305 5430 1683 5494 Collectionis
1754 5428 2096 5493 Canonum.
2148 5426 2290 5492 Non
2359 5427 2760 5492 omittendum
2828 5434 3069 5508 tamen,

1310 5540 1586 5605 Codicem
1619 5540 1963 5601 vaticanum
2007 5558 2178 5602 num.
2204 5537 2373 5600 1364
2404 5535 2564 5600 lianc
2595 5536 2847 5600 eandem
2880 5535 3070 5599 Colle·

1298 5650 1552 5712 ctionem
1591 5643 1914 5709 Canonum
1944 5647 2270 5727 continere,
2303 5665 2495 5729 neque
2525 5644 2594 5706 in
2636 5663 2700 5707 eo
2730 5643 3074 5706 desiderari

1287 5763 1626 5840 postremos
1692 5751 1894 5816 libros.
1957 5752 2344 5836 Quapropter
2412 5758 2466 5815 et
2523 5751 2695 5814 illius
2757 5749 3070 5833 Specimen

1297 5862 1600 5927 dabimus.

1429 5970 1632 6034 Codex
1679 5971 1787 6034 iste
1831 5977 1914 6033 est
1972 5970 2037 6031 in
2099 5966 2455 6032 membrana
2517 5967 2582 6029 in
2641 5973 2882 6051 quart0,
2928 5972 3070 6029 ante

1298 6076 1464 6141 XII.
1497 6077 1812 6142 saeculum
1841 6077 2233 6160 conscriptus.
2267 6073 2512 6138 Nullibi
2541 6074 2822 6138 Anselmi
2852 6093 3067 6136 nomen

1285 6186 1591 6271 praefert.
1625 6183 1865 6249 Eadem
1906 6205 2045 6248 vero
2089 6185 2351 6247 continet
2408 6203 2564 6267 quae
2609 6183 2676 6245 in
2724 6179 3072 6244 Barberino

1424 6438 1502 6502 (1)
1547 6435 1861 6505 [cogendum
1900 6434 2166 6498 Johanni,
2205 6436 2264 6485 ut
2302 6432 2357 6484 in
2398 6432 2575 6486 editis.

1422 6527 1501 6592 (2)
1541 6524 1606 6576 In
1647 6525 1805 6578 editis
1846 6528 2073 6576 vocatur
2110 6522 2415 6589 capitulare
2454 6521 2500 6573 Ι.
2539 6527 2585 6572 et
2624 6521 2705 6572 II.

2812 648 3459 699 MONUMENTOBUM

3213 801 3426 867 Codice
3470 802 3775 867 habentur
3825 802 3936 867 sub
3982 806 4225 868 nomine
4258 806 4535 868 Anselmi
4578 806 4854 870 lucensi&
4884 807 4955 871 In

3208 910 3372 974 XII.
3407 911 3591 975 libros
3620 912 3943 994 dit-iditum
3972 919 4173 997 atque,
4204 915 4259 975 si
4288 915 4551 998 excipias
4580 912 4805 977 librum
4841 913 4956 979 XI.

3204 1018 3279 1082 de
3326 1018 3725 1101 Poeniteutia‚
3760 1020 3984 1103 reliqui
4028 1021 4389 1104 respondent
4439 1022 4534 1100 iis,
4569 1023 4676 1106 qui
4704 1023 4771 1085 in
4806 1022 4957 1085 Bar·

3203 1124 3411 1189 berino
3456 1134 3767 1190 notantur.
3805 1125 4066 1211 Sinyula
4109 1128 4244 1210 fere
4288 1129 4487 1212 capita
4520 1135 4573 1192 et
4602 1138 4956 1213 aryumenta

3193 1234 3570 1318 praeferunt
3616 1254 3831 1298 nomen
3880 1237 4125 1298 romani
4180 1234 4492 1318 Pontificis
4552 1256 4626 1298 ea·
4688 1258 4805 1321 quo
4864 1238 4958 1301 de-

3203 1348 3432 1405 cretum
3482 1343 3770 1404 sumitur.
3804 1342 3953 1404 Alia
3986 1343 4288 1406 nonnulla
4309 1345 4719 1427 praemittunt
4750 1364 4955 1408 nomen

3203 1450 3469 1513 alicuius
3498 1448 3754 1511 Concilii
3788 1449 3877 1512 vel
3905 1451 4101 1512 sancti
4134 1448 4362 1532 Patris,
4389 1451 4753 1535 quandoque
4790 1453 4957 1514 etiam

3206 1558 3610 1641 imperatoris.
3650 1555 3856 1619 Placet
3885 1563 4090 1619 autem
4122 1558 4427 1621 nonnulla
4465 1558 4782 1639 adnotare,
4817 1580 4961 1643 quae

3209 1685 3283 1728 ea·
3330 1662 3420 1727 Μ.
3474 1663 3772 1747 Greqorio
3816 1664 4174 1748 deprompta
4220 1671 4385 1728 sunt.

3335 1768 3483 1853 Cap.
3538 1768 3753 1833 LXX.
3802 1769 3947 1833 libri
3982 1772 4219 1854 primi:

3329 1877 3517 1952 Quod
3564 1898 3751 1941 nemo
3799 1885 4011 1963 potest
4058 1877 4365 1941 accedere
4414 1878 4495 1941 ad
4544 1878 4717 1942 beati
4778 1879 4960 1943 Pauli

3204 2006 3435 2071 corpus
3469 1993 3531 2048 et
3565 1984 3894 2047 sudarium
3944 1985 4105 2068 ejus,
4141 1985 4220 2048 de
4270 1986 4454 2069 cujus
4502 1993 4733 2049 catena
4772 1988 4961 2051 inter-

3205 2092 3356 2155 dum
3404 2092 3616 2155 limari
3664 2099 3895 2177 potest,
3946 2091 4269 2155 interdum
4316 2113 4463 2156 non.

3329 2198 3685 2284 Gregorius
3714 2198 4133 2263 Constantine
4166 2199 4579 2285 imperatrici,
4606 2206 4726 2264 etc.
4762 2200 4961 2264 Suda-

3204 2307 3369 2371 rium
3420 2307 3611 2371 beato
3658 2306 3850 2370 Pauli
3897 2306 4217 2392 Apostoli,
4266 2314 4387 2371 ete.

3334 2414 3481 2499 Cap.
3532 2413 3868 2477 LXVIII.
3915 2413 4064 2477 libri
4106 2415 4394 2479 secundi:

3330 2521 3517 2595 Quod
3567 2521 4269 2607 constantinopolitana
4313 2522 4644 2605 Ecclesia,
4694 2523 4860 2587 sicut
4905 2530 4963 2587 et

3204 2635 3414 2694 cetere
3465 2651 3707 2712 omnes,
3742 2650 4006 2693 romane
4058 2629 4207 2693 Sedi
4256 2629 4447 2694 debet
4481 2652 4620 2694 esse
4654 2631 4962 2715 subjecta.

3331 2737 3684 2823 Gregorius
3710 2737 3920 2823 Ap.(1)
3949 2736 4357 2820 SiracusanO,
4378 2739 4537 2802 inter
4559 2745 4771 2803 cetera.
4798 2738 4963 2802 Nam

3202 2846 3282 2910 de
3317 2844 4015 2930 constantinopolitana
4046 2844 4359 2927 Ecclesia,
4389 2866 4511 2930 que
4544 2845 4796 2928 dicitur,
4828 2846 4965 2931 quis

3202 2975 3344 3018 eam
3391 2952 3638 3016 dubitet
3687 2951 3837 3016 Sedi
3872 2952 4222 3037 apostolice
4256 2974 4395 3016 esse
4429 2952 4809 3037 subjectam,
4846 2961 4964 3017 etc.

3329 3059 3466 3123 Lib.
3516 3059 3649 3123 III.
3696 3082 3827 3144 cap.
3880 3057 4149 3123 XXX..-

3326 3168 3415 3232 Ut
3463 3168 3518 3231 si
3565 3168 3768 3232 laicus
3812 3175 4039 3231 eontra
4072 3167 4375 3231 clericum
4407 3189 4669 3232 causam
4701 3168 4963 3251 habeat,

3201 3276 3595 3363 Episcopum
3644 3274 3855 3339 adeat.

3327 3383 3680 3468 Gregorius
3712 3382 4009 3447 Romano
4041 3383 4365 3447 defensori
4393 3382 4630 3447 Sicilie.
4659 3383 4966 3446 Pervenit

3199 3491 3283 3554 ad
3331 3512 3482 3571 nos,
3535 3490 3687 3576 quia
3752 3490 3808 3553 si
3874 3490 4016 3575 quis
4063 3497 4288 3554 contra
4336 3489 4655 3575 quoslibet
4700 3489 4970 3554 clericos

3199 3619 3460 3662 causam
3506 3597 3764 3679 habeat,
3813 3596 4131 3683 despectis
4179 3619 4401 3662 eorum
4448 3597 4813 3683 EpiscopiS,
4850 3608 4967 3661 etc.

3326 3704 3463 3769 Lib.
3514 3704 3648 3769 III.
3697 3727 3827 3789 cap.
3884 3703 4180 3768 LXIX..-

3324 3813 3514 3889 Quod
3544 3813 3872 3877 damnatio
3898 3819 3963 3876 et
3987 3812 4306 3877 absolutio
4335 3814 4476 3897 ejus
4505 3812 4687 3877 irrita
4712 3820 4836 3896 est,
4864 3834 4968 3877 cu-

3192 3924 3301 4007 jus
3334 3943 3530 3986 causa
3558 3943 3682 3984 non
3717 3930 3815 3985 est
3847 3921 4169 3985 subtiliter
4195 3922 4587 4003 examinata3
4614 3929 4679 3985 et
4703 3928 4971 4007 propter

3197 4038 3518 4095 extortam
3552 4029 4021 4095 confessionem
4053 4029 4347 4092 damnari
4379 4029 4594 4092 nullus
4628 4028 4889 4093 debeat.

3326 4138 3681 4222 Gregorius
3701 4137 4123 4201 Constantino
4148 4138 4449 4223 episcopo
4476 4136 4966 4201 mediolanensi.

3199 4245 3512 4310 Perlectis
3562 4244 3886 4330 epistolis,
3938 4266 4099 4330 quas
4147 4244 4230 4308 ad
4278 4265 4394 4308 nos
4439 4265 4557 4330 per
4600 4243 4971 4307 Marianum

3203 4353 3473 4418 latorem
3519 4352 3912 4438 presentium
3963 4352 4428 4435 transmisistis,
4477 4360 4733 4437 gratam
4784 4352 4969 4416 nobis

3201 4461 3719 4542 sollicitudinem,
3768 4467 3888 4523 etc.

3324 4567 3623 4632 Eiusdem
3668 4567 3770 4631 lib.
3818 4566 3951 4630 III.
3999 4588 4130 4651 cap.
4182 4565 4580 4631 LXXXIX.
4602 4590 4624 4630 .·

3323 4674 3897 4740 Commonitorium
3958 4696 4125 4761 pape
4175 4673 4476 4761 Gregorii
4513 4675 4803 4739 Johanni
4861 4674 4969 4738 de·

3201 4783 3462 4864 sensori,
3497 4783 3648 4868 quia
3703 4782 3883 4846 litem
3930 4802 4126 4867 agere
4175 4782 4409 4847 debeat
4456 4782 4533 4847 de
4583 4782 4972 4867 quibusdam

3199 4890 3515 4977 episcopis
3555 4890 3793 4974 injuste
3841 4889 4161 4954 damnatis
4208 4897 4275 4954 et
4314 4891 4395 4955 de
4426 4889 4802 4977 presbiteris
4836 4891 4972 4976 qui·

3199 4998 3493 5080 busdam,
3544 5005 3665 5062 etc.

3325 5106 3681 5190 Gregorius
3723 5105 4281 5169 commonitorium
4306 5105 4384 5171 (2)
4410 5104 4698 5170 Johanni
4746 5105 4971 5169 defen-

3199 5214 3329 5278 sori
3375 5214 3552 5277 eunti
3599 5214 3665 5276 in
3699 5213 4107 5299 Hispaniam.
4142 5213 4218 5277 In
4254 5213 4476 5299 primis
4509 5212 4970 5298 requirendum

3200 5322 3278 5385 de
3327 5342 3604 5407 persona
3644 5321 3984 5407 presbiteri
4018 5320 4415 5384 dilectissimi
4447 5320 4665 5384 fratris
4713 5328 4778 5384 et
4828 5342 4972 5385 coe-

3197 5429 3444 5515 piscopi
3478 5428 3681 5493 nostri
3711 5428 3754 5492 J
3759 5427 4033 5511 aunarii,
4067 5435 4131 5491 et
4162 5428 4217 5491 si
4250 5427 4341 5491 ita
4373 5449 4442 5491 se
4475 5428 4715 5491 veritas
4747 5427 4971 5509 habet,

3199 5536 3365 5600 sicut
3410 5535 3700 5620 ejusdem
3749 5534 4034 5620 episcopi
4089 5534 4315 5620 petitio
4363 5534 4688 5617 continet,
4740 5534 4808 5597 in
4871 5556 4972 5598 ec·

3198 5644 3396 5708 clesia
3443 5650 3639 5728 atque
3686 5643 3826 5708 loco
3867 5664 3983 5706 suo
4024 5642 4195 5707 idem
4227 5641 4544 5728 presbiter
4575 5642 4783 5706 modis
4834 5664 4970 5706 om·

3196 5751 3387 5816 nibus
3435 5757 3794 5832 revocetur,
3843 5758 3964 5814 etc.

3324 5857 3606 5937 Quatuor
3628 5865 3875 5942 occupat
3893 5859 4166 5942 paqinas
4193 5855 4739 5921 Commonitorium
4774 5858 4968 5922 istud.

3320 5966 3553 6030 Eodem
3599 5965 3772 6048 libro,
3817 5987 3947 6049 cap.
3998 5963 4247 6029 XCIX.
4275 5989 4297 6029 .·

3324 6073 3511 6147 Quod
3559 6073 3783 6159 primis
3806 6073 3882 6138 (3)
3914 6071 4361 6137 defensoribus
4410 6072 4709 6157 adjunxit
4754 6074 4974 6159 regio·

3199 6182 3453 6244 narium
3499 6181 3808 6245 honorem
3859 6187 3923 6244 et
3968 6187 4041 6244 ut
4084 6179 4252 6244 inter
4297 6180 4563 6244 clericos
4611 6179 4869 6245 sedent.

3325 6433 3402 6497 (3)
3443 6433 3507 6484 In
3548 6430 3747 6484 Codice
3787 6433 3870 6483 est
3899 6445 3999 6496 pp.
