<?xml version="1.0" encoding="UTF-8"?>
<!DOCTYPE html PUBLIC "-//W3C//DTD XHTML 1.0 Transitional//EN"
    "http://www.w3.org/TR/xhtml1/DTD/xhtml1-transitional.dtd">
<html xmlns="http://www.w3.org/1999/xhtml" xml:lang="en" lang="en">
 <head>
  <title>
</title>
<meta http-equiv="Content-Type" content="text/html;charset=utf-8" />
  <meta name='ocr-system' content='tesseract 3.04.00' />
  <meta name='ocr-capabilities' content='ocr_page ocr_carea ocr_par ocr_line ocrx_word'/>
</head>
<body>
  <div class='ocr_page' id='page_1' title='image "./declarisarchigy00malagoog_0106.png"; bbox 0 0 5542 7775; ppageno 0'>
   <div class='ocr_carea' id='block_1_1' title="bbox 1656 672 4352 742">
    <p class='ocr_par' dir='ltr' id='par_1_1' title="bbox 1656 672 4352 742">
     <span class='ocr_line' id='line_1_1' title="bbox 1656 672 4352 742; baseline 0.003 -8"><span class='ocrx_word' id='word_1_1' title='bbox 1656 684 2119 737; x_wconf 71' lang='lat' dir='ltr'><strong>sPEcrAN&#39;mA</strong></span> <span class='ocrx_word' id='word_1_2' title='bbox 2174 688 2278 737; x_wconf 75' lang='lat' dir='ltr'><strong>An</strong></span> <span class='ocrx_word' id='word_1_3' title='bbox 2333 688 2847 739; x_wconf 67' lang='lat' dir='ltr'><strong>Pnornssomss</strong></span> <span class='ocrx_word' id='word_1_4' title='bbox 2902 690 3114 740; x_wconf 70' lang='lat' dir='ltr'><strong>smus</strong></span> <span class='ocrx_word' id='word_1_5' title='bbox 3171 691 3438 741; x_wconf 77' lang='lat' dir='ltr'><strong>01v1L1s</strong></span> <span class='ocrx_word' id='word_1_6' title='bbox 4207 672 4352 742; x_wconf 90' lang='lat'><strong>113</strong></span> 
     </span>
    </p>
   </div>
   <div class='ocr_carea' id='block_1_2' title="bbox 717 835 4366 6616">
    <p class='ocr_par' dir='ltr' id='par_1_2' title="bbox 717 835 4366 6616">
     <span class='ocr_line' id='line_1_2' title="bbox 728 835 4362 932; baseline 0.004 -33"><span class='ocrx_word' id='word_1_7' title='bbox 728 835 1050 901; x_wconf 83' lang='lat' dir='ltr'><strong>citationis</strong></span> <span class='ocrx_word' id='word_1_8' title='bbox 1098 838 1352 923; x_wconf 91' lang='lat' dir='ltr'><strong>publice</strong></span> <span class='ocrx_word' id='word_1_9' title='bbox 1396 839 1815 922; x_wconf 89' lang='lat' dir='ltr'><strong>continentes,</strong></span> <span class='ocrx_word' id='word_1_10' title='bbox 1848 840 2268 925; x_wconf 88' lang='lat' dir='ltr'><strong>Potestatem‚</strong></span> <span class='ocrx_word' id='word_1_11' title='bbox 2304 843 2345 907; x_wconf 88' lang='lat' dir='ltr'>J</span> <span class='ocrx_word' id='word_1_12' title='bbox 2350 841 2589 926; x_wconf 91' lang='lat' dir='ltr'><strong>udices,</strong></span> <span class='ocrx_word' id='word_1_13' title='bbox 2625 843 3073 929; x_wconf 83' lang='lat' dir='ltr'><strong>Capitaneum,</strong></span> <span class='ocrx_word' id='word_1_14' title='bbox 3106 845 3518 930; x_wconf 89' lang='lat' dir='ltr'><strong>Barisellum‚</strong></span> <span class='ocrx_word' id='word_1_15' title='bbox 3554 848 3989 931; x_wconf 83' lang='lat' dir='ltr'><strong>Consiliarios‚</strong></span> <span class='ocrx_word' id='word_1_16' title='bbox 4022 848 4362 932; x_wconf 87' lang='lat' dir='ltr'><strong>Antianos,</strong></span> 
     </span>
     <span class='ocr_line' id='line_1_3' title="bbox 724 941 4365 1042; baseline 0.004 -35"><span class='ocrx_word' id='word_1_17' title='bbox 724 941 1058 1027; x_wconf 89' lang='lat' dir='ltr'><strong>Rectores‚</strong></span> <span class='ocrx_word' id='word_1_18' title='bbox 1095 944 1427 1028; x_wconf 86' lang='lat' dir='ltr'><strong>Consules,</strong></span> <span class='ocrx_word' id='word_1_19' title='bbox 1463 946 1968 1030; x_wconf 89' lang='lat' dir='ltr'><strong>universitatem,</strong></span> <span class='ocrx_word' id='word_1_20' title='bbox 2003 969 2116 1012; x_wconf 91' lang='lat' dir='ltr'><strong>seu</strong></span> <span class='ocrx_word' id='word_1_21' title='bbox 2149 949 2603 1014; x_wconf 80' lang='lat' dir='ltr'><strong>universitates</strong></span> <span class='ocrx_word' id='word_1_22' title='bbox 2637 958 2701 1015; x_wconf 91' lang='lat' dir='ltr'><strong>et</strong></span> <span class='ocrx_word' id='word_1_23' title='bbox 2734 945 3245 1034; x_wconf 79' lang='lat' dir='ltr'><strong>communitateS,</strong></span> <span class='ocrx_word' id='word_1_24' title='bbox 3281 975 3398 1017; x_wconf 90' lang='lat' dir='ltr'><strong>nec</strong></span> <span class='ocrx_word' id='word_1_25' title='bbox 3438 975 3566 1018; x_wconf 92' lang='lat' dir='ltr'><strong>non</strong></span> <span class='ocrx_word' id='word_1_26' title='bbox 3609 957 3980 1042; x_wconf 90' lang='lat' dir='ltr'><strong>episcopum</strong></span> <span class='ocrx_word' id='word_1_27' title='bbox 4033 963 4365 1021; x_wconf 91' lang='lat' dir='ltr'><strong>cenecten-</strong></span> 
     </span>
     <span class='ocr_line' id='line_1_4' title="bbox 728 1051 4365 1145; baseline 0.004 -32"><span class='ocrx_word' id='word_1_28' title='bbox 728 1071 884 1134; x_wconf 88' lang='lat' dir='ltr'><strong>sem,</strong></span> <span class='ocrx_word' id='word_1_29' title='bbox 933 1051 1370 1120; x_wconf 85' lang='lat' dir='ltr'><strong>Alamannum</strong></span> <span class='ocrx_word' id='word_1_30' title='bbox 1417 1052 1496 1117; x_wconf 90' lang='lat' dir='ltr'><strong>de</strong></span> <span class='ocrx_word' id='word_1_31' title='bbox 1545 1053 1765 1140; x_wconf 92' lang='lat' dir='ltr'><strong>Opicis</strong></span> <span class='ocrx_word' id='word_1_32' title='bbox 1813 1054 1892 1118; x_wconf 93' lang='lat' dir='ltr'><strong>de</strong></span> <span class='ocrx_word' id='word_1_33' title='bbox 1940 1054 2120 1119; x_wconf 90' lang='lat' dir='ltr'><strong>Luca</strong></span> <span class='ocrx_word' id='word_1_34' title='bbox 2177 1056 2465 1138; x_wconf 89' lang='lat' dir='ltr'><strong>militem,</strong></span> <span class='ocrx_word' id='word_1_35' title='bbox 2514 1057 2852 1122; x_wconf 88' lang='lat' dir='ltr'><strong>Thadeum</strong></span> <span class='ocrx_word' id='word_1_36' title='bbox 2899 1058 2978 1122; x_wconf 87' lang='lat' dir='ltr'><strong>de</strong></span> <span class='ocrx_word' id='word_1_37' title='bbox 3023 1058 3290 1145; x_wconf 88' lang='lat' dir='ltr'><strong>Pepulis</strong></span> <span class='ocrx_word' id='word_1_38' title='bbox 3338 1059 3556 1145; x_wconf 90' lang='lat' dir='ltr'><strong>legum</strong></span> <span class='ocrx_word' id='word_1_39' title='bbox 3603 1062 3950 1145; x_wconf 90' lang='lat' dir='ltr'><strong>doctorem,</strong></span> <span class='ocrx_word' id='word_1_40' title='bbox 3998 1063 4365 1128; x_wconf 85' lang='lat' dir='ltr'><strong>Johannem</strong></span> 
     </span>
     <span class='ocr_line' id='line_1_5' title="bbox 729 1157 4366 1256; baseline 0.004 -35"><span class='ocrx_word' id='word_1_41' title='bbox 729 1165 793 1222; x_wconf 92' lang='lat' dir='ltr'><strong>et</strong></span> <span class='ocrx_word' id='word_1_42' title='bbox 838 1157 1158 1224; x_wconf 86' lang='lat' dir='ltr'><strong>Jacobum</strong></span> <span class='ocrx_word' id='word_1_43' title='bbox 1206 1161 1348 1245; x_wconf 88' lang='lat' dir='ltr'><strong>ejus</strong></span> <span class='ocrx_word' id='word_1_44' title='bbox 1392 1160 1595 1242; x_wconf 89' lang='lat' dir='ltr'><strong>filios,</strong></span> <span class='ocrx_word' id='word_1_45' title='bbox 1643 1160 2012 1226; x_wconf 85' lang='lat' dir='ltr'><strong>Johannem</strong></span> <span class='ocrx_word' id='word_1_46' title='bbox 2059 1161 2138 1225; x_wconf 89' lang='lat' dir='ltr'><strong>de</strong></span> <span class='ocrx_word' id='word_1_47' title='bbox 2183 1162 2488 1249; x_wconf 87' lang='lat' dir='ltr'><strong>Pepulis,</strong></span> <span class='ocrx_word' id='word_1_48' title='bbox 2536 1164 2806 1228; x_wconf 89' lang='lat' dir='ltr'><strong>fratrem</strong></span> <span class='ocrx_word' id='word_1_49' title='bbox 2866 1165 3022 1230; x_wconf 86' lang='lat' dir='ltr'><strong>dicti</strong></span> <span class='ocrx_word' id='word_1_50' title='bbox 3083 1166 3368 1249; x_wconf 85' lang='lat' dir='ltr'><strong>Thadei,</strong></span> <span class='ocrx_word' id='word_1_51' title='bbox 3419 1167 3732 1233; x_wconf 83' lang='lat' dir='ltr'><strong>Comitem</strong></span> <span class='ocrx_word' id='word_1_52' title='bbox 3777 1170 3857 1233; x_wconf 93' lang='lat' dir='ltr'><strong>de</strong></span> <span class='ocrx_word' id='word_1_53' title='bbox 3903 1169 4170 1256; x_wconf 91' lang='lat' dir='ltr'><strong>Pepulis</strong></span> <span class='ocrx_word' id='word_1_54' title='bbox 4225 1172 4366 1254; x_wconf 90' lang='lat' dir='ltr'><strong>ejus</strong></span> 
     </span>
     <span class='ocr_line' id='line_1_6' title="bbox 725 1265 4364 1363; baseline 0.003 -34"><span class='ocrx_word' id='word_1_55' title='bbox 725 1265 929 1331; x_wconf 89' lang='lat' dir='ltr'><strong>filium</strong></span> <span class='ocrx_word' id='word_1_56' title='bbox 975 1274 1041 1331; x_wconf 92' lang='lat' dir='ltr'><strong>et</strong></span> <span class='ocrx_word' id='word_1_57' title='bbox 1088 1269 1429 1333; x_wconf 88' lang='lat' dir='ltr'><strong>nonnullos</strong></span> <span class='ocrx_word' id='word_1_58' title='bbox 1477 1269 1638 1333; x_wconf 91' lang='lat' dir='ltr'><strong>alios</strong></span> <span class='ocrx_word' id='word_1_59' title='bbox 1672 1269 1737 1331; x_wconf 90' lang='lat' dir='ltr'><strong>in</strong></span> <span class='ocrx_word' id='word_1_60' title='bbox 1779 1268 1964 1333; x_wconf 91' lang='lat' dir='ltr'><strong>dictis</strong></span> <span class='ocrx_word' id='word_1_61' title='bbox 1998 1270 2402 1356; x_wconf 77' lang='lat' dir='ltr'><strong>processibus</strong></span> <span class='ocrx_word' id='word_1_62' title='bbox 2436 1278 2588 1335; x_wconf 90' lang='lat' dir='ltr'><strong>tunc</strong></span> <span class='ocrx_word' id='word_1_63' title='bbox 2619 1292 2981 1358; x_wconf 84' lang='lat' dir='ltr'><strong>expressos,</strong></span> <span class='ocrx_word' id='word_1_64' title='bbox 3014 1281 3313 1359; x_wconf 86' lang='lat' dir='ltr'><strong>presente</strong></span> <span class='ocrx_word' id='word_1_65' title='bbox 3346 1276 3755 1340; x_wconf 88' lang='lat' dir='ltr'><strong>multitudine</strong></span> <span class='ocrx_word' id='word_1_66' title='bbox 3788 1278 4048 1363; x_wconf 90' lang='lat' dir='ltr'><strong>copiosa</strong></span> <span class='ocrx_word' id='word_1_67' title='bbox 4077 1277 4364 1341; x_wconf 86' lang='lat' dir='ltr'><strong>fidelium</strong></span> 
     </span>
     <span class='ocr_line' id='line_1_7' title="bbox 728 1375 4362 1465; baseline 0.003 -28"><span class='ocrx_word' id='word_1_68' title='bbox 728 1375 795 1438; x_wconf 92' lang='lat' dir='ltr'><strong>in</strong></span> <span class='ocrx_word' id='word_1_69' title='bbox 843 1376 1195 1460; x_wconf 89' lang='lat' dir='ltr'><strong>apostolico</strong></span> <span class='ocrx_word' id='word_1_70' title='bbox 1242 1377 1485 1462; x_wconf 87' lang='lat' dir='ltr'><strong>palatio</strong></span> <span class='ocrx_word' id='word_1_71' title='bbox 1530 1384 1750 1441; x_wconf 87' lang='lat' dir='ltr'><strong>nostro</strong></span> <span class='ocrx_word' id='word_1_72' title='bbox 1800 1377 2202 1441; x_wconf 81' lang='lat' dir='ltr'><strong>avinionensi</strong></span> <span class='ocrx_word' id='word_1_73' title='bbox 2256 1378 2629 1460; x_wconf 82' lang='lat' dir='ltr'><strong>citavimus,</strong></span> <span class='ocrx_word' id='word_1_74' title='bbox 2679 1387 2749 1443; x_wconf 97' lang='grc' dir='ltr'><strong>ιιι</strong></span> <span class='ocrx_word' id='word_1_75' title='bbox 2811 1379 2980 1444; x_wconf 86' lang='lat' dir='ltr'><strong>infra</strong></span> <span class='ocrx_word' id='word_1_76' title='bbox 3043 1381 3236 1444; x_wconf 91' lang='lat' dir='ltr'><strong>trium</strong></span> <span class='ocrx_word' id='word_1_77' title='bbox 3297 1383 3633 1465; x_wconf 90' lang='lat' dir='ltr'><strong>mensium,</strong></span> <span class='ocrx_word' id='word_1_78' title='bbox 3682 1385 4226 1449; x_wconf 89' lang='lat' dir='ltr'><strong>numerandorum</strong></span> <span class='ocrx_word' id='word_1_79' title='bbox 4280 1406 4362 1449; x_wconf 86' lang='lat' dir='ltr'><strong>ex</strong></span> 
     </span>
     <span class='ocr_line' id='line_1_8' title="bbox 726 1484 4363 1577; baseline 0.002 -32"><span class='ocrx_word' id='word_1_80' title='bbox 726 1489 899 1564; x_wconf 90' lang='lat' dir='ltr'><strong>tunc,</strong></span> <span class='ocrx_word' id='word_1_81' title='bbox 934 1484 1234 1569; x_wconf 91' lang='lat' dir='ltr'><strong>spatium,</strong></span> <span class='ocrx_word' id='word_1_82' title='bbox 1270 1484 1439 1569; x_wconf 92' lang='lat' dir='ltr'><strong>quod</strong></span> <span class='ocrx_word' id='word_1_83' title='bbox 1482 1485 1574 1548; x_wconf 91' lang='lat' dir='ltr'><strong>eis</strong></span> <span class='ocrx_word' id='word_1_84' title='bbox 1624 1506 1739 1570; x_wconf 92' lang='lat' dir='ltr'><strong>pro</strong></span> <span class='ocrx_word' id='word_1_85' title='bbox 1784 1484 2215 1570; x_wconf 91' lang='lat' dir='ltr'><strong>peremptorio</strong></span> <span class='ocrx_word' id='word_1_86' title='bbox 2264 1485 2537 1549; x_wconf 90' lang='lat' dir='ltr'><strong>termino</strong></span> <span class='ocrx_word' id='word_1_87' title='bbox 2585 1486 2887 1550; x_wconf 82' lang='lat' dir='ltr'><strong>duximus</strong></span> <span class='ocrx_word' id='word_1_88' title='bbox 2935 1487 3416 1573; x_wconf 90' lang='lat' dir='ltr'><strong>assignandum,</strong></span> <span class='ocrx_word' id='word_1_89' title='bbox 3460 1489 3875 1563; x_wconf 74' lang='lat' dir='ltr'><strong>ad,nostram</strong></span> <span class='ocrx_word' id='word_1_90' title='bbox 3922 1513 4114 1577; x_wconf 91' lang='lat' dir='ltr'><strong>super</strong></span> <span class='ocrx_word' id='word_1_91' title='bbox 4162 1492 4363 1556; x_wconf 91' lang='lat' dir='ltr'><strong>omni·</strong></span> 
     </span>
     <span class='ocr_line' id='line_1_9' title="bbox 725 1589 4362 1679; baseline 0.002 -26"><span class='ocrx_word' id='word_1_92' title='bbox 725 1589 846 1653; x_wconf 90' lang='lat' dir='ltr'><strong>bus</strong></span> <span class='ocrx_word' id='word_1_93' title='bbox 895 1598 959 1654; x_wconf 94' lang='lat' dir='ltr'><strong>et</strong></span> <span class='ocrx_word' id='word_1_94' title='bbox 1005 1590 1276 1675; x_wconf 88' lang='lat' dir='ltr'><strong>singulis</strong></span> <span class='ocrx_word' id='word_1_95' title='bbox 1322 1591 1692 1655; x_wconf 83' lang='lat' dir='ltr'><strong>excessibus</strong></span> <span class='ocrx_word' id='word_1_96' title='bbox 1739 1590 2162 1677; x_wconf 89' lang='lat' dir='ltr'><strong>supradictis,</strong></span> <span class='ocrx_word' id='word_1_97' title='bbox 2211 1612 2330 1656; x_wconf 90' lang='lat' dir='ltr'><strong>nec</strong></span> <span class='ocrx_word' id='word_1_98' title='bbox 2399 1614 2525 1657; x_wconf 92' lang='lat' dir='ltr'><strong>non</strong></span> <span class='ocrx_word' id='word_1_99' title='bbox 2588 1593 2840 1657; x_wconf 91' lang='lat' dir='ltr'><strong>damnis</strong></span> <span class='ocrx_word' id='word_1_100' title='bbox 2907 1601 2971 1657; x_wconf 90' lang='lat' dir='ltr'><strong>et</strong></span> <span class='ocrx_word' id='word_1_101' title='bbox 3020 1595 3276 1679; x_wconf 91' lang='lat' dir='ltr'><strong>injurijs</strong></span> <span class='ocrx_word' id='word_1_102' title='bbox 3323 1596 3566 1661; x_wconf 89' lang='lat' dir='ltr'><strong>eisdem</strong></span> <span class='ocrx_word' id='word_1_103' title='bbox 3620 1619 3884 1661; x_wconf 89' lang='lat' dir='ltr'><strong>romane</strong></span> <span class='ocrx_word' id='word_1_104' title='bbox 3944 1598 4234 1663; x_wconf 89' lang='lat' dir='ltr'><strong>Ecclesie</strong></span> <span class='ocrx_word' id='word_1_105' title='bbox 4297 1606 4362 1663; x_wconf 92' lang='lat' dir='ltr'><strong>et</strong></span> 
     </span>
     <span class='ocr_line' id='line_1_10' title="bbox 725 1697 4363 1791; baseline 0.002 -30"><span class='ocrx_word' id='word_1_106' title='bbox 725 1697 977 1782; x_wconf 88' lang='lat' dir='ltr'><strong>Legato</strong></span> <span class='ocrx_word' id='word_1_107' title='bbox 1034 1706 1098 1761; x_wconf 90' lang='lat' dir='ltr'><strong>et</strong></span> <span class='ocrx_word' id='word_1_108' title='bbox 1143 1698 1443 1782; x_wconf 89' lang='lat' dir='ltr'><strong>gentibus</strong></span> <span class='ocrx_word' id='word_1_109' title='bbox 1490 1698 1622 1761; x_wconf 91' lang='lat' dir='ltr'><strong>suis</strong></span> <span class='ocrx_word' id='word_1_110' title='bbox 1670 1698 1992 1783; x_wconf 85' lang='lat' dir='ltr'><strong>irrogatis,</strong></span> <span class='ocrx_word' id='word_1_111' title='bbox 2028 1708 2092 1763; x_wconf 91' lang='lat' dir='ltr'><strong>et</strong></span> <span class='ocrx_word' id='word_1_112' title='bbox 2139 1699 2454 1763; x_wconf 89' lang='lat' dir='ltr'><strong>fructibus</strong></span> <span class='ocrx_word' id='word_1_113' title='bbox 2500 1707 2565 1764; x_wconf 92' lang='lat' dir='ltr'><strong>et</strong></span> <span class='ocrx_word' id='word_1_114' title='bbox 2611 1702 3031 1786; x_wconf 86' lang='lat' dir='ltr'><strong>proventibus</strong></span> <span class='ocrx_word' id='word_1_115' title='bbox 3078 1702 3288 1767; x_wconf 89' lang='lat' dir='ltr'><strong>medio</strong></span> <span class='ocrx_word' id='word_1_116' title='bbox 3322 1709 3609 1790; x_wconf 89' lang='lat' dir='ltr'><strong>tempore</strong></span> <span class='ocrx_word' id='word_1_117' title='bbox 3644 1705 3963 1791; x_wconf 87' lang='lat' dir='ltr'><strong>perceptis</strong></span> <span class='ocrx_word' id='word_1_118' title='bbox 3994 1727 4110 1791; x_wconf 91' lang='lat' dir='ltr'><strong>per</strong></span> <span class='ocrx_word' id='word_1_119' title='bbox 4142 1726 4251 1769; x_wconf 89' lang='lat' dir='ltr'><strong>eos</strong></span> <span class='ocrx_word' id='word_1_120' title='bbox 4284 1705 4363 1769; x_wconf 91' lang='lat' dir='ltr'><strong>dc</strong></span> 
     </span>
     <span class='ocr_line' id='line_1_11' title="bbox 727 1804 4365 1897; baseline 0.002 -29"><span class='ocrx_word' id='word_1_121' title='bbox 727 1806 989 1869; x_wconf 90' lang='lat' dir='ltr'><strong>civitate</strong></span> <span class='ocrx_word' id='word_1_122' title='bbox 1035 1804 1437 1887; x_wconf 88' lang='lat' dir='ltr'><strong>bononiensi,</strong></span> <span class='ocrx_word' id='word_1_123' title='bbox 1473 1805 1801 1888; x_wconf 89' lang='lat' dir='ltr'><strong>comitatu,</strong></span> <span class='ocrx_word' id='word_1_124' title='bbox 1843 1806 2162 1871; x_wconf 88' lang='lat' dir='ltr'><strong>territorio</strong></span> <span class='ocrx_word' id='word_1_125' title='bbox 2213 1815 2276 1872; x_wconf 87' lang='lat' dir='ltr'><strong>et</strong></span> <span class='ocrx_word' id='word_1_126' title='bbox 2323 1807 2615 1872; x_wconf 90' lang='lat' dir='ltr'><strong>districtu</strong></span> <span class='ocrx_word' id='word_1_127' title='bbox 2662 1808 2988 1894; x_wconf 87' lang='lat' dir='ltr'><strong>predictis,</strong></span> <span class='ocrx_word' id='word_1_128' title='bbox 3037 1811 3423 1874; x_wconf 87' lang='lat' dir='ltr'><strong>sententiam</strong></span> <span class='ocrx_word' id='word_1_129' title='bbox 3455 1818 3519 1875; x_wconf 90' lang='lat' dir='ltr'><strong>et</strong></span> <span class='ocrx_word' id='word_1_130' title='bbox 3548 1819 3800 1876; x_wconf 90' lang='lat' dir='ltr'><strong>nostros</strong></span> <span class='ocrx_word' id='word_1_131' title='bbox 3834 1833 4170 1897; x_wconf 80' lang='lat' dir='ltr'><strong>processus</strong></span> <span class='ocrx_word' id='word_1_132' title='bbox 4203 1813 4365 1877; x_wconf 90' lang='lat' dir='ltr'><strong>alios</strong></span> 
     </span>
     <span class='ocr_line' id='line_1_12' title="bbox 726 1912 4363 2003; baseline 0.002 -27"><span class='ocrx_word' id='word_1_133' title='bbox 726 1912 1080 1976; x_wconf 86' lang='lat' dir='ltr'><strong>audiendos</strong></span> <span class='ocrx_word' id='word_1_134' title='bbox 1129 1913 1557 1999; x_wconf 82' lang='lat' dir='ltr'><strong>prenominati</strong></span> <span class='ocrx_word' id='word_1_135' title='bbox 1604 1934 1825 1978; x_wconf 86' lang='lat' dir='ltr'><strong>omnes</strong></span> <span class='ocrx_word' id='word_1_136' title='bbox 1871 1919 1936 1977; x_wconf 90' lang='lat' dir='ltr'><strong>et</strong></span> <span class='ocrx_word' id='word_1_137' title='bbox 1981 1915 2223 1999; x_wconf 86' lang='lat' dir='ltr'><strong>singuli</strong></span> <span class='ocrx_word' id='word_1_138' title='bbox 2267 1915 2714 2000; x_wconf 88' lang='lat' dir='ltr'><strong>personaliter,</strong></span> <span class='ocrx_word' id='word_1_139' title='bbox 2766 1916 3153 1980; x_wconf 88' lang='lat' dir='ltr'><strong>universitas</strong></span> <span class='ocrx_word' id='word_1_140' title='bbox 3201 1939 3354 1981; x_wconf 82' lang='lat' dir='ltr'><strong>vero</strong></span> <span class='ocrx_word' id='word_1_141' title='bbox 3404 1924 3468 1982; x_wconf 94' lang='lat' dir='ltr'><strong>et</strong></span> <span class='ocrx_word' id='word_1_142' title='bbox 3513 1920 3878 1982; x_wconf 89' lang='lat' dir='ltr'><strong>communia</strong></span> <span class='ocrx_word' id='word_1_143' title='bbox 3924 1920 4224 2003; x_wconf 87' lang='lat' dir='ltr'><strong>civitatis,</strong></span> <span class='ocrx_word' id='word_1_144' title='bbox 4259 1941 4363 1984; x_wconf 94' lang='lat' dir='ltr'><strong>co-</strong></span> 
     </span>
     <span class='ocr_line' id='line_1_13' title="bbox 726 2020 4365 2113; baseline 0.002 -29"><span class='ocrx_word' id='word_1_145' title='bbox 726 2020 988 2084; x_wconf 89' lang='lat' dir='ltr'><strong>mitatus</strong></span> <span class='ocrx_word' id='word_1_146' title='bbox 1038 2028 1102 2085; x_wconf 91' lang='lat' dir='ltr'><strong>et</strong></span> <span class='ocrx_word' id='word_1_147' title='bbox 1147 2020 1473 2084; x_wconf 86' lang='lat' dir='ltr'><strong>districtus</strong></span> <span class='ocrx_word' id='word_1_148' title='bbox 1518 2020 1951 2106; x_wconf 88' lang='lat' dir='ltr'><strong>predictorum</strong></span> <span class='ocrx_word' id='word_1_149' title='bbox 2000 2043 2115 2107; x_wconf 94' lang='lat' dir='ltr'><strong>per</strong></span> <span class='ocrx_word' id='word_1_150' title='bbox 2161 2022 2518 2106; x_wconf 88' lang='lat' dir='ltr'><strong>legitimum</strong></span> <span class='ocrx_word' id='word_1_151' title='bbox 2566 2022 2883 2086; x_wconf 90' lang='lat' dir='ltr'><strong>sindicum</strong></span> <span class='ocrx_word' id='word_1_152' title='bbox 2931 2044 3044 2086; x_wconf 90' lang='lat' dir='ltr'><strong>seu</strong></span> <span class='ocrx_word' id='word_1_153' title='bbox 3092 2039 3573 2109; x_wconf 86' lang='lat' dir='ltr'><strong>procuratorem</strong></span> <span class='ocrx_word' id='word_1_154' title='bbox 3618 2047 3862 2108; x_wconf 90' lang='lat' dir='ltr'><strong>eorum,</strong></span> <span class='ocrx_word' id='word_1_155' title='bbox 3919 2034 4365 2113; x_wconf 84' lang='lat' dir='ltr'><strong>comparerent</strong></span> 
     </span>
     <span class='ocr_line' id='line_1_14' title="bbox 726 2127 4362 2219; baseline 0.001 -27"><span class='ocrx_word' id='word_1_156' title='bbox 726 2149 944 2192; x_wconf 91' lang='lat' dir='ltr'><strong>coram</strong></span> <span class='ocrx_word' id='word_1_157' title='bbox 986 2128 1170 2191; x_wconf 91' lang='lat' dir='ltr'><strong>nobis</strong></span> <span class='ocrx_word' id='word_1_158' title='bbox 1203 2135 1269 2191; x_wconf 88' lang='lat' dir='ltr'><strong>et</strong></span> <span class='ocrx_word' id='word_1_159' title='bbox 1310 2127 1475 2191; x_wconf 83' lang='lat' dir='ltr'><strong>Sede</strong></span> <span class='ocrx_word' id='word_1_160' title='bbox 1508 2128 1817 2213; x_wconf 90' lang='lat' dir='ltr'><strong>predicta,</strong></span> <span class='ocrx_word' id='word_1_161' title='bbox 1852 2128 2173 2214; x_wconf 88' lang='lat' dir='ltr'><strong>recepturi</strong></span> <span class='ocrx_word' id='word_1_162' title='bbox 2204 2150 2322 2214; x_wconf 90' lang='lat' dir='ltr'><strong>pro</strong></span> <span class='ocrx_word' id='word_1_163' title='bbox 2354 2129 2600 2192; x_wconf 85' lang='lat' dir='ltr'><strong>meritis</strong></span> <span class='ocrx_word' id='word_1_164' title='bbox 2633 2137 2697 2193; x_wconf 91' lang='lat' dir='ltr'><strong>et</strong></span> <span class='ocrx_word' id='word_1_165' title='bbox 2730 2130 2962 2194; x_wconf 90' lang='lat' dir='ltr'><strong>nostris</strong></span> <span class='ocrx_word' id='word_1_166' title='bbox 2995 2131 3242 2215; x_wconf 88' lang='lat' dir='ltr'><strong>precise</strong></span> <span class='ocrx_word' id='word_1_167' title='bbox 3274 2131 3695 2218; x_wconf 87' lang='lat' dir='ltr'><strong>beneplacitis</strong></span> <span class='ocrx_word' id='word_1_168' title='bbox 3727 2134 4019 2219; x_wconf 89' lang='lat' dir='ltr'><strong>parituri,</strong></span> <span class='ocrx_word' id='word_1_169' title='bbox 4055 2134 4362 2219; x_wconf 89' lang='lat' dir='ltr'><strong>alioquin,</strong></span> 
     </span>
     <span class='ocr_line' id='line_1_15' title="bbox 726 2235 4365 2325; baseline 0.002 -26"><span class='ocrx_word' id='word_1_170' title='bbox 726 2235 862 2299; x_wconf 91' lang='lat' dir='ltr'><strong>sive</strong></span> <span class='ocrx_word' id='word_1_171' title='bbox 910 2235 1225 2317; x_wconf 92' lang='lat' dir='ltr'><strong>venirent,</strong></span> <span class='ocrx_word' id='word_1_172' title='bbox 1273 2235 1408 2298; x_wconf 89' lang='lat' dir='ltr'><strong>sive</strong></span> <span class='ocrx_word' id='word_1_173' title='bbox 1456 2257 1605 2318; x_wconf 92' lang='lat' dir='ltr'><strong>non,</strong></span> <span class='ocrx_word' id='word_1_174' title='bbox 1654 2235 2068 2299; x_wconf 89' lang='lat' dir='ltr'><strong>nihilominus</strong></span> <span class='ocrx_word' id='word_1_175' title='bbox 2116 2236 2608 2322; x_wconf 88' lang='lat' dir='ltr'><strong>procederemus</strong></span> <span class='ocrx_word' id='word_1_176' title='bbox 2658 2235 2740 2299; x_wconf 96' lang='lat' dir='ltr'><strong>ad</strong></span> <span class='ocrx_word' id='word_1_177' title='bbox 2786 2238 3101 2322; x_wconf 89' lang='lat' dir='ltr'><strong>premissa</strong></span> <span class='ocrx_word' id='word_1_178' title='bbox 3160 2246 3352 2323; x_wconf 90' lang='lat' dir='ltr'><strong>prout</strong></span> <span class='ocrx_word' id='word_1_179' title='bbox 3407 2239 3758 2325; x_wconf 81' lang='lat' dir='ltr'><strong>expediens</strong></span> <span class='ocrx_word' id='word_1_180' title='bbox 3805 2239 4188 2304; x_wconf 88' lang='lat' dir='ltr'><strong>videremus.</strong></span> <span class='ocrx_word' id='word_1_181' title='bbox 4235 2241 4365 2305; x_wconf 86' lang='lat' dir='ltr'><strong>Per</strong></span> 
     </span>
     <span class='ocr_line' id='line_1_16' title="bbox 726 2342 4362 2429; baseline 0.002 -23"><span class='ocrx_word' id='word_1_182' title='bbox 726 2343 845 2406; x_wconf 90' lang='lat' dir='ltr'><strong>hec</strong></span> <span class='ocrx_word' id='word_1_183' title='bbox 892 2350 1140 2425; x_wconf 91' lang='lat' dir='ltr'><strong>autem,</strong></span> <span class='ocrx_word' id='word_1_184' title='bbox 1191 2342 1362 2428; x_wconf 89' lang='lat' dir='ltr'><strong>quod</strong></span> <span class='ocrx_word' id='word_1_185' title='bbox 1407 2343 1526 2407; x_wconf 89' lang='lat' dir='ltr'><strong>sub</strong></span> <span class='ocrx_word' id='word_1_186' title='bbox 1574 2343 1761 2406; x_wconf 89' lang='lat' dir='ltr'><strong>titulo</strong></span> <span class='ocrx_word' id='word_1_187' title='bbox 1808 2343 2088 2406; x_wconf 90' lang='lat' dir='ltr'><strong>civitatis</strong></span> <span class='ocrx_word' id='word_1_188' title='bbox 2150 2343 2254 2406; x_wconf 90' lang='lat' dir='ltr'><strong>vel</strong></span> <span class='ocrx_word' id='word_1_189' title='bbox 2314 2343 2753 2419; x_wconf 88' lang='lat' dir='ltr'><strong>universitatis</strong></span> <span class='ocrx_word' id='word_1_190' title='bbox 2799 2344 3198 2427; x_wconf 89' lang='lat' dir='ltr'><strong>Bononiam,</strong></span> <span class='ocrx_word' id='word_1_191' title='bbox 3248 2346 3351 2408; x_wconf 90' lang='lat' dir='ltr'><strong>vel</strong></span> <span class='ocrx_word' id='word_1_192' title='bbox 3400 2346 3542 2429; x_wconf 91' lang='lat' dir='ltr'><strong>ejus</strong></span> <span class='ocrx_word' id='word_1_193' title='bbox 3591 2347 3834 2411; x_wconf 90' lang='lat' dir='ltr'><strong>incolas</strong></span> <span class='ocrx_word' id='word_1_194' title='bbox 3880 2347 3999 2411; x_wconf 91' lang='lat' dir='ltr'><strong>sub</strong></span> <span class='ocrx_word' id='word_1_195' title='bbox 4049 2348 4362 2412; x_wconf 88' lang='lat' dir='ltr'><strong>universi-</strong></span> 
     </span>
     <span class='ocr_line' id='line_1_17' title="bbox 725 2450 4362 2541; baseline 0.002 -28"><span class='ocrx_word' id='word_1_196' title='bbox 725 2451 876 2514; x_wconf 87' lang='lat' dir='ltr'><strong>tatis</strong></span> <span class='ocrx_word' id='word_1_197' title='bbox 924 2450 1182 2514; x_wconf 90' lang='lat' dir='ltr'><strong>nomine</strong></span> <span class='ocrx_word' id='word_1_198' title='bbox 1228 2470 1344 2535; x_wconf 91' lang='lat' dir='ltr'><strong>per</strong></span> <span class='ocrx_word' id='word_1_199' title='bbox 1392 2471 1727 2535; x_wconf 85' lang='lat' dir='ltr'><strong>processus</strong></span> <span class='ocrx_word' id='word_1_200' title='bbox 1776 2456 2027 2513; x_wconf 87' lang='lat' dir='ltr'><strong>nostros</strong></span> <span class='ocrx_word' id='word_1_201' title='bbox 2074 2457 2226 2513; x_wconf 89' lang='lat' dir='ltr'><strong>tunc</strong></span> <span class='ocrx_word' id='word_1_202' title='bbox 2259 2450 2513 2515; x_wconf 90' lang='lat' dir='ltr'><strong>habitos</strong></span> <span class='ocrx_word' id='word_1_203' title='bbox 2547 2452 3080 2536; x_wconf 82' lang='lat' dir='ltr'><strong>nuncupavimus,</strong></span> <span class='ocrx_word' id='word_1_204' title='bbox 3115 2451 3281 2515; x_wconf 90' lang='lat' dir='ltr'><strong>sicut</strong></span> <span class='ocrx_word' id='word_1_205' title='bbox 3313 2452 3549 2517; x_wconf 87' lang='lat' dir='ltr'><strong>fuimus</strong></span> <span class='ocrx_word' id='word_1_206' title='bbox 3584 2454 3646 2517; x_wconf 92' lang='lat' dir='ltr'><strong>in</strong></span> <span class='ocrx_word' id='word_1_207' title='bbox 3681 2454 3922 2518; x_wconf 87' lang='lat' dir='ltr'><strong>eisdem</strong></span> <span class='ocrx_word' id='word_1_208' title='bbox 3958 2455 4362 2541; x_wconf 84' lang='lat' dir='ltr'><strong>processibus</strong></span> 
     </span>
     <span class='ocr_line' id='line_1_18' title="bbox 725 2556 4361 2645; baseline 0.001 -25"><span class='ocrx_word' id='word_1_209' title='bbox 725 2558 1084 2643; x_wconf 89' lang='lat' dir='ltr'><strong>protestati,</strong></span> <span class='ocrx_word' id='word_1_210' title='bbox 1134 2579 1257 2621; x_wconf 88' lang='lat' dir='ltr'><strong>non</strong></span> <span class='ocrx_word' id='word_1_211' title='bbox 1310 2556 1800 2621; x_wconf 86' lang='lat' dir='ltr'><strong>intendebamus</strong></span> <span class='ocrx_word' id='word_1_212' title='bbox 1849 2557 1940 2620; x_wconf 91' lang='lat' dir='ltr'><strong>eis</strong></span> <span class='ocrx_word' id='word_1_213' title='bbox 1989 2557 2252 2643; x_wconf 88' lang='lat' dir='ltr'><strong>aliquod</strong></span> <span class='ocrx_word' id='word_1_214' title='bbox 2299 2579 2535 2621; x_wconf 90' lang='lat' dir='ltr'><strong>novum</strong></span> <span class='ocrx_word' id='word_1_215' title='bbox 2578 2559 2686 2641; x_wconf 87' lang='lat' dir='ltr'><strong>jus</strong></span> <span class='ocrx_word' id='word_1_216' title='bbox 2735 2559 3018 2621; x_wconf 89' lang='lat' dir='ltr'><strong>tribuere</strong></span> <span class='ocrx_word' id='word_1_217' title='bbox 3068 2559 3168 2621; x_wconf 88' lang='lat' dir='ltr'><strong>vel</strong></span> <span class='ocrx_word' id='word_1_218' title='bbox 3217 2581 3418 2645; x_wconf 90' lang='lat' dir='ltr'><strong>penas</strong></span> <span class='ocrx_word' id='word_1_219' title='bbox 3466 2560 3778 2642; x_wconf 87' lang='lat' dir='ltr'><strong>adimere,</strong></span> <span class='ocrx_word' id='word_1_220' title='bbox 3815 2583 3974 2645; x_wconf 88' lang='lat' dir='ltr'><strong>quas</strong></span> <span class='ocrx_word' id='word_1_221' title='bbox 4021 2563 4361 2626; x_wconf 90' lang='lat' dir='ltr'><strong>incurrisse</strong></span> 
     </span>
     <span class='ocr_line' id='line_1_19' title="bbox 725 2663 4362 2754; baseline 0.001 -27"><span class='ocrx_word' id='word_1_222' title='bbox 725 2671 988 2751; x_wconf 91' lang='lat' dir='ltr'><strong>propter</strong></span> <span class='ocrx_word' id='word_1_223' title='bbox 1031 2663 1318 2751; x_wconf 86' lang='lat' dir='ltr'><strong>prefatos</strong></span> <span class='ocrx_word' id='word_1_224' title='bbox 1366 2684 1673 2728; x_wconf 84' lang='lat' dir='ltr'><strong>excessus</strong></span> <span class='ocrx_word' id='word_1_225' title='bbox 1721 2664 1947 2727; x_wconf 89' lang='lat' dir='ltr'><strong>merito</strong></span> <span class='ocrx_word' id='word_1_226' title='bbox 1996 2664 2447 2745; x_wconf 89' lang='lat' dir='ltr'><strong>noscebantur,</strong></span> <span class='ocrx_word' id='word_1_227' title='bbox 2480 2672 2673 2749; x_wconf 90' lang='lat' dir='ltr'><strong>prout</strong></span> <span class='ocrx_word' id='word_1_228' title='bbox 2719 2665 3032 2750; x_wconf 87' lang='lat' dir='ltr'><strong>premissa</strong></span> <span class='ocrx_word' id='word_1_229' title='bbox 3080 2666 3295 2729; x_wconf 90' lang='lat' dir='ltr'><strong>omnia</strong></span> <span class='ocrx_word' id='word_1_230' title='bbox 3340 2673 3404 2729; x_wconf 91' lang='lat' dir='ltr'><strong>et</strong></span> <span class='ocrx_word' id='word_1_231' title='bbox 3445 2667 3703 2751; x_wconf 88' lang='lat' dir='ltr'><strong>singula</strong></span> <span class='ocrx_word' id='word_1_232' title='bbox 3735 2668 3799 2730; x_wconf 92' lang='lat' dir='ltr'><strong>in</strong></span> <span class='ocrx_word' id='word_1_233' title='bbox 3833 2668 4076 2731; x_wconf 87' lang='lat' dir='ltr'><strong>eisdem</strong></span> <span class='ocrx_word' id='word_1_234' title='bbox 4108 2690 4362 2754; x_wconf 90' lang='lat' dir='ltr'><strong>proces-</strong></span> 
     </span>
     <span class='ocr_line' id='line_1_20' title="bbox 722 2771 4364 2858; baseline 0.001 -23"><span class='ocrx_word' id='word_1_235' title='bbox 722 2773 900 2837; x_wconf 89' lang='lat' dir='ltr'><strong>sibus</strong></span> <span class='ocrx_word' id='word_1_236' title='bbox 944 2772 1198 2858; x_wconf 90' lang='lat' dir='ltr'><strong>plenius</strong></span> <span class='ocrx_word' id='word_1_237' title='bbox 1239 2779 1303 2835; x_wconf 88' lang='lat' dir='ltr'><strong>et</strong></span> <span class='ocrx_word' id='word_1_238' title='bbox 1335 2771 1639 2836; x_wconf 90' lang='lat' dir='ltr'><strong>seriosius</strong></span> <span class='ocrx_word' id='word_1_239' title='bbox 1684 2771 2110 2835; x_wconf 88' lang='lat' dir='ltr'><strong>continentur.</strong></span> <span class='ocrx_word' id='word_1_240' title='bbox 2144 2771 2232 2834; x_wconf 91' lang='lat' dir='ltr'><strong>Et</strong></span> <span class='ocrx_word' id='word_1_241' title='bbox 2277 2778 2347 2834; x_wconf 87' lang='lat' dir='ltr'><strong>ut</strong></span> <span class='ocrx_word' id='word_1_242' title='bbox 2394 2778 2618 2835; x_wconf 89' lang='lat' dir='ltr'><strong>contra</strong></span> <span class='ocrx_word' id='word_1_243' title='bbox 2664 2793 3003 2857; x_wconf 88' lang='lat' dir='ltr'><strong>processus</strong></span> <span class='ocrx_word' id='word_1_244' title='bbox 3035 2771 3403 2856; x_wconf 87' lang='lat' dir='ltr'><strong>hujusmodi</strong></span> <span class='ocrx_word' id='word_1_245' title='bbox 3438 2775 3642 2837; x_wconf 88' lang='lat' dir='ltr'><strong>omnis</strong></span> <span class='ocrx_word' id='word_1_246' title='bbox 3676 2775 3994 2838; x_wconf 89' lang='lat' dir='ltr'><strong>calumnie</strong></span> <span class='ocrx_word' id='word_1_247' title='bbox 4030 2776 4364 2840; x_wconf 90' lang='lat' dir='ltr'><strong>tolleretur</strong></span> 
     </span>
     <span class='ocr_line' id='line_1_21' title="bbox 721 2866 4361 2967; baseline 0.001 -23"><span class='ocrx_word' id='word_1_248' title='bbox 721 2880 1009 2962; x_wconf 90' lang='lat' dir='ltr'><strong>occasio,</strong></span> <span class='ocrx_word' id='word_1_249' title='bbox 1056 2886 1352 2965; x_wconf 88' lang='lat' dir='ltr'><strong>patentes</strong></span> <span class='ocrx_word' id='word_1_250' title='bbox 1400 2879 1651 2960; x_wconf 87' lang='lat' dir='ltr'><strong>literas,</strong></span> <span class='ocrx_word' id='word_1_251' title='bbox 1709 2884 1929 2941; x_wconf 89' lang='lat' dir='ltr'><strong>nostra</strong></span> <span class='ocrx_word' id='word_1_252' title='bbox 1975 2879 2155 2943; x_wconf 90' lang='lat' dir='ltr'><strong>bulla</strong></span> <span class='ocrx_word' id='word_1_253' title='bbox 2202 2879 2502 2961; x_wconf 77' lang='lat' dir='ltr'><strong>munitaS,</strong></span> <span class='ocrx_word' id='word_1_254' title='bbox 2550 2866 2889 2964; x_wconf 83' lang='lat' dir='ltr'><strong>processus</strong></span> <span class='ocrx_word' id='word_1_255' title='bbox 2938 2880 3337 2943; x_wconf 89' lang='lat' dir='ltr'><strong>continentes</strong></span> <span class='ocrx_word' id='word_1_256' title='bbox 3384 2881 3642 2944; x_wconf 89' lang='lat' dir='ltr'><strong>eosdem</strong></span> <span class='ocrx_word' id='word_1_257' title='bbox 3693 2882 3756 2944; x_wconf 92' lang='lat' dir='ltr'><strong>in</strong></span> <span class='ocrx_word' id='word_1_258' title='bbox 3803 2883 4066 2967; x_wconf 87' lang='lat' dir='ltr'><strong>majoris</strong></span> <span class='ocrx_word' id='word_1_259' title='bbox 4115 2883 4361 2947; x_wconf 91' lang='lat' dir='ltr'><strong>avinio-</strong></span> 
     </span>
     <span class='ocr_line' id='line_1_22' title="bbox 719 2984 4360 3075; baseline 0.001 -24"><span class='ocrx_word' id='word_1_260' title='bbox 719 2987 936 3051; x_wconf 88' lang='lat' dir='ltr'><strong>nensis</strong></span> <span class='ocrx_word' id='word_1_261' title='bbox 968 2986 1257 3051; x_wconf 89' lang='lat' dir='ltr'><strong>Ecclesie</strong></span> <span class='ocrx_word' id='word_1_262' title='bbox 1301 2984 1580 3072; x_wconf 85' lang='lat' dir='ltr'><strong>appendi</strong></span> <span class='ocrx_word' id='word_1_263' title='bbox 1629 3006 1744 3049; x_wconf 91' lang='lat' dir='ltr'><strong>seu</strong></span> <span class='ocrx_word' id='word_1_264' title='bbox 1794 2985 1970 3070; x_wconf 82' lang='lat' dir='ltr'><strong>affigi</strong></span> <span class='ocrx_word' id='word_1_265' title='bbox 2018 2985 2243 3050; x_wconf 91' lang='lat' dir='ltr'><strong>hostiis</strong></span> <span class='ocrx_word' id='word_1_266' title='bbox 2292 2985 2597 3067; x_wconf 72' lang='lat' dir='ltr'><strong>fecimus,</strong></span> <span class='ocrx_word' id='word_1_267' title='bbox 2632 3008 2756 3071; x_wconf 89' lang='lat' dir='ltr'><strong>que</strong></span> <span class='ocrx_word' id='word_1_268' title='bbox 2790 3007 3127 3072; x_wconf 90' lang='lat' dir='ltr'><strong>processus</strong></span> <span class='ocrx_word' id='word_1_269' title='bbox 3175 2988 3346 3072; x_wconf 90' lang='lat' dir='ltr'><strong>ipsos</strong></span> <span class='ocrx_word' id='word_1_270' title='bbox 3394 3009 3509 3052; x_wconf 91' lang='lat' dir='ltr'><strong>suo</strong></span> <span class='ocrx_word' id='word_1_271' title='bbox 3558 2989 3743 3073; x_wconf 89' lang='lat' dir='ltr'><strong>quasi</strong></span> <span class='ocrx_word' id='word_1_272' title='bbox 3789 3010 4020 3053; x_wconf 89' lang='lat' dir='ltr'><strong>sonoro</strong></span> <span class='ocrx_word' id='word_1_273' title='bbox 4059 2991 4360 3075; x_wconf 88' lang='lat' dir='ltr'><strong>preconio</strong></span> 
     </span>
     <span class='ocr_line' id='line_1_23' title="bbox 720 3093 4360 3182; baseline 0 -23"><span class='ocrx_word' id='word_1_274' title='bbox 720 3100 785 3159; x_wconf 90' lang='lat' dir='ltr'><strong>et</strong></span> <span class='ocrx_word' id='word_1_275' title='bbox 828 3096 1053 3181; x_wconf 91' lang='lat' dir='ltr'><strong>patulo</strong></span> <span class='ocrx_word' id='word_1_276' title='bbox 1095 3093 1342 3179; x_wconf 89' lang='lat' dir='ltr'><strong>judicio</strong></span> <span class='ocrx_word' id='word_1_277' title='bbox 1388 3093 1815 3180; x_wconf 87' lang='lat' dir='ltr'><strong>publicarent,</strong></span> <span class='ocrx_word' id='word_1_278' title='bbox 1866 3102 1930 3157; x_wconf 88' lang='lat' dir='ltr'><strong>et</strong></span> <span class='ocrx_word' id='word_1_279' title='bbox 1977 3093 2392 3157; x_wconf 86' lang='lat' dir='ltr'><strong>nihilominus</strong></span> <span class='ocrx_word' id='word_1_280' title='bbox 2439 3115 2524 3157; x_wconf 81' lang='lat' dir='ltr'><strong>ex</strong></span> <span class='ocrx_word' id='word_1_281' title='bbox 2585 3094 2942 3157; x_wconf 89' lang='lat' dir='ltr'><strong>abundanti</strong></span> <span class='ocrx_word' id='word_1_282' title='bbox 3005 3094 3207 3158; x_wconf 89' lang='lat' dir='ltr'><strong>dictos</strong></span> <span class='ocrx_word' id='word_1_283' title='bbox 3271 3116 3605 3180; x_wconf 86' lang='lat' dir='ltr'><strong>processus</strong></span> <span class='ocrx_word' id='word_1_284' title='bbox 3652 3118 3769 3182; x_wconf 91' lang='lat' dir='ltr'><strong>per</strong></span> <span class='ocrx_word' id='word_1_285' title='bbox 3814 3097 4037 3160; x_wconf 85' lang='lat' dir='ltr'><strong>literas</strong></span> <span class='ocrx_word' id='word_1_286' title='bbox 4088 3106 4360 3180; x_wconf 89' lang='lat' dir='ltr'><strong>nostras,</strong></span> 
     </span>
     <span class='ocr_line' id='line_1_24' title="bbox 719 3201 4362 3290; baseline 0 -24"><span class='ocrx_word' id='word_1_287' title='bbox 719 3224 1058 3288; x_wconf 88' lang='lat' dir='ltr'><strong>processus</strong></span> <span class='ocrx_word' id='word_1_288' title='bbox 1104 3202 1504 3266; x_wconf 89' lang='lat' dir='ltr'><strong>continentes</strong></span> <span class='ocrx_word' id='word_1_289' title='bbox 1553 3201 1832 3282; x_wconf 88' lang='lat' dir='ltr'><strong>eosdem,</strong></span> <span class='ocrx_word' id='word_1_290' title='bbox 1869 3201 1931 3265; x_wconf 89' lang='lat' dir='ltr'><strong>in</strong></span> <span class='ocrx_word' id='word_1_291' title='bbox 1974 3201 2132 3265; x_wconf 91' lang='lat' dir='ltr'><strong>locis</strong></span> <span class='ocrx_word' id='word_1_292' title='bbox 2181 3210 2245 3265; x_wconf 88' lang='lat' dir='ltr'><strong>et</strong></span> <span class='ocrx_word' id='word_1_293' title='bbox 2289 3202 2580 3287; x_wconf 87' lang='lat' dir='ltr'><strong>partibus</strong></span> <span class='ocrx_word' id='word_1_294' title='bbox 2613 3201 2822 3265; x_wconf 90' lang='lat' dir='ltr'><strong>eidem</strong></span> <span class='ocrx_word' id='word_1_295' title='bbox 2856 3201 3102 3265; x_wconf 87' lang='lat' dir='ltr'><strong>civitati</strong></span> <span class='ocrx_word' id='word_1_296' title='bbox 3135 3202 3514 3266; x_wconf 89' lang='lat' dir='ltr'><strong>bononiensi</strong></span> <span class='ocrx_word' id='word_1_297' title='bbox 3547 3204 3897 3267; x_wconf 86' lang='lat' dir='ltr'><strong>convicinis</strong></span> <span class='ocrx_word' id='word_1_298' title='bbox 3928 3226 4045 3290; x_wconf 89' lang='lat' dir='ltr'><strong>per</strong></span> <span class='ocrx_word' id='word_1_299' title='bbox 4079 3206 4362 3290; x_wconf 83' lang='lat' dir='ltr'><strong>prefatos</strong></span> 
     </span>
     <span class='ocr_line' id='line_1_25' title="bbox 719 3308 4364 3395; baseline 0 -21"><span class='ocrx_word' id='word_1_300' title='bbox 719 3310 1131 3374; x_wconf 88' lang='lat' dir='ltr'><strong>florentinum</strong></span> <span class='ocrx_word' id='word_1_301' title='bbox 1178 3316 1242 3374; x_wconf 92' lang='lat' dir='ltr'><strong>et</strong></span> <span class='ocrx_word' id='word_1_302' title='bbox 1290 3309 1666 3373; x_wconf 86' lang='lat' dir='ltr'><strong>imolensem</strong></span> <span class='ocrx_word' id='word_1_303' title='bbox 1715 3309 2049 3395; x_wconf 90' lang='lat' dir='ltr'><strong>episcopos</strong></span> <span class='ocrx_word' id='word_1_304' title='bbox 2099 3330 2174 3373; x_wconf 88' lang='lat' dir='ltr'><strong>ac</strong></span> <span class='ocrx_word' id='word_1_305' title='bbox 2223 3317 2535 3373; x_wconf 88' lang='lat' dir='ltr'><strong>rectorem</strong></span> <span class='ocrx_word' id='word_1_306' title='bbox 2585 3317 2650 3373; x_wconf 92' lang='lat' dir='ltr'><strong>et</strong></span> <span class='ocrx_word' id='word_1_307' title='bbox 2681 3308 3160 3393; x_wconf 79' lang='lat' dir='ltr'><strong>subdelegatOS,</strong></span> <span class='ocrx_word' id='word_1_308' title='bbox 3196 3332 3309 3373; x_wconf 91' lang='lat' dir='ltr'><strong>seu</strong></span> <span class='ocrx_word' id='word_1_309' title='bbox 3344 3311 3847 3375; x_wconf 77' lang='lat' dir='ltr'><strong>subexecutores</strong></span> <span class='ocrx_word' id='word_1_310' title='bbox 3879 3333 4098 3376; x_wconf 90' lang='lat' dir='ltr'><strong>eorum</strong></span> <span class='ocrx_word' id='word_1_311' title='bbox 4133 3313 4364 3376; x_wconf 87' lang='lat' dir='ltr'><strong>solem-</strong></span> 
     </span>
     <span class='ocr_line' id='line_1_26' title="bbox 720 3410 4363 3505; baseline 0.001 -24"><span class='ocrx_word' id='word_1_312' title='bbox 720 3418 890 3481; x_wconf 89' lang='lat' dir='ltr'><strong>niter</strong></span> <span class='ocrx_word' id='word_1_313' title='bbox 936 3418 1203 3481; x_wconf 88' lang='lat' dir='ltr'><strong>fecimus</strong></span> <span class='ocrx_word' id='word_1_314' title='bbox 1251 3410 1590 3503; x_wconf 90' lang='lat' dir='ltr'><strong>publicari.</strong></span> <span class='ocrx_word' id='word_1_315' title='bbox 1640 3416 1726 3480; x_wconf 91' lang='lat' dir='ltr'><strong>Et</strong></span> <span class='ocrx_word' id='word_1_316' title='bbox 1774 3416 2066 3501; x_wconf 85' lang='lat' dir='ltr'><strong>quamvis</strong></span> <span class='ocrx_word' id='word_1_317' title='bbox 2113 3437 2452 3502; x_wconf 89' lang='lat' dir='ltr'><strong>processus</strong></span> <span class='ocrx_word' id='word_1_318' title='bbox 2501 3416 2867 3480; x_wconf 86' lang='lat' dir='ltr'><strong>huiusmodi</strong></span> <span class='ocrx_word' id='word_1_319' title='bbox 2932 3439 3048 3503; x_wconf 90' lang='lat' dir='ltr'><strong>per</strong></span> <span class='ocrx_word' id='word_1_320' title='bbox 3111 3438 3229 3481; x_wconf 92' lang='lat' dir='ltr'><strong>nos</strong></span> <span class='ocrx_word' id='word_1_321' title='bbox 3291 3417 3382 3481; x_wconf 93' lang='lat' dir='ltr'><strong>sic</strong></span> <span class='ocrx_word' id='word_1_322' title='bbox 3442 3419 3813 3482; x_wconf 88' lang='lat' dir='ltr'><strong>solemniter</strong></span> <span class='ocrx_word' id='word_1_323' title='bbox 3874 3419 4045 3504; x_wconf 89' lang='lat' dir='ltr'><strong>apud</strong></span> <span class='ocrx_word' id='word_1_324' title='bbox 4107 3427 4363 3505; x_wconf 87' lang='lat' dir='ltr'><strong>aposto-</strong></span> 
     </span>
     <span class='ocr_line' id='line_1_27' title="bbox 722 3523 4361 3611; baseline 0 -23"><span class='ocrx_word' id='word_1_325' title='bbox 722 3525 915 3589; x_wconf 89' lang='lat' dir='ltr'><strong>licam</strong></span> <span class='ocrx_word' id='word_1_326' title='bbox 964 3524 1198 3588; x_wconf 86' lang='lat' dir='ltr'><strong>Sedem</strong></span> <span class='ocrx_word' id='word_1_327' title='bbox 1244 3524 1449 3588; x_wconf 89' lang='lat' dir='ltr'><strong>habiti</strong></span> <span class='ocrx_word' id='word_1_328' title='bbox 1497 3532 1562 3587; x_wconf 89' lang='lat' dir='ltr'><strong>et</strong></span> <span class='ocrx_word' id='word_1_329' title='bbox 1610 3531 1741 3588; x_wconf 86' lang='lat' dir='ltr'><strong>tam</strong></span> <span class='ocrx_word' id='word_1_330' title='bbox 1791 3523 1962 3609; x_wconf 88' lang='lat' dir='ltr'><strong>apud</strong></span> <span class='ocrx_word' id='word_1_331' title='bbox 2021 3545 2200 3605; x_wconf 91' lang='lat' dir='ltr'><strong>eam,</strong></span> <span class='ocrx_word' id='word_1_332' title='bbox 2252 3545 2443 3609; x_wconf 88' lang='lat' dir='ltr'><strong>quam</strong></span> <span class='ocrx_word' id='word_1_333' title='bbox 2508 3524 2571 3587; x_wconf 90' lang='lat' dir='ltr'><strong>in</strong></span> <span class='ocrx_word' id='word_1_334' title='bbox 2636 3524 2878 3588; x_wconf 91' lang='lat' dir='ltr'><strong>eisdem</strong></span> <span class='ocrx_word' id='word_1_335' title='bbox 2940 3525 3266 3611; x_wconf 90' lang='lat' dir='ltr'><strong>partibus,</strong></span> <span class='ocrx_word' id='word_1_336' title='bbox 3317 3532 3389 3588; x_wconf 91' lang='lat' dir='ltr'><strong>ut</strong></span> <span class='ocrx_word' id='word_1_337' title='bbox 3452 3526 3843 3610; x_wconf 88' lang='lat' dir='ltr'><strong>premittitur</strong></span> <span class='ocrx_word' id='word_1_338' title='bbox 3899 3526 4065 3590; x_wconf 88' lang='lat' dir='ltr'><strong>dicte</strong></span> <span class='ocrx_word' id='word_1_339' title='bbox 4115 3527 4361 3590; x_wconf 88' lang='lat' dir='ltr'><strong>civitati</strong></span> 
     </span>
     <span class='ocr_line' id='line_1_28' title="bbox 719 3630 4362 3720; baseline 0 -24"><span class='ocrx_word' id='word_1_340' title='bbox 719 3632 947 3697; x_wconf 89' lang='lat' dir='ltr'><strong>vicinis</strong></span> <span class='ocrx_word' id='word_1_341' title='bbox 1010 3632 1383 3697; x_wconf 90' lang='lat' dir='ltr'><strong>solemniter</strong></span> <span class='ocrx_word' id='word_1_342' title='bbox 1437 3631 1756 3717; x_wconf 89' lang='lat' dir='ltr'><strong>publicati</strong></span> <span class='ocrx_word' id='word_1_343' title='bbox 1815 3632 2121 3713; x_wconf 86' lang='lat' dir='ltr'><strong>fuissent,</strong></span> <span class='ocrx_word' id='word_1_344' title='bbox 2170 3638 2234 3694; x_wconf 92' lang='lat' dir='ltr'><strong>et</strong></span> <span class='ocrx_word' id='word_1_345' title='bbox 2296 3630 2380 3694; x_wconf 93' lang='lat' dir='ltr'><strong>ad</strong></span> <span class='ocrx_word' id='word_1_346' title='bbox 2441 3631 2757 3695; x_wconf 91' lang='lat' dir='ltr'><strong>dictorum</strong></span> <span class='ocrx_word' id='word_1_347' title='bbox 2818 3632 3287 3714; x_wconf 88' lang='lat' dir='ltr'><strong>universitatis,</strong></span> <span class='ocrx_word' id='word_1_348' title='bbox 3337 3633 3813 3697; x_wconf 89' lang='lat' dir='ltr'><strong>communitatis</strong></span> <span class='ocrx_word' id='word_1_349' title='bbox 3876 3642 3940 3697; x_wconf 91' lang='lat' dir='ltr'><strong>et</strong></span> <span class='ocrx_word' id='word_1_350' title='bbox 4001 3634 4226 3720; x_wconf 92' lang='lat' dir='ltr'><strong>populi</strong></span> <span class='ocrx_word' id='word_1_351' title='bbox 4287 3656 4362 3697; x_wconf 87' lang='lat' dir='ltr'><strong>ac</strong></span> 
     </span>
     <span class='ocr_line' id='line_1_29' title="bbox 722 3737 4363 3825; baseline 0 -22"><span class='ocrx_word' id='word_1_352' title='bbox 722 3740 1093 3805; x_wconf 89' lang='lat' dir='ltr'><strong>officialium</strong></span> <span class='ocrx_word' id='word_1_353' title='bbox 1156 3747 1222 3803; x_wconf 88' lang='lat' dir='ltr'><strong>et</strong></span> <span class='ocrx_word' id='word_1_354' title='bbox 1282 3738 1518 3803; x_wconf 88' lang='lat' dir='ltr'><strong>civium</strong></span> <span class='ocrx_word' id='word_1_355' title='bbox 1575 3738 1852 3802; x_wconf 87' lang='lat' dir='ltr'><strong>civitatis</strong></span> <span class='ocrx_word' id='word_1_356' title='bbox 1915 3737 2237 3822; x_wconf 88' lang='lat' dir='ltr'><strong>ejusdem,</strong></span> <span class='ocrx_word' id='word_1_357' title='bbox 2286 3746 2356 3801; x_wconf 89' lang='lat' dir='ltr'><strong>ut</strong></span> <span class='ocrx_word' id='word_1_358' title='bbox 2401 3738 2596 3801; x_wconf 88' lang='lat' dir='ltr'><strong>etiam</strong></span> <span class='ocrx_word' id='word_1_359' title='bbox 2660 3760 2743 3802; x_wconf 86' lang='lat' dir='ltr'><strong>ex</strong></span> <span class='ocrx_word' id='word_1_360' title='bbox 2806 3739 3181 3825; x_wconf 90' lang='lat' dir='ltr'><strong>subscriptis</strong></span> <span class='ocrx_word' id='word_1_361' title='bbox 3243 3748 3547 3825; x_wconf 89' lang='lat' dir='ltr'><strong>apparet,</strong></span> <span class='ocrx_word' id='word_1_362' title='bbox 3598 3762 4000 3804; x_wconf 79' lang='lat' dir='ltr'><strong>communem</strong></span> <span class='ocrx_word' id='word_1_363' title='bbox 4069 3742 4363 3804; x_wconf 87' lang='lat' dir='ltr'><strong>notitiam</strong></span> 
     </span>
     <span class='ocr_line' id='line_1_30' title="bbox 717 3845 4361 3935; baseline 0 -22"><span class='ocrx_word' id='word_1_364' title='bbox 717 3847 1194 3935; x_wconf 89' lang='lat' dir='ltr'><strong>pervenissent,</strong></span> <span class='ocrx_word' id='word_1_365' title='bbox 1243 3846 1480 3934; x_wconf 86' lang='lat' dir='ltr'><strong>prefati</strong></span> <span class='ocrx_word' id='word_1_366' title='bbox 1526 3852 1743 3911; x_wconf 87' lang='lat' dir='ltr'><strong>tamen</strong></span> <span class='ocrx_word' id='word_1_367' title='bbox 1793 3846 2215 3928; x_wconf 86' lang='lat' dir='ltr'><strong>universitas,</strong></span> <span class='ocrx_word' id='word_1_368' title='bbox 2264 3845 2540 3932; x_wconf 90' lang='lat' dir='ltr'><strong>populus</strong></span> <span class='ocrx_word' id='word_1_369' title='bbox 2589 3854 2653 3911; x_wconf 88' lang='lat' dir='ltr'><strong>et</strong></span> <span class='ocrx_word' id='word_1_370' title='bbox 2708 3867 3078 3928; x_wconf 89' lang='lat' dir='ltr'><strong>commune,</strong></span> <span class='ocrx_word' id='word_1_371' title='bbox 3128 3847 3432 3912; x_wconf 89' lang='lat' dir='ltr'><strong>officiales</strong></span> <span class='ocrx_word' id='word_1_372' title='bbox 3481 3856 3544 3912; x_wconf 87' lang='lat' dir='ltr'><strong>et</strong></span> <span class='ocrx_word' id='word_1_373' title='bbox 3591 3848 3764 3913; x_wconf 88' lang='lat' dir='ltr'><strong>cives</strong></span> <span class='ocrx_word' id='word_1_374' title='bbox 3811 3849 4181 3934; x_wconf 87' lang='lat' dir='ltr'><strong>hujusmodi</strong></span> <span class='ocrx_word' id='word_1_375' title='bbox 4229 3871 4361 3913; x_wconf 90' lang='lat' dir='ltr'><strong>mo-</strong></span> 
     </span>
     <span class='ocr_line' id='line_1_31' title="bbox 720 3954 4362 4043; baseline 0 -23"><span class='ocrx_word' id='word_1_376' title='bbox 720 3957 1103 4039; x_wconf 89' lang='lat' dir='ltr'><strong>nitionibus,</strong></span> <span class='ocrx_word' id='word_1_377' title='bbox 1150 3955 1709 4042; x_wconf 89' lang='lat' dir='ltr'><strong>requisitionibus,</strong></span> <span class='ocrx_word' id='word_1_378' title='bbox 1760 3954 2078 4018; x_wconf 84' lang='lat' dir='ltr'><strong>mandatis</strong></span> <span class='ocrx_word' id='word_1_379' title='bbox 2126 3963 2191 4019; x_wconf 90' lang='lat' dir='ltr'><strong>et</strong></span> <span class='ocrx_word' id='word_1_380' title='bbox 2236 3955 2527 4019; x_wconf 88' lang='lat' dir='ltr'><strong>citationi</strong></span> <span class='ocrx_word' id='word_1_381' title='bbox 2573 3976 2685 4019; x_wconf 92' lang='lat' dir='ltr'><strong>seu</strong></span> <span class='ocrx_word' id='word_1_382' title='bbox 2734 3955 3145 4019; x_wconf 89' lang='lat' dir='ltr'><strong>citationibus</strong></span> <span class='ocrx_word' id='word_1_383' title='bbox 3194 3957 3259 4020; x_wconf 91' lang='lat' dir='ltr'><strong>in</strong></span> <span class='ocrx_word' id='word_1_384' title='bbox 3306 3957 3711 4043; x_wconf 88' lang='lat' dir='ltr'><strong>processibus</strong></span> <span class='ocrx_word' id='word_1_385' title='bbox 3758 3957 4000 4021; x_wconf 90' lang='lat' dir='ltr'><strong>eisdem</strong></span> <span class='ocrx_word' id='word_1_386' title='bbox 4048 3959 4362 4022; x_wconf 86' lang='lat' dir='ltr'><strong>contentis</strong></span> 
     </span>
     <span class='ocr_line' id='line_1_32' title="bbox 719 4062 4363 4149; baseline -0 -21"><span class='ocrx_word' id='word_1_387' title='bbox 719 4065 889 4128; x_wconf 88' lang='lat' dir='ltr'><strong>infra</strong></span> <span class='ocrx_word' id='word_1_388' title='bbox 946 4064 1152 4128; x_wconf 90' lang='lat' dir='ltr'><strong>dictos</strong></span> <span class='ocrx_word' id='word_1_389' title='bbox 1216 4063 1559 4144; x_wconf 88' lang='lat' dir='ltr'><strong>terminos,</strong></span> <span class='ocrx_word' id='word_1_390' title='bbox 1608 4068 1674 4127; x_wconf 89' lang='lat' dir='ltr'><strong>et</strong></span> <span class='ocrx_word' id='word_1_391' title='bbox 1734 4070 1880 4148; x_wconf 86' lang='lat' dir='ltr'><strong>post</strong></span> <span class='ocrx_word' id='word_1_392' title='bbox 1942 4062 2267 4148; x_wconf 78' lang='lat' dir='ltr'><strong>expectati</strong></span> <span class='ocrx_word' id='word_1_393' title='bbox 2332 4062 2571 4126; x_wconf 86' lang='lat' dir='ltr'><strong>diutius</strong></span> <span class='ocrx_word' id='word_1_394' title='bbox 2633 4084 2863 4149; x_wconf 90' lang='lat' dir='ltr'><strong>parere</strong></span> <span class='ocrx_word' id='word_1_395' title='bbox 2925 4071 3165 4127; x_wconf 88' lang='lat' dir='ltr'><strong>temere</strong></span> <span class='ocrx_word' id='word_1_396' title='bbox 3224 4072 3287 4127; x_wconf 93' lang='lat' dir='ltr'><strong>et</strong></span> <span class='ocrx_word' id='word_1_397' title='bbox 3348 4065 3809 4129; x_wconf 88' lang='lat' dir='ltr'><strong>contumaciter</strong></span> <span class='ocrx_word' id='word_1_398' title='bbox 3871 4086 3998 4129; x_wconf 90' lang='lat' dir='ltr'><strong>non</strong></span> <span class='ocrx_word' id='word_1_399' title='bbox 4056 4074 4363 4128; x_wconf 86' lang='lat' dir='ltr'><strong>curarunt</strong></span> 
     </span>
     <span class='ocr_line' id='line_1_33' title="bbox 724 4170 4360 4259; baseline 0 -25"><span class='ocrx_word' id='word_1_400' title='bbox 724 4172 1048 4259; x_wconf 88' lang='lat' dir='ltr'><strong>predictas</strong></span> <span class='ocrx_word' id='word_1_401' title='bbox 1097 4192 1316 4235; x_wconf 90' lang='lat' dir='ltr'><strong>omnes</strong></span> <span class='ocrx_word' id='word_1_402' title='bbox 1364 4177 1428 4234; x_wconf 91' lang='lat' dir='ltr'><strong>et</strong></span> <span class='ocrx_word' id='word_1_403' title='bbox 1475 4170 1766 4254; x_wconf 89' lang='lat' dir='ltr'><strong>singulas</strong></span> <span class='ocrx_word' id='word_1_404' title='bbox 1799 4170 2481 4234; x_wconf 81' lang='lat' dir='ltr'><strong>excommunicationis</strong></span> <span class='ocrx_word' id='word_1_405' title='bbox 2516 4170 2580 4233; x_wconf 92' lang='lat' dir='ltr'><strong>in</strong></span> <span class='ocrx_word' id='word_1_406' title='bbox 2611 4191 2943 4256; x_wconf 90' lang='lat' dir='ltr'><strong>personas,</strong></span> <span class='ocrx_word' id='word_1_407' title='bbox 2977 4178 3042 4234; x_wconf 88' lang='lat' dir='ltr'><strong>et</strong></span> <span class='ocrx_word' id='word_1_408' title='bbox 3088 4171 3407 4235; x_wconf 90' lang='lat' dir='ltr'><strong>interdicti</strong></span> <span class='ocrx_word' id='word_1_409' title='bbox 3458 4172 3522 4235; x_wconf 92' lang='lat' dir='ltr'><strong>in</strong></span> <span class='ocrx_word' id='word_1_410' title='bbox 3569 4173 3916 4255; x_wconf 86' lang='lat' dir='ltr'><strong>civitatem,</strong></span> <span class='ocrx_word' id='word_1_411' title='bbox 3966 4172 4360 4254; x_wconf 88' lang='lat' dir='ltr'><strong>comitatum,</strong></span> 
     </span>
     <span class='ocr_line' id='line_1_34' title="bbox 720 4277 4362 4366; baseline 0 -23"><span class='ocrx_word' id='word_1_412' title='bbox 720 4279 1114 4344; x_wconf 90' lang='lat' dir='ltr'><strong>territorium</strong></span> <span class='ocrx_word' id='word_1_413' title='bbox 1177 4287 1241 4343; x_wconf 88' lang='lat' dir='ltr'><strong>ct</strong></span> <span class='ocrx_word' id='word_1_414' title='bbox 1301 4277 1664 4342; x_wconf 86' lang='lat' dir='ltr'><strong>districtum</strong></span> <span class='ocrx_word' id='word_1_415' title='bbox 1729 4277 2049 4363; x_wconf 88' lang='lat' dir='ltr'><strong>predicta,</strong></span> <span class='ocrx_word' id='word_1_416' title='bbox 2112 4299 2230 4341; x_wconf 90' lang='lat' dir='ltr'><strong>nec</strong></span> <span class='ocrx_word' id='word_1_417' title='bbox 2286 4299 2414 4341; x_wconf 92' lang='lat' dir='ltr'><strong>non</strong></span> <span class='ocrx_word' id='word_1_418' title='bbox 2478 4278 2862 4363; x_wconf 87' lang='lat' dir='ltr'><strong>privationis</strong></span> <span class='ocrx_word' id='word_1_419' title='bbox 2925 4279 3215 4362; x_wconf 91' lang='lat' dir='ltr'><strong>ejusdem</strong></span> <span class='ocrx_word' id='word_1_420' title='bbox 3282 4278 3524 4362; x_wconf 82' lang='lat' dir='ltr'><strong>Studii,</strong></span> <span class='ocrx_word' id='word_1_421' title='bbox 3574 4280 4058 4364; x_wconf 89' lang='lat' dir='ltr'><strong>privilegiorum</strong></span> <span class='ocrx_word' id='word_1_422' title='bbox 4109 4301 4362 4366; x_wconf 89' lang='lat' dir='ltr'><strong>quoque</strong></span> 
     </span>
     <span class='ocr_line' id='line_1_35' title="bbox 721 4385 4362 4473; baseline -0.001 -21"><span class='ocrx_word' id='word_1_423' title='bbox 721 4395 786 4452; x_wconf 92' lang='lat' dir='ltr'><strong>et</strong></span> <span class='ocrx_word' id='word_1_424' title='bbox 855 4387 1404 4472; x_wconf 86' lang='lat' dir='ltr'><strong>indulgentiarum</strong></span> <span class='ocrx_word' id='word_1_425' title='bbox 1470 4406 1545 4449; x_wconf 89' lang='lat' dir='ltr'><strong>ac</strong></span> <span class='ocrx_word' id='word_1_426' title='bbox 1616 4385 1955 4449; x_wconf 83' lang='lat' dir='ltr'><strong>feudorum</strong></span> <span class='ocrx_word' id='word_1_427' title='bbox 2017 4392 2082 4449; x_wconf 89' lang='lat' dir='ltr'><strong>ct</strong></span> <span class='ocrx_word' id='word_1_428' title='bbox 2138 4385 2413 4449; x_wconf 88' lang='lat' dir='ltr'><strong>aliorum</strong></span> <span class='ocrx_word' id='word_1_429' title='bbox 2474 4385 2826 4467; x_wconf 92' lang='lat' dir='ltr'><strong>bonorum,</strong></span> <span class='ocrx_word' id='word_1_430' title='bbox 2874 4387 3224 4449; x_wconf 90' lang='lat' dir='ltr'><strong>sententias</strong></span> <span class='ocrx_word' id='word_1_431' title='bbox 3285 4395 3350 4451; x_wconf 90' lang='lat' dir='ltr'><strong>et</strong></span> <span class='ocrx_word' id='word_1_432' title='bbox 3411 4408 3611 4473; x_wconf 88' lang='lat' dir='ltr'><strong>penas</strong></span> <span class='ocrx_word' id='word_1_433' title='bbox 3673 4388 3836 4450; x_wconf 90' lang='lat' dir='ltr'><strong>alias</strong></span> <span class='ocrx_word' id='word_1_434' title='bbox 3900 4396 4231 4451; x_wconf 86' lang='lat' dir='ltr'><strong>contentas</strong></span> <span class='ocrx_word' id='word_1_435' title='bbox 4297 4387 4362 4450; x_wconf 88' lang='lat' dir='ltr'><strong>in</strong></span> 
     </span>
     <span class='ocr_line' id='line_1_36' title="bbox 723 4492 4359 4580; baseline -0 -22"><span class='ocrx_word' id='word_1_436' title='bbox 723 4494 966 4559; x_wconf 88' lang='lat' dir='ltr'><strong>eisdem</strong></span> <span class='ocrx_word' id='word_1_437' title='bbox 1011 4493 1420 4580; x_wconf 86' lang='lat' dir='ltr'><strong>processibus</strong></span> <span class='ocrx_word' id='word_1_438' title='bbox 1469 4492 1888 4574; x_wconf 80' lang='lat' dir='ltr'><strong>incurrend03</strong></span> <span class='ocrx_word' id='word_1_439' title='bbox 1935 4501 2201 4578; x_wconf 91' lang='lat' dir='ltr'><strong>propter</strong></span> <span class='ocrx_word' id='word_1_440' title='bbox 2248 4515 2407 4577; x_wconf 93' lang='lat' dir='ltr'><strong>quos</strong></span> <span class='ocrx_word' id='word_1_441' title='bbox 2455 4515 2569 4556; x_wconf 92' lang='lat' dir='ltr'><strong>nos</strong></span> <span class='ocrx_word' id='word_1_442' title='bbox 2618 4493 2878 4557; x_wconf 90' lang='lat' dir='ltr'><strong>eosdem</strong></span> <span class='ocrx_word' id='word_1_443' title='bbox 2924 4493 3440 4576; x_wconf 87' lang='lat' dir='ltr'><strong>universitatem,</strong></span> <span class='ocrx_word' id='word_1_444' title='bbox 3490 4495 3799 4580; x_wconf 91' lang='lat' dir='ltr'><strong>populum</strong></span> <span class='ocrx_word' id='word_1_445' title='bbox 3861 4504 3925 4558; x_wconf 90' lang='lat' dir='ltr'><strong>et</strong></span> <span class='ocrx_word' id='word_1_446' title='bbox 3988 4515 4359 4574; x_wconf 88' lang='lat' dir='ltr'><strong>commune,</strong></span> 
     </span>
     <span class='ocr_line' id='line_1_37' title="bbox 720 4600 4359 4686; baseline -0.001 -20"><span class='ocrx_word' id='word_1_447' title='bbox 720 4602 1027 4667; x_wconf 87' lang='lat' dir='ltr'><strong>officiales</strong></span> <span class='ocrx_word' id='word_1_448' title='bbox 1074 4609 1139 4665; x_wconf 89' lang='lat' dir='ltr'><strong>et</strong></span> <span class='ocrx_word' id='word_1_449' title='bbox 1186 4601 1548 4686; x_wconf 86' lang='lat' dir='ltr'><strong>singulares</strong></span> <span class='ocrx_word' id='word_1_450' title='bbox 1613 4621 1923 4686; x_wconf 87' lang='lat' dir='ltr'><strong>personas</strong></span> <span class='ocrx_word' id='word_1_451' title='bbox 1987 4600 2265 4664; x_wconf 86' lang='lat' dir='ltr'><strong>civitatis</strong></span> <span class='ocrx_word' id='word_1_452' title='bbox 2330 4600 2619 4684; x_wconf 87' lang='lat' dir='ltr'><strong>ejusdem</strong></span> <span class='ocrx_word' id='word_1_453' title='bbox 2675 4622 2869 4686; x_wconf 91' lang='lat' dir='ltr'><strong>super</strong></span> <span class='ocrx_word' id='word_1_454' title='bbox 2915 4601 3243 4686; x_wconf 90' lang='lat' dir='ltr'><strong>premissis</strong></span> <span class='ocrx_word' id='word_1_455' title='bbox 3291 4602 3586 4665; x_wconf 91' lang='lat' dir='ltr'><strong>omnibus</strong></span> <span class='ocrx_word' id='word_1_456' title='bbox 3633 4609 3698 4666; x_wconf 91' lang='lat' dir='ltr'><strong>et</strong></span> <span class='ocrx_word' id='word_1_457' title='bbox 3744 4602 4016 4686; x_wconf 91' lang='lat' dir='ltr'><strong>singulis</strong></span> <span class='ocrx_word' id='word_1_458' title='bbox 4064 4602 4359 4666; x_wconf 90' lang='lat' dir='ltr'><strong>monitio-</strong></span> 
     </span>
     <span class='ocr_line' id='line_1_38' title="bbox 720 4707 4360 4794; baseline -0.001 -21"><span class='ocrx_word' id='word_1_459' title='bbox 720 4710 939 4791; x_wconf 87' lang='lat' dir='ltr'><strong>nibus,</strong></span> <span class='ocrx_word' id='word_1_460' title='bbox 987 4707 1512 4794; x_wconf 89' lang='lat' dir='ltr'><strong>requisitionibus</strong></span> <span class='ocrx_word' id='word_1_461' title='bbox 1560 4714 1624 4771; x_wconf 89' lang='lat' dir='ltr'><strong>et</strong></span> <span class='ocrx_word' id='word_1_462' title='bbox 1670 4707 2026 4789; x_wconf 89' lang='lat' dir='ltr'><strong>mandatis,</strong></span> <span class='ocrx_word' id='word_1_463' title='bbox 2076 4707 2379 4771; x_wconf 90' lang='lat' dir='ltr'><strong>citatione</strong></span> <span class='ocrx_word' id='word_1_464' title='bbox 2428 4729 2682 4793; x_wconf 89' lang='lat' dir='ltr'><strong>quoque</strong></span> <span class='ocrx_word' id='word_1_465' title='bbox 2730 4714 2795 4771; x_wconf 89' lang='lat' dir='ltr'><strong>et</strong></span> <span class='ocrx_word' id='word_1_466' title='bbox 2842 4708 3251 4771; x_wconf 87' lang='lat' dir='ltr'><strong>citationibus</strong></span> <span class='ocrx_word' id='word_1_467' title='bbox 3300 4710 3616 4773; x_wconf 87' lang='lat' dir='ltr'><strong>contentis</strong></span> <span class='ocrx_word' id='word_1_468' title='bbox 3664 4710 3728 4772; x_wconf 93' lang='lat' dir='ltr'><strong>in</strong></span> <span class='ocrx_word' id='word_1_469' title='bbox 3777 4709 4181 4794; x_wconf 90' lang='lat' dir='ltr'><strong>processibus</strong></span> <span class='ocrx_word' id='word_1_470' title='bbox 4231 4731 4360 4772; x_wconf 85' lang='lat' dir='ltr'><strong>mc-</strong></span> 
     </span>
     <span class='ocr_line' id='line_1_39' title="bbox 718 4813 4359 4901; baseline -0.001 -21"><span class='ocrx_word' id='word_1_471' title='bbox 718 4818 983 4880; x_wconf 85' lang='lat' dir='ltr'><strong>moratis</strong></span> <span class='ocrx_word' id='word_1_472' title='bbox 1030 4816 1500 4879; x_wconf 90' lang='lat' dir='ltr'><strong>declaravimus</strong></span> <span class='ocrx_word' id='word_1_473' title='bbox 1548 4813 1745 4878; x_wconf 86' lang='lat' dir='ltr'><strong>fuisse</strong></span> <span class='ocrx_word' id='word_1_474' title='bbox 1810 4822 1875 4878; x_wconf 90' lang='lat' dir='ltr'><strong>et</strong></span> <span class='ocrx_word' id='word_1_475' title='bbox 1937 4835 2077 4878; x_wconf 88' lang='lat' dir='ltr'><strong>esse</strong></span> <span class='ocrx_word' id='word_1_476' title='bbox 2127 4814 2568 4878; x_wconf 89' lang='lat' dir='ltr'><strong>inobedientes</strong></span> <span class='ocrx_word' id='word_1_477' title='bbox 2616 4822 2681 4878; x_wconf 92' lang='lat' dir='ltr'><strong>et</strong></span> <span class='ocrx_word' id='word_1_478' title='bbox 2726 4816 2922 4879; x_wconf 89' lang='lat' dir='ltr'><strong>etiam</strong></span> <span class='ocrx_word' id='word_1_479' title='bbox 2969 4822 3415 4896; x_wconf 86' lang='lat' dir='ltr'><strong>contumaces,</strong></span> <span class='ocrx_word' id='word_1_480' title='bbox 3463 4815 3794 4901; x_wconf 90' lang='lat' dir='ltr'><strong>dictasque</strong></span> <span class='ocrx_word' id='word_1_481' title='bbox 3853 4838 4071 4880; x_wconf 89' lang='lat' dir='ltr'><strong>omnes</strong></span> <span class='ocrx_word' id='word_1_482' title='bbox 4120 4823 4185 4880; x_wconf 89' lang='lat' dir='ltr'><strong>ct</strong></span> <span class='ocrx_word' id='word_1_483' title='bbox 4231 4816 4359 4879; x_wconf 88' lang='lat' dir='ltr'><strong>sin-</strong></span> 
     </span>
     <span class='ocr_line' id='line_1_40' title="bbox 719 4922 4361 5009; baseline 0 -23"><span class='ocrx_word' id='word_1_484' title='bbox 719 4925 908 5009; x_wconf 88' lang='lat' dir='ltr'><strong>gulas</strong></span> <span class='ocrx_word' id='word_1_485' title='bbox 942 4922 1624 4987; x_wconf 86' lang='lat' dir='ltr'><strong>excommunicationis</strong></span> <span class='ocrx_word' id='word_1_486' title='bbox 1659 4923 1723 4984; x_wconf 93' lang='lat' dir='ltr'><strong>in</strong></span> <span class='ocrx_word' id='word_1_487' title='bbox 1759 4922 2121 5005; x_wconf 90' lang='lat' dir='ltr'><strong>singulares</strong></span> <span class='ocrx_word' id='word_1_488' title='bbox 2154 4943 2484 5007; x_wconf 84' lang='lat' dir='ltr'><strong>personas,</strong></span> <span class='ocrx_word' id='word_1_489' title='bbox 2518 4922 2891 5005; x_wconf 90' lang='lat' dir='ltr'><strong>Potestatis,</strong></span> <span class='ocrx_word' id='word_1_490' title='bbox 2928 4922 3295 5008; x_wconf 86' lang='lat' dir='ltr'><strong>Capitanei,</strong></span> <span class='ocrx_word' id='word_1_491' title='bbox 3329 4923 3653 5004; x_wconf 87' lang='lat' dir='ltr'><strong>Bariselli,</strong></span> <span class='ocrx_word' id='word_1_492' title='bbox 3687 4923 3730 4987; x_wconf 86' lang='lat' dir='ltr'>J</span> <span class='ocrx_word' id='word_1_493' title='bbox 3734 4923 4011 5005; x_wconf 89' lang='lat' dir='ltr'><strong>udicum,</strong></span> <span class='ocrx_word' id='word_1_494' title='bbox 4047 4923 4361 4987; x_wconf 79' lang='lat' dir='ltr'><strong>Consilia-</strong></span> 
     </span>
     <span class='ocr_line' id='line_1_41' title="bbox 720 5029 4359 5115; baseline -0 -21"><span class='ocrx_word' id='word_1_495' title='bbox 720 5032 980 5113; x_wconf 90' lang='lat' dir='ltr'><strong>riorum,</strong></span> <span class='ocrx_word' id='word_1_496' title='bbox 1014 5030 1386 5113; x_wconf 87' lang='lat' dir='ltr'><strong>Rectorum,</strong></span> <span class='ocrx_word' id='word_1_497' title='bbox 1423 5030 1794 5110; x_wconf 87' lang='lat' dir='ltr'><strong>Consulum,</strong></span> <span class='ocrx_word' id='word_1_498' title='bbox 1832 5029 2266 5093; x_wconf 88' lang='lat' dir='ltr'><strong>Antianorum</strong></span> <span class='ocrx_word' id='word_1_499' title='bbox 2298 5037 2363 5092; x_wconf 89' lang='lat' dir='ltr'><strong>et</strong></span> <span class='ocrx_word' id='word_1_500' title='bbox 2410 5030 2843 5114; x_wconf 87' lang='lat' dir='ltr'><strong>quorumlibet</strong></span> <span class='ocrx_word' id='word_1_501' title='bbox 2890 5031 3259 5094; x_wconf 88' lang='lat' dir='ltr'><strong>officialium</strong></span> <span class='ocrx_word' id='word_1_502' title='bbox 3306 5031 3585 5095; x_wconf 89' lang='lat' dir='ltr'><strong>civitatis</strong></span> <span class='ocrx_word' id='word_1_503' title='bbox 3633 5030 3923 5114; x_wconf 90' lang='lat' dir='ltr'><strong>ejusdem</strong></span> <span class='ocrx_word' id='word_1_504' title='bbox 3957 5051 4359 5115; x_wconf 88' lang='lat' dir='ltr'><strong>quocumque</strong></span> 
     </span>
     <span class='ocr_line' id='line_1_42' title="bbox 722 5136 4359 5222; baseline 0 -20"><span class='ocrx_word' id='word_1_505' title='bbox 722 5138 978 5203; x_wconf 90' lang='lat' dir='ltr'><strong>nomine</strong></span> <span class='ocrx_word' id='word_1_506' title='bbox 1028 5144 1462 5219; x_wconf 89' lang='lat' dir='ltr'><strong>censerentur,</strong></span> <span class='ocrx_word' id='word_1_507' title='bbox 1511 5143 1576 5200; x_wconf 88' lang='lat' dir='ltr'><strong>et</strong></span> <span class='ocrx_word' id='word_1_508' title='bbox 1623 5136 1943 5200; x_wconf 89' lang='lat' dir='ltr'><strong>interdicti</strong></span> <span class='ocrx_word' id='word_1_509' title='bbox 1992 5137 2056 5199; x_wconf 90' lang='lat' dir='ltr'><strong>in</strong></span> <span class='ocrx_word' id='word_1_510' title='bbox 2103 5136 2450 5219; x_wconf 85' lang='lat' dir='ltr'><strong>civitatem,</strong></span> <span class='ocrx_word' id='word_1_511' title='bbox 2500 5137 2894 5219; x_wconf 89' lang='lat' dir='ltr'><strong>comitatum,</strong></span> <span class='ocrx_word' id='word_1_512' title='bbox 2943 5137 3335 5201; x_wconf 89' lang='lat' dir='ltr'><strong>territorium</strong></span> <span class='ocrx_word' id='word_1_513' title='bbox 3382 5145 3446 5201; x_wconf 92' lang='lat' dir='ltr'><strong>et</strong></span> <span class='ocrx_word' id='word_1_514' title='bbox 3492 5137 3850 5202; x_wconf 90' lang='lat' dir='ltr'><strong>districtum</strong></span> <span class='ocrx_word' id='word_1_515' title='bbox 3897 5137 4205 5222; x_wconf 89' lang='lat' dir='ltr'><strong>predicta,</strong></span> <span class='ocrx_word' id='word_1_516' title='bbox 4241 5159 4359 5203; x_wconf 90' lang='lat' dir='ltr'><strong>nec</strong></span> 
     </span>
     <span class='ocr_line' id='line_1_43' title="bbox 720 5243 4360 5331; baseline 0 -24"><span class='ocrx_word' id='word_1_517' title='bbox 720 5265 846 5308; x_wconf 92' lang='lat' dir='ltr'><strong>non</strong></span> <span class='ocrx_word' id='word_1_518' title='bbox 895 5244 1275 5331; x_wconf 91' lang='lat' dir='ltr'><strong>privationis</strong></span> <span class='ocrx_word' id='word_1_519' title='bbox 1323 5243 1612 5327; x_wconf 86' lang='lat' dir='ltr'><strong>ejusdem</strong></span> <span class='ocrx_word' id='word_1_520' title='bbox 1659 5243 1874 5325; x_wconf 90' lang='lat' dir='ltr'><strong>studii,</strong></span> <span class='ocrx_word' id='word_1_521' title='bbox 1918 5243 2403 5329; x_wconf 86' lang='lat' dir='ltr'><strong>privilegiorum</strong></span> <span class='ocrx_word' id='word_1_522' title='bbox 2451 5265 2705 5329; x_wconf 92' lang='lat' dir='ltr'><strong>quoque</strong></span> <span class='ocrx_word' id='word_1_523' title='bbox 2752 5251 2818 5308; x_wconf 90' lang='lat' dir='ltr'><strong>et</strong></span> <span class='ocrx_word' id='word_1_524' title='bbox 2864 5243 3410 5328; x_wconf 88' lang='lat' dir='ltr'><strong>indulgentiarum</strong></span> <span class='ocrx_word' id='word_1_525' title='bbox 3460 5253 3524 5308; x_wconf 91' lang='lat' dir='ltr'><strong>et</strong></span> <span class='ocrx_word' id='word_1_526' title='bbox 3571 5244 3930 5325; x_wconf 86' lang='lat' dir='ltr'><strong>feudorum,</strong></span> <span class='ocrx_word' id='word_1_527' title='bbox 3976 5251 4040 5307; x_wconf 90' lang='lat' dir='ltr'><strong>et</strong></span> <span class='ocrx_word' id='word_1_528' title='bbox 4086 5244 4360 5308; x_wconf 88' lang='lat' dir='ltr'><strong>aliorum</strong></span> 
     </span>
     <span class='ocr_line' id='line_1_44' title="bbox 721 5352 4359 5438; baseline -0 -22"><span class='ocrx_word' id='word_1_529' title='bbox 721 5353 1033 5417; x_wconf 91' lang='lat' dir='ltr'><strong>bonorum</strong></span> <span class='ocrx_word' id='word_1_530' title='bbox 1081 5352 1434 5416; x_wconf 88' lang='lat' dir='ltr'><strong>sententias</strong></span> <span class='ocrx_word' id='word_1_531' title='bbox 1481 5358 1545 5416; x_wconf 90' lang='lat' dir='ltr'><strong>et</strong></span> <span class='ocrx_word' id='word_1_532' title='bbox 1592 5373 1793 5438; x_wconf 90' lang='lat' dir='ltr'><strong>penas</strong></span> <span class='ocrx_word' id='word_1_533' title='bbox 1842 5352 2003 5414; x_wconf 87' lang='lat' dir='ltr'><strong>alias</strong></span> <span class='ocrx_word' id='word_1_534' title='bbox 2050 5358 2384 5415; x_wconf 89' lang='lat' dir='ltr'><strong>contentas</strong></span> <span class='ocrx_word' id='word_1_535' title='bbox 2429 5352 2496 5415; x_wconf 91' lang='lat' dir='ltr'><strong>in</strong></span> <span class='ocrx_word' id='word_1_536' title='bbox 2544 5352 2787 5416; x_wconf 89' lang='lat' dir='ltr'><strong>eisdem</strong></span> <span class='ocrx_word' id='word_1_537' title='bbox 2841 5352 3246 5437; x_wconf 90' lang='lat' dir='ltr'><strong>processibus</strong></span> <span class='ocrx_word' id='word_1_538' title='bbox 3309 5352 3671 5416; x_wconf 89' lang='lat' dir='ltr'><strong>incurrisse.</strong></span> <span class='ocrx_word' id='word_1_539' title='bbox 3719 5352 3878 5415; x_wconf 89' lang='lat' dir='ltr'><strong>Post</strong></span> <span class='ocrx_word' id='word_1_540' title='bbox 3926 5372 4198 5436; x_wconf 88' lang='lat' dir='ltr'><strong>quarum</strong></span> <span class='ocrx_word' id='word_1_541' title='bbox 4249 5373 4359 5437; x_wconf 90' lang='lat' dir='ltr'><strong>pc·</strong></span> 
     </span>
     <span class='ocr_line' id='line_1_45' title="bbox 719 5459 4356 5545; baseline -0 -22"><span class='ocrx_word' id='word_1_542' title='bbox 719 5480 949 5523; x_wconf 90' lang='lat' dir='ltr'><strong>narum</strong></span> <span class='ocrx_word' id='word_1_543' title='bbox 996 5466 1061 5523; x_wconf 90' lang='lat' dir='ltr'><strong>et</strong></span> <span class='ocrx_word' id='word_1_544' title='bbox 1107 5460 1570 5523; x_wconf 90' lang='lat' dir='ltr'><strong>sententiarum</strong></span> <span class='ocrx_word' id='word_1_545' title='bbox 1618 5459 2047 5523; x_wconf 90' lang='lat' dir='ltr'><strong>incursionem</strong></span> <span class='ocrx_word' id='word_1_546' title='bbox 2093 5460 2314 5545; x_wconf 91' lang='lat' dir='ltr'><strong>elapso</strong></span> <span class='ocrx_word' id='word_1_547' title='bbox 2363 5480 2489 5523; x_wconf 90' lang='lat' dir='ltr'><strong>non</strong></span> <span class='ocrx_word' id='word_1_548' title='bbox 2546 5460 2796 5523; x_wconf 90' lang='lat' dir='ltr'><strong>modico</strong></span> <span class='ocrx_word' id='word_1_549' title='bbox 2859 5461 3163 5545; x_wconf 86' lang='lat' dir='ltr'><strong>temporis</strong></span> <span class='ocrx_word' id='word_1_550' title='bbox 3227 5460 3601 5540; x_wconf 89' lang='lat' dir='ltr'><strong>interva110‚</strong></span> <span class='ocrx_word' id='word_1_551' title='bbox 3651 5459 3922 5544; x_wconf 89' lang='lat' dir='ltr'><strong>predicti</strong></span> <span class='ocrx_word' id='word_1_552' title='bbox 3984 5480 4356 5540; x_wconf 90' lang='lat' dir='ltr'><strong>commune,</strong></span> 
     </span>
     <span class='ocr_line' id='line_1_46' title="bbox 718 5566 4359 5652; baseline 0 -23"><span class='ocrx_word' id='word_1_553' title='bbox 718 5566 1106 5630; x_wconf 90' lang='lat' dir='ltr'><strong>universitas</strong></span> <span class='ocrx_word' id='word_1_554' title='bbox 1153 5574 1217 5630; x_wconf 90' lang='lat' dir='ltr'><strong>et</strong></span> <span class='ocrx_word' id='word_1_555' title='bbox 1264 5567 1540 5652; x_wconf 91' lang='lat' dir='ltr'><strong>populus</strong></span> <span class='ocrx_word' id='word_1_556' title='bbox 1586 5566 1999 5630; x_wconf 91' lang='lat' dir='ltr'><strong>bononiensis</strong></span> <span class='ocrx_word' id='word_1_557' title='bbox 2046 5566 2422 5630; x_wconf 87' lang='lat' dir='ltr'><strong>simulantes</strong></span> <span class='ocrx_word' id='word_1_558' title='bbox 2470 5587 2538 5630; x_wconf 90' lang='lat' dir='ltr'><strong>se</strong></span> <span class='ocrx_word' id='word_1_559' title='bbox 2587 5567 2971 5652; x_wconf 86' lang='lat' dir='ltr'><strong>intelligere,</strong></span> <span class='ocrx_word' id='word_1_560' title='bbox 3005 5574 3076 5630; x_wconf 93' lang='lat' dir='ltr'><strong>ut</strong></span> <span class='ocrx_word' id='word_1_561' title='bbox 3117 5567 3279 5630; x_wconf 92' lang='lat' dir='ltr'><strong>bene</strong></span> <span class='ocrx_word' id='word_1_562' title='bbox 3314 5573 3602 5652; x_wconf 88' lang='lat' dir='ltr'><strong>agerent,</strong></span> <span class='ocrx_word' id='word_1_563' title='bbox 3636 5566 3750 5630; x_wconf 89' lang='lat' dir='ltr'><strong>sed</strong></span> <span class='ocrx_word' id='word_1_564' title='bbox 3783 5566 4359 5630; x_wconf 86' lang='lat' dir='ltr'><strong>circumventiones</strong></span> 
     </span>
     <span class='ocr_line' id='line_1_47' title="bbox 718 5665 4358 5759; baseline -0.001 -22"><span class='ocrx_word' id='word_1_565' title='bbox 718 5680 782 5737; x_wconf 91' lang='lat' dir='ltr'><strong>et</strong></span> <span class='ocrx_word' id='word_1_566' title='bbox 829 5672 1010 5738; x_wconf 91' lang='lat' dir='ltr'><strong>dolos</strong></span> <span class='ocrx_word' id='word_1_567' title='bbox 1059 5674 1123 5737; x_wconf 91' lang='lat' dir='ltr'><strong>in</strong></span> <span class='ocrx_word' id='word_1_568' title='bbox 1172 5672 1389 5756; x_wconf 91' lang='lat' dir='ltr'><strong>cubili,</strong></span> <span class='ocrx_word' id='word_1_569' title='bbox 1437 5680 1508 5737; x_wconf 91' lang='lat' dir='ltr'><strong>ut</strong></span> <span class='ocrx_word' id='word_1_570' title='bbox 1568 5694 1782 5738; x_wconf 88' lang='lat' dir='ltr'><strong>rerum</strong></span> <span class='ocrx_word' id='word_1_571' title='bbox 1844 5673 2132 5738; x_wconf 86' lang='lat' dir='ltr'><strong>declarat</strong></span> <span class='ocrx_word' id='word_1_572' title='bbox 2179 5674 2429 5755; x_wconf 78' lang='lat' dir='ltr'><strong>exitus,</strong></span> <span class='ocrx_word' id='word_1_573' title='bbox 2479 5673 2691 5759; x_wconf 90' lang='lat' dir='ltr'><strong>potius</strong></span> <span class='ocrx_word' id='word_1_574' title='bbox 2741 5665 3145 5755; x_wconf 85' lang='lat' dir='ltr'><strong>meditantes,</strong></span> <span class='ocrx_word' id='word_1_575' title='bbox 3187 5673 3530 5758; x_wconf 90' lang='lat' dir='ltr'><strong>magistros</strong></span> <span class='ocrx_word' id='word_1_576' title='bbox 3576 5673 3856 5736; x_wconf 89' lang='lat' dir='ltr'><strong>Paulum</strong></span> <span class='ocrx_word' id='word_1_577' title='bbox 3904 5672 3982 5737; x_wconf 91' lang='lat' dir='ltr'><strong>de</strong></span> <span class='ocrx_word' id='word_1_578' title='bbox 4038 5673 4358 5757; x_wconf 88' lang='lat' dir='ltr'><strong>Liazarijs</strong></span> 
     </span>
     <span class='ocr_line' id='line_1_48' title="bbox 719 5779 4361 5866; baseline -0 -23"><span class='ocrx_word' id='word_1_579' title='bbox 719 5779 1143 5862; x_wconf 89' lang='lat' dir='ltr'><strong>decretorum,</strong></span> <span class='ocrx_word' id='word_1_580' title='bbox 1192 5789 1255 5844; x_wconf 90' lang='lat' dir='ltr'><strong>et</strong></span> <span class='ocrx_word' id='word_1_581' title='bbox 1303 5779 1829 5866; x_wconf 81' lang='lat' dir='ltr'><strong>Machagnanum</strong></span> <span class='ocrx_word' id='word_1_582' title='bbox 1876 5781 1955 5844; x_wconf 89' lang='lat' dir='ltr'><strong>de</strong></span> <span class='ocrx_word' id='word_1_583' title='bbox 2002 5781 2396 5866; x_wconf 83' lang='lat' dir='ltr'><strong>Azzoguidis</strong></span> <span class='ocrx_word' id='word_1_584' title='bbox 2443 5789 2507 5846; x_wconf 91' lang='lat' dir='ltr'><strong>et</strong></span> <span class='ocrx_word' id='word_1_585' title='bbox 2549 5782 2819 5845; x_wconf 89' lang='lat' dir='ltr'><strong>Petrum</strong></span> <span class='ocrx_word' id='word_1_586' title='bbox 2865 5780 2944 5845; x_wconf 92' lang='lat' dir='ltr'><strong>de</strong></span> <span class='ocrx_word' id='word_1_587' title='bbox 2991 5781 3361 5866; x_wconf 88' lang='lat' dir='ltr'><strong>Bonipetris</strong></span> <span class='ocrx_word' id='word_1_588' title='bbox 3409 5781 3626 5865; x_wconf 87' lang='lat' dir='ltr'><strong>legum</strong></span> <span class='ocrx_word' id='word_1_589' title='bbox 3669 5780 3982 5863; x_wconf 89' lang='lat' dir='ltr'><strong>doctores,</strong></span> <span class='ocrx_word' id='word_1_590' title='bbox 4026 5780 4361 5844; x_wconf 80' lang='lat' dir='ltr'><strong>ambaxia·</strong></span> 
     </span>
     <span class='ocr_line' id='line_1_49' title="bbox 718 5887 4358 5973; baseline -0 -23"><span class='ocrx_word' id='word_1_591' title='bbox 718 5894 925 5969; x_wconf 89' lang='lat' dir='ltr'><strong>tores,</strong></span> <span class='ocrx_word' id='word_1_592' title='bbox 975 5894 1040 5950; x_wconf 89' lang='lat' dir='ltr'><strong>et</strong></span> <span class='ocrx_word' id='word_1_593' title='bbox 1085 5887 1453 5951; x_wconf 87' lang='lat' dir='ltr'><strong>Rolandum</strong></span> <span class='ocrx_word' id='word_1_594' title='bbox 1501 5888 1826 5973; x_wconf 90' lang='lat' dir='ltr'><strong>quondam</strong></span> <span class='ocrx_word' id='word_1_595' title='bbox 1874 5888 2193 5952; x_wconf 87' lang='lat' dir='ltr'><strong>Johannis</strong></span> <span class='ocrx_word' id='word_1_596' title='bbox 2241 5888 2320 5952; x_wconf 92' lang='lat' dir='ltr'><strong>de</strong></span> <span class='ocrx_word' id='word_1_597' title='bbox 2368 5887 2698 5952; x_wconf 87' lang='lat' dir='ltr'><strong>Fantuciis</strong></span> <span class='ocrx_word' id='word_1_598' title='bbox 2747 5889 3064 5952; x_wconf 87' lang='lat' dir='ltr'><strong>sindicum</strong></span> <span class='ocrx_word' id='word_1_599' title='bbox 3111 5897 3175 5951; x_wconf 88' lang='lat' dir='ltr'><strong>et</strong></span> <span class='ocrx_word' id='word_1_600' title='bbox 3222 5895 3705 5973; x_wconf 90' lang='lat' dir='ltr'><strong>procuratorem</strong></span> <span class='ocrx_word' id='word_1_601' title='bbox 3753 5895 3817 5951; x_wconf 94' lang='lat' dir='ltr'><strong>et</strong></span> <span class='ocrx_word' id='word_1_602' title='bbox 3865 5888 4168 5951; x_wconf 90' lang='lat' dir='ltr'><strong>nuncium</strong></span> <span class='ocrx_word' id='word_1_603' title='bbox 4215 5908 4358 5972; x_wconf 90' lang='lat' dir='ltr'><strong>spe-</strong></span> 
     </span>
     <span class='ocr_line' id='line_1_50' title="bbox 721 5994 4360 6080; baseline -0 -22"><span class='ocrx_word' id='word_1_604' title='bbox 721 5995 949 6058; x_wconf 88' lang='lat' dir='ltr'><strong>cialem</strong></span> <span class='ocrx_word' id='word_1_605' title='bbox 1007 6016 1250 6076; x_wconf 91' lang='lat' dir='ltr'><strong>eorum,</strong></span> <span class='ocrx_word' id='word_1_606' title='bbox 1301 5995 1544 6059; x_wconf 87' lang='lat' dir='ltr'><strong>incolas</strong></span> <span class='ocrx_word' id='word_1_607' title='bbox 1601 5995 2050 6076; x_wconf 77' lang='lat' dir='ltr'><strong>bononienseS,</strong></span> <span class='ocrx_word' id='word_1_608' title='bbox 2101 5995 2184 6059; x_wconf 90' lang='lat' dir='ltr'><strong>ad</strong></span> <span class='ocrx_word' id='word_1_609' title='bbox 2234 6003 2517 6060; x_wconf 89' lang='lat' dir='ltr'><strong>nostram</strong></span> <span class='ocrx_word' id='word_1_610' title='bbox 2580 6003 2644 6060; x_wconf 92' lang='lat' dir='ltr'><strong>et</strong></span> <span class='ocrx_word' id='word_1_611' title='bbox 2706 5996 2997 6080; x_wconf 86' lang='lat' dir='ltr'><strong>ejusdem</strong></span> <span class='ocrx_word' id='word_1_612' title='bbox 3060 5995 3245 6060; x_wconf 81' lang='lat' dir='ltr'><strong>Sedis</strong></span> <span class='ocrx_word' id='word_1_613' title='bbox 3304 5995 3699 6080; x_wconf 88' lang='lat' dir='ltr'><strong>presentiam</strong></span> <span class='ocrx_word' id='word_1_614' title='bbox 3760 5994 4200 6076; x_wconf 89' lang='lat' dir='ltr'><strong>destinarunt,</strong></span> <span class='ocrx_word' id='word_1_615' title='bbox 4249 5994 4360 6079; x_wconf 92' lang='lat' dir='ltr'><strong>qui</strong></span> 
     </span>
     <span class='ocr_line' id='line_1_51' title="bbox 719 6101 4357 6189; baseline -0.001 -23"><span class='ocrx_word' id='word_1_616' title='bbox 719 6122 936 6166; x_wconf 89' lang='lat' dir='ltr'><strong>coram</strong></span> <span class='ocrx_word' id='word_1_617' title='bbox 994 6101 1179 6166; x_wconf 92' lang='lat' dir='ltr'><strong>nobis</strong></span> <span class='ocrx_word' id='word_1_618' title='bbox 1239 6109 1304 6165; x_wconf 89' lang='lat' dir='ltr'><strong>et</strong></span> <span class='ocrx_word' id='word_1_619' title='bbox 1349 6102 1592 6166; x_wconf 82' lang='lat' dir='ltr'><strong>eisdem</strong></span> <span class='ocrx_word' id='word_1_620' title='bbox 1638 6103 1946 6167; x_wconf 88' lang='lat' dir='ltr'><strong>fratribus</strong></span> <span class='ocrx_word' id='word_1_621' title='bbox 1993 6104 2228 6167; x_wconf 90' lang='lat' dir='ltr'><strong>nostris</strong></span> <span class='ocrx_word' id='word_1_622' title='bbox 2277 6104 2342 6167; x_wconf 90' lang='lat' dir='ltr'><strong>in</strong></span> <span class='ocrx_word' id='word_1_623' title='bbox 2389 6103 2766 6168; x_wconf 89' lang='lat' dir='ltr'><strong>consistorio</strong></span> <span class='ocrx_word' id='word_1_624' title='bbox 2832 6102 3089 6189; x_wconf 90' lang='lat' dir='ltr'><strong>publico</strong></span> <span class='ocrx_word' id='word_1_625' title='bbox 3153 6111 3633 6187; x_wconf 86' lang='lat' dir='ltr'><strong>comparentes,</strong></span> <span class='ocrx_word' id='word_1_626' title='bbox 3699 6112 3994 6186; x_wconf 82' lang='lat' dir='ltr'><strong>presente</strong></span> <span class='ocrx_word' id='word_1_627' title='bbox 4057 6102 4124 6164; x_wconf 91' lang='lat' dir='ltr'><strong>in</strong></span> <span class='ocrx_word' id='word_1_628' title='bbox 4187 6102 4357 6166; x_wconf 91' lang='lat' dir='ltr'><strong>dicto</strong></span> 
     </span>
     <span class='ocr_line' id='line_1_52' title="bbox 719 6208 4357 6295; baseline -0 -24"><span class='ocrx_word' id='word_1_629' title='bbox 719 6208 1098 6272; x_wconf 90' lang='lat' dir='ltr'><strong>consistorio</strong></span> <span class='ocrx_word' id='word_1_630' title='bbox 1146 6215 1279 6272; x_wconf 89' lang='lat' dir='ltr'><strong>tam</strong></span> <span class='ocrx_word' id='word_1_631' title='bbox 1327 6210 1723 6295; x_wconf 90' lang='lat' dir='ltr'><strong>prelatorum</strong></span> <span class='ocrx_word' id='word_1_632' title='bbox 1757 6232 1951 6295; x_wconf 90' lang='lat' dir='ltr'><strong>quam</strong></span> <span class='ocrx_word' id='word_1_633' title='bbox 1997 6210 2272 6274; x_wconf 89' lang='lat' dir='ltr'><strong>aliorum</strong></span> <span class='ocrx_word' id='word_1_634' title='bbox 2317 6210 2605 6274; x_wconf 86' lang='lat' dir='ltr'><strong>fidelium</strong></span> <span class='ocrx_word' id='word_1_635' title='bbox 2651 6210 3061 6274; x_wconf 88' lang='lat' dir='ltr'><strong>multitudine</strong></span> <span class='ocrx_word' id='word_1_636' title='bbox 3110 6209 3390 6295; x_wconf 90' lang='lat' dir='ltr'><strong>copiosa,</strong></span> <span class='ocrx_word' id='word_1_637' title='bbox 3426 6230 3466 6272; x_wconf 89' lang='lat' dir='ltr'><strong>a</strong></span> <span class='ocrx_word' id='word_1_638' title='bbox 3506 6209 3690 6272; x_wconf 90' lang='lat' dir='ltr'><strong>nobis</strong></span> <span class='ocrx_word' id='word_1_639' title='bbox 3724 6229 3808 6271; x_wconf 84' lang='lat' dir='ltr'><strong>ex</strong></span> <span class='ocrx_word' id='word_1_640' title='bbox 3840 6217 4023 6294; x_wconf 90' lang='lat' dir='ltr'><strong>parte</strong></span> <span class='ocrx_word' id='word_1_641' title='bbox 4059 6208 4357 6272; x_wconf 88' lang='lat' dir='ltr'><strong>Commu-</strong></span> 
     </span>
     <span class='ocr_line' id='line_1_53' title="bbox 718 6314 4356 6403; baseline 0 -25"><span class='ocrx_word' id='word_1_642' title='bbox 718 6316 839 6398; x_wconf 89' lang='lat' dir='ltr'><strong>nis,</strong></span> <span class='ocrx_word' id='word_1_643' title='bbox 874 6315 1314 6380; x_wconf 86' lang='lat' dir='ltr'><strong>universitatis</strong></span> <span class='ocrx_word' id='word_1_644' title='bbox 1346 6324 1411 6380; x_wconf 89' lang='lat' dir='ltr'><strong>et</strong></span> <span class='ocrx_word' id='word_1_645' title='bbox 1440 6316 1665 6402; x_wconf 90' lang='lat' dir='ltr'><strong>populi</strong></span> <span class='ocrx_word' id='word_1_646' title='bbox 1711 6317 2144 6403; x_wconf 90' lang='lat' dir='ltr'><strong>predictorum</strong></span> <span class='ocrx_word' id='word_1_647' title='bbox 2193 6318 2423 6382; x_wconf 88' lang='lat' dir='ltr'><strong>devote</strong></span> <span class='ocrx_word' id='word_1_648' title='bbox 2472 6324 2535 6382; x_wconf 90' lang='lat' dir='ltr'><strong>et</strong></span> <span class='ocrx_word' id='word_1_649' title='bbox 2582 6318 2842 6382; x_wconf 89' lang='lat' dir='ltr'><strong>humilis</strong></span> <span class='ocrx_word' id='word_1_650' title='bbox 2890 6317 3399 6403; x_wconf 89' lang='lat' dir='ltr'><strong>supplicationis,</strong></span> <span class='ocrx_word' id='word_1_651' title='bbox 3434 6323 3505 6379; x_wconf 91' lang='lat' dir='ltr'><strong>ut</strong></span> <span class='ocrx_word' id='word_1_652' title='bbox 3551 6316 3759 6402; x_wconf 90' lang='lat' dir='ltr'><strong>prima</strong></span> <span class='ocrx_word' id='word_1_653' title='bbox 3799 6314 3965 6380; x_wconf 87' lang='lat' dir='ltr'><strong>facie</strong></span> <span class='ocrx_word' id='word_1_654' title='bbox 3997 6314 4356 6397; x_wconf 88' lang='lat' dir='ltr'><strong>videbatur,</strong></span> 
     </span>
     <span class='ocr_line' id='line_1_54' title="bbox 717 6422 4358 6510; baseline -0.001 -23"><span class='ocrx_word' id='word_1_655' title='bbox 717 6422 1048 6507; x_wconf 90' lang='lat' dir='ltr'><strong>instantia,</strong></span> <span class='ocrx_word' id='word_1_656' title='bbox 1097 6423 1507 6509; x_wconf 90' lang='lat' dir='ltr'><strong>postularunt</strong></span> <span class='ocrx_word' id='word_1_657' title='bbox 1552 6430 1624 6488; x_wconf 93' lang='lat' dir='ltr'><strong>ut</strong></span> <span class='ocrx_word' id='word_1_658' title='bbox 1676 6445 1813 6508; x_wconf 90' lang='lat' dir='ltr'><strong>nos,</strong></span> <span class='ocrx_word' id='word_1_659' title='bbox 1863 6446 1990 6489; x_wconf 93' lang='lat' dir='ltr'><strong>non</strong></span> <span class='ocrx_word' id='word_1_660' title='bbox 2039 6425 2444 6489; x_wconf 88' lang='lat' dir='ltr'><strong>attendentes</strong></span> <span class='ocrx_word' id='word_1_661' title='bbox 2491 6424 2785 6509; x_wconf 88' lang='lat' dir='ltr'><strong>ejusdem</strong></span> <span class='ocrx_word' id='word_1_662' title='bbox 2829 6424 3051 6510; x_wconf 91' lang='lat' dir='ltr'><strong>populi</strong></span> <span class='ocrx_word' id='word_1_663' title='bbox 3113 6424 3547 6510; x_wconf 89' lang='lat' dir='ltr'><strong>insipientiam</strong></span> <span class='ocrx_word' id='word_1_664' title='bbox 3595 6429 3659 6486; x_wconf 89' lang='lat' dir='ltr'><strong>et</strong></span> <span class='ocrx_word' id='word_1_665' title='bbox 3705 6442 4044 6504; x_wconf 80' lang='lat' dir='ltr'><strong>excessus,</strong></span> <span class='ocrx_word' id='word_1_666' title='bbox 4093 6422 4207 6485; x_wconf 90' lang='lat' dir='ltr'><strong>sed</strong></span> <span class='ocrx_word' id='word_1_667' title='bbox 4255 6424 4358 6508; x_wconf 91' lang='lat' dir='ltr'><strong>pie</strong></span> 
     </span>
     <span class='ocr_line' id='line_1_55' title="bbox 719 6530 4360 6616; baseline -0.001 -21"><span class='ocrx_word' id='word_1_668' title='bbox 719 6530 1200 6596; x_wconf 89' lang='lat' dir='ltr'><strong>considerantes</strong></span> <span class='ocrx_word' id='word_1_669' title='bbox 1248 6531 1539 6616; x_wconf 88' lang='lat' dir='ltr'><strong>ejusdem</strong></span> <span class='ocrx_word' id='word_1_670' title='bbox 1590 6531 1773 6596; x_wconf 83' lang='lat' dir='ltr'><strong>Sedis</strong></span> <span class='ocrx_word' id='word_1_671' title='bbox 1821 6540 1886 6596; x_wconf 90' lang='lat' dir='ltr'><strong>et</strong></span> <span class='ocrx_word' id='word_1_672' title='bbox 1932 6554 2196 6597; x_wconf 87' lang='lat' dir='ltr'><strong>romane</strong></span> <span class='ocrx_word' id='word_1_673' title='bbox 2243 6532 2533 6596; x_wconf 88' lang='lat' dir='ltr'><strong>Ecclesie</strong></span> <span class='ocrx_word' id='word_1_674' title='bbox 2580 6531 3045 6616; x_wconf 90' lang='lat' dir='ltr'><strong>benignitatem</strong></span> <span class='ocrx_word' id='word_1_675' title='bbox 3091 6539 3155 6594; x_wconf 91' lang='lat' dir='ltr'><strong>et</strong></span> <span class='ocrx_word' id='word_1_676' title='bbox 3203 6530 3611 6594; x_wconf 89' lang='lat' dir='ltr'><strong>clementiam</strong></span> <span class='ocrx_word' id='word_1_677' title='bbox 3655 6537 4049 6612; x_wconf 88' lang='lat' dir='ltr'><strong>consuetam,</strong></span> <span class='ocrx_word' id='word_1_678' title='bbox 4084 6536 4148 6593; x_wconf 91' lang='lat' dir='ltr'><strong>et</strong></span> <span class='ocrx_word' id='word_1_679' title='bbox 4190 6530 4360 6614; x_wconf 91' lang='lat' dir='ltr'><strong>quod</strong></span> 
     </span>
    </p>
   </div>
   <div class='ocr_carea' id='block_1_3' title="bbox 881 6657 4196 6707">
    <p class='ocr_par' dir='ltr' id='par_1_3' title="bbox 881 6657 4196 6707">
     <span class='ocr_line' id='line_1_56' title="bbox 881 6657 4196 6707; baseline -0.001 -1"><span class='ocrx_word' id='word_1_680' title='bbox 881 6670 1019 6707; x_wconf 75' lang='lat' dir='ltr'><strong>ron.</strong></span> <span class='ocrx_word' id='word_1_681' title='bbox 1060 6670 1124 6707; x_wconf 89' lang='lat'><strong>11.</strong></span> <span class='ocrx_word' id='word_1_682' title='bbox 4133 6657 4196 6705; x_wconf 85' lang='lat'><strong>15</strong></span> 
     </span>
    </p>
   </div>
  </div>
 </body>
</html>
