5542 7775
1201 560 1301 633 80
2778 579 3260 630 MONUMBNTA

1376 734 1545 799 Item
1592 733 1869 819 reliquid
1918 733 2053 798 iure
2102 733 2303 819 legati
2351 732 2819 797 Bonavanture
2867 732 2945 795 de
2993 731 3334 816 Argellata
3381 731 3459 794 de
3505 730 3882 816 Paganellis
3930 738 4188 795 centum
4233 731 4432 795 libras
4465 731 4834 798 bononeno-

1198 863 1362 906 rum.
1412 841 1577 906 Item
1626 840 1900 926 reliquid
1951 841 2089 906 iure
2151 841 2354 926 legati
2398 839 2555 904 mihi
2600 839 2867 905 Andree
2928 839 3236 903 Petrizoli
3283 838 3610 903 Albertini
3655 838 3735 902 de
3779 837 4053 920 Badalo,
4102 839 4353 904 notario
4400 839 4831 927 infrascriptO,

1195 948 1663 1035 quinqucginta
1710 949 1909 1013 libras
1958 948 2466 1013 bononenorum.
2510 947 2676 1011 Item
2724 946 3000 1033 reliquid
3049 947 3184 1011 iure
3233 946 3432 1031 legati
3480 946 3824 1010 conventui
3870 945 4175 1010 Fratrum
4219 946 4708 1012 Predicatorum
4753 948 4832 1014 (16

1195 1056 1495 1122 Bononia
1542 1057 1929 1143 quingentas
1977 1056 2177 1120 libras
2223 1055 2745 1137 bononenorum,
2794 1063 2860 1119 et
2905 1054 3046 1119 vult
3091 1061 3156 1118 ct
3203 1053 3463 1118 mandat
3514 1053 3685 1139 quod
3733 1053 3811 1118 (16
3858 1053 4165 1140 predictis
4224 1054 4593 1140 quingentis
4650 1056 4830 1121 libris

1192 1163 1680 1229 bononenorum
1727 1163 1839 1227 fiat
1886 1184 2019 1227 una
2065 1171 2256 1227 trnna
2301 1162 2579 1248 desuper
2633 1170 2698 1225 et
2744 1183 2942 1248 supra
2990 1162 3197 1226 voltas
3244 1161 3449 1226 altare
3495 1184 3547 1225 s.
3581 1160 3814 1226 Jacobi
3859 1169 3924 1225 et
3971 1184 4021 1226 s.
4065 1161 4401 1226 Laurentii
4446 1163 4511 1226 in
4560 1164 4831 1228 ecclesia

1194 1294 1245 1336 s.
1293 1270 1654 1354 Dominici,
1704 1279 1769 1336 et
1816 1270 1906 1335 ibi
1949 1270 2109 1335 fiant
2158 1269 2285 1334 duo
2333 1269 2566 1334 altaria
2613 1290 2812 1333 unum
2860 1268 2941 1333 ad
2989 1269 3297 1333 honorem
3352 1268 3526 1332 beati
3589 1268 3882 1354 Matthey
3929 1269 4264 1355 Apostoli,
4313 1283 4376 1334 et
4425 1270 4701 1335 alterum
4746 1272 4828 1336 ad

1194 1379 1504 1443 honorem
1551 1378 1742 1442 beate
1789 1377 2161 1460 Katheline,
2206 1385 2277 1440 ut
2324 1377 2413 1441 ibi
2459 1383 2770 1462 perpetuo
2820 1375 3225 1440 celebrentur
3272 1375 3462 1439 misse
3510 1396 3626 1460 pro
3673 1375 3890 1439 anima
3939 1397 4076 1459 sua,
4117 1384 4181 1440 et
4226 1377 4397 1464 patri
4442 1378 4543 1442 sui
4589 1378 4829 1443 domini

1195 1484 1602 1568 Oddoffredi,
1651 1492 1715 1550 et
1760 1484 1954 1549 matri
2001 1505 2151 1566 sue,
2200 1492 2265 1548 et
2311 1483 2477 1566 filie,
2525 1491 2590 1548 et
2636 1483 2921 1548 omnium
2968 1505 3230 1547 suorum
3278 1482 3553 1547 aliorum
3598 1489 4019 1548 mortuorum.

1375 1593 1540 1658 Item
1588 1592 1865 1678 reliquid
1928 1592 2066 1655 iure
2128 1591 2331 1676 legati
2391 1590 2733 1656 conventui
2790 1590 3062 1654 fratrum
3111 1590 3432 1654 Minorum
3481 1589 3559 1654 dc
3607 1589 3903 1654 Bononia
3950 1590 4336 1676 quingentas
4385 1592 4582 1657 libras
4631 1594 4828 1660 bono-

1193 1722 1527 1782 nenorum,
1577 1707 1642 1764 et
1689 1700 1953 1764 mandat
2002 1698 2173 1784 quod
2220 1698 2299 1763 de
2348 1698 2534 1762 dictis
2582 1697 2951 1784 quingentis
2999 1697 3178 1762 libris
3225 1697 3712 1762 bononenorum
3757 1697 4037 1762 debeant
4082 1698 4222 1763 fieri
4270 1699 4331 1763 in
4376 1701 4649 1765 ecclesia
4702 1701 4829 1765 fra-

1194 1819 1368 1876 trum
1400 1810 1723 1874 Minorum
1756 1808 1939 1871 iuxta
1971 1807 2178 1873 altare
2218 1829 2269 1872 s.
2305 1807 2496 1872 Clare
2542 1807 2669 1870 tria
2714 1806 2982 1870 altaria:
3017 1807 3295 1892 primum
3339 1806 3544 1870 altare
3592 1805 3676 1869 ad
3721 1805 4031 1871 honorem
4078 1807 4250 1871 beati
4297 1808 4477 1872 Petri
4507 1809 4826 1895 Apostoli,

1194 1917 1545 1983 secundum
1594 1916 1797 1980 altare
1846 1914 1929 1979 ad
1975 1916 2284 1979 honorem
2332 1913 2507 1979 beati
2554 1913 2746 1978 Pauli
2792 1913 3123 1999 Apostoli,
3173 1913 3443 1977 tercium
3504 1913 3709 1977 altare
3770 1912 3853 1977 ad
3913 1913 4224 1978 honorem
4281 1915 4454 1980 beati
4509 1916 4827 1983 Johannis

1191 2024 1633 2110 Evangeliste,
1666 2030 1731 2087 et
1762 2023 1852 2087 ibi
1885 2029 2197 2108 perpetuo
2245 2021 2651 2086 celebrentur
2698 2021 2890 2085 misse
2937 2042 3053 2106 pro
3103 2020 3319 2084 anima
3366 2042 3504 2103 sua,
3554 2030 3618 2084 et
3664 2020 3834 2107 patri
3879 2021 3978 2085 sui
4026 2021 4267 2087 domini
4316 2023 4714 2109 Oddoffrcdi,
4763 2032 4828 2091 et

1193 2131 1418 2197 matris
1466 2153 1601 2213 sne,
1651 2137 1716 2194 et
1762 2129 1913 2212 filie,
1962 2135 2027 2193 et
2073 2128 2355 2192 omnium
2405 2127 2679 2192 aliorum
2726 2148 2987 2191 suorum
3037 2135 3456 2191 mortuorum.

1373 2239 1540 2304 Item
1584 2237 1861 2323 reliquid
1922 2258 2039 2322 pro
2100 2236 2497 2323 paramentis
2545 2235 2922 2300 altariorum
2977 2235 3262 2320 predicto
3326 2235 3667 2299 conventui
3715 2235 3991 2300 fratrum
4033 2236 4525 2302 Predicatorum
4571 2248 4826 2304 centum

1191 2347 1391 2412 libras
1439 2347 1956 2426 bononenorum,
2006 2352 2071 2408 et
2118 2343 2463 2409 conventui
2521 2343 2796 2407 fratrum
2842 2342 3165 2407 Minoi-um
3214 2364 3330 2428 pro
3385 2343 3779 2429 paramentis
3849 2343 4166 2408 dictorum
4226 2345 4604 2410 altariorum
4667 2348 4827 2412 alias

1193 2463 1450 2520 centum
1493 2454 1695 2518 libras
1741 2453 2247 2517 bononenorum.
2295 2450 2383 2515 Et
2429 2450 2483 2515 si
2530 2450 2683 2515 dicti
2744 2450 2978 2514 fratres
3023 2449 3510 2531 Predicatores,
3559 2451 3663 2515 vcl
3718 2450 3953 2515 fratres
4015 2452 4299 2517 Minores
4362 2454 4534 2518 dicta
4596 2455 4828 2520 altaria

1192 2571 1257 2627 et
1303 2582 1502 2648 opera
1548 2560 1919 2647 supradicta
1965 2560 2180 2623 facere
2228 2565 2619 2640 recusarent,
2652 2565 2806 2622 tunc
2855 2564 2919 2621 et
2966 2579 3041 2621 eo
3089 2579 3243 2621 casu
3288 2557 3503 2621 facere
3551 2559 3997 2623 recusantibus
4044 2560 4436 2645 supradicta,
4471 2561 4717 2647 adymit
4763 2570 4826 2628 et

1191 2677 1405 2735 cassat
1454 2669 1518 2732 in
1565 2675 1769 2733 totum
1812 2667 2102 2753 predicta
2148 2665 2389 2752 legata,
2430 2672 2494 2729 et
2541 2664 2814 2752 precipit
2860 2672 2924 2728 et
2971 2664 3234 2729 mandat
3290 2665 3459 2750 quod
3509 2665 3680 2730 dicta
3730 2687 3927 2752 opera
3972 2675 4036 2732 et
4083 2667 4317 2732 altaria
4365 2669 4642 2734 debeant
4689 2671 4828 2735 ficri

1192 2776 1362 2841 infra
1408 2796 1649 2840 annum
1697 2796 1737 2838 a
1784 2774 1887 2838 die
1933 2773 2155 2839 mortis
2204 2773 2404 2861 ipsius
2450 2772 2691 2837 domini
2738 2772 3015 2836 Alberti.

1369 2883 1535 2948 Item
1581 2882 1853 2969 precipit
1900 2888 1965 2946 et
2012 2881 2279 2945 mandat
2326 2880 2495 2966 quod
2543 2879 2816 2944 heredes
2863 2879 2962 2942 sni
3010 2900 3138 2943 non
3184 2878 3462 2944 debeant
3522 2881 3900 2965 molestare,
3950 2882 4310 2969 inquietare
4367 2884 4822 2968 Benedictum,

1191 2992 1550 3057 Iohannem
1597 2997 1662 3055 et
1706 2989 1979 3054 Luziam
2024 2988 2103 3053 de
2152 2988 2383 3072 legatis
2446 2987 2690 3052 eisdem
2734 2987 2973 3051 relictis
3021 2986 3242 3071 aliqua
3288 2987 3536 3053 ratione
3585 2988 3687 3052 vel
3737 3010 3971 3072 causa,
4020 2990 4099 3055 de
4140 2992 4286 3075 jure
4335 2991 4438 3056 vel
4485 2992 4566 3056 de
4614 2993 4824 3076 facto;

1190 3107 1255 3164 et
1301 3098 1357 3163 si
1401 3097 1723 3186 predictos
1771 3096 2188 3161 molestarent
2236 3096 2340 3159 vel
2387 3095 2840 3180 inquietarent,
2875 3094 2977 3158 vel
3026 3094 3302 3158 alterum
3349 3117 3591 3178 corum,
3626 3096 3846 3182 aliqua
3886 3099 4134 3163 ratione
4183 3099 4286 3164 vel
4329 3121 4545 3183 causa,
4579 3108 4731 3165 tunc
4763 3108 4827 3166 ct

1189 3227 1265 3271 eo
1314 3227 1469 3271 casu
1518 3206 1731 3292 privat
1778 3226 1888 3268 eos
1934 3202 2315 3285 hereditate,
2358 3208 2423 3266 et
2469 3201 2553 3266 ad
2600 3223 2748 3265 eum
2804 3201 2914 3287 qui
2961 3223 3086 3265 non
3136 3201 3506 3266 molestaret
3553 3203 3657 3267 vel
3704 3203 4092 3290 inquietaret
4139 3207 4459 3292 predictos
4507 3207 4570 3271 in
4621 3206 4829 3293 predi·

1190 3314 1308 3378 ctis
1355 3314 1590 3400 legatis
1636 3312 1778 3376 vult
1822 3310 1889 3375 in
1934 3317 2142 3375 totum
2187 3309 2614 3374 hereditatem
2671 3309 2991 3395 pertinere
3040 3315 3104 3373 et
3151 3309 3232 3373 ad
3281 3331 3423 3373 eam
3483 3311 3907 3376 hereditatem
3970 3312 4294 3378 devenire.
4343 3313 4428 3378 Et
4489 3316 4543 3379 si
4607 3336 4826 3379 omnes

1188 3421 1460 3487 heredes
1507 3418 1777 3508 predicti
1824 3417 2069 3483 domini
2118 3417 2369 3482 Alberti
2415 3417 2882 3502 inquietarent,
2930 3417 3036 3481 vel
3084 3418 3500 3483 molestarent
3562 3419 3884 3504 predictos
3944 3420 4010 3484 in
4072 3421 4378 3507 predictis
4443 3423 4675 3506 legatis
4721 3424 4826 3488 vel

1189 3529 1466 3594 alterum
1511 3548 1769 3609 eorum,
1818 3532 1971 3590 tunc
2033 3531 2098 3590 et
2159 3546 2235 3589 6ο
2284 3545 2437 3589 casu
2480 3524 2621 3589 vult
2664 3524 3090 3589 hereditatem
3135 3547 3320 3589 suam
3365 3526 3702 3611 pervenire
3751 3527 3834 3591 ad
3889 3528 4209 3615 hospitale
4265 3530 4469 3594 sancti
4515 3530 4826 3595 Iohannis

1189 3633 1757 3716 Zerosolomitani‚
1805 3639 1871 3697 et
1931 3631 2013 3695 ad
2074 3630 2335 3696 domum
2399 3630 2915 3717 Templariorum
2979 3631 3548 3714 Zcrosolomitani3
3597 3641 3660 3697 et
3721 3655 3798 3698 eo
3863 3655 4014 3699 casu
4078 3635 4321 3700 dictum
4381 3636 4701 3722 hospitale
4763 3647 4828 3703 et

1187 3743 1449 3808 domum
1496 3740 2013 3826 Templariorum
2075 3738 2200 3803 sibi
2259 3738 2530 3802 heredes
2592 3738 2902 3820 instituit,
2950 3745 3015 3802 et
3077 3739 3346 3803 heredes
3402 3740 3524 3804 sibi
3572 3740 3897 3806 institutos
3944 3741 4010 3805 in
4057 3741 4229 3807 dicto
4277 3764 4392 3806 suo
4439 3750 4824 3811 testamento

1188 3851 1404 3939 privat
1450 3871 1490 3914 a
1537 3850 1710 3914 dicta
1754 3868 1872 3913 sua
1920 3846 2279 3912 hereditate
2327 3852 2391 3911 et
2438 3845 2618 3910 illam
2661 3845 3086 3912 hereditatem
3150 3846 3458 3913 transfert
3518 3848 3600 3913 ad
3655 3848 4010 3934 predictum
4066 3850 4385 3937 hospitale
4447 3858 4512 3916 et
4567 3853 4826 3918 domum

1188 3958 1705 4045 Templariorum
1744 3957 1892 4041 jure
1941 3954 2382 4020 institutionis.

1363 4065 1528 4129 Item
1576 4063 1851 4149 reliquid
1897 4062 2133 4148 Egidio
2179 4061 2259 4126 de
2305 4061 2566 4147 Ugiano
2612 4062 3029 4147 septuaginta
3077 4062 3277 4127 libras
3324 4063 3831 4129 bononenorum.

1366 4172 1534 4236 Item
1580 4170 1913 4235 mandavit
1959 4176 2024 4233 et
2070 4168 2273 4233 voluit
2321 4167 2493 4254 quod
2554 4168 2788 4233 dentur
2847 4169 3119 4249 ducente
3182 4170 3346 4235 libre
3407 4172 3894 4236 bononenorum
3955 4194 4084 4238 uno
4143 4174 4367 4256 militi,
4417 4175 4527 4261 qui
4590 4176 4822 4260 vadat,

1187 4301 1333 4345 cum
1378 4280 1488 4344 fiet
1534 4277 1843 4342 transitus
1891 4275 2213 4361 generalis
2262 4276 2432 4340 ultra
2480 4296 2686 4358 mare,
2735 4276 2801 4339 in
2848 4276 3204 4341 subsidium
3258 4277 3459 4342 Terre
3524 4278 3760 4343 Sancte
3822 4301 3908 4344 ex
3967 4279 4385 4367 Indulgentia
4446 4283 4679 4370 Papali
4741 4284 4822 4348 ad

1186 4385 1489 4450 standum
1536 4405 1653 4471 per
1700 4404 1897 4447 unum
1945 4404 2185 4446 annum
2232 4403 2349 4466 pro
2398 4382 2613 4445 anima
2659 4381 2860 4467 ipsius
2907 4382 3147 4447 domini
3192 4384 3470 4449 Alberti.

1366 4493 1535 4557 Item
1580 4490 1856 4578 precipit
1902 4496 1967 4555 et
2015 4488 2279 4553 mandat
2334 4488 2506 4575 quod
2553 4489 2768 4553 omnia
2824 4510 2948 4574 que
2995 4511 3124 4554 non
3171 4498 3561 4577 apparerent
3606 4493 3818 4557 soluta
3865 4515 3948 4558 ex
3995 4501 4379 4561 testamento
4414 4496 4655 4561 domini
4690 4497 4821 4563 Od-

1189 4600 1461 4666 doffredi
1506 4600 1710 4687 patris
1757 4597 1878 4680 sui,
1929 4597 2101 4683 quod
2147 4597 2498 4661 secundum
2546 4595 2821 4661 formam
2868 4595 3021 4661 dicti
3067 4600 3438 4664 testamenti
3485 4600 3839 4666 solvantur.

1367 4708 1534 4772 Item
1578 4707 1853 4794 precipit
1898 4714 1963 4771 et
2011 4705 2275 4769 mandat
2321 4703 2493 4789 quod
2537 4704 2605 4768 in
2653 4703 2757 4768 die
2805 4705 3132 4790 sepulture
3180 4727 3293 4771 sue
3339 4708 3662 4772 molantur
3709 4709 4180 4796 quinquaginta
4235 4710 4426 4776 corbe
4475 4712 4818 4796 frumenti,

1193 4823 1257 4880 et
1303 4816 1461 4880 fiant
1506 4836 1706 4902 panes
1754 4812 1832 4877 de
1880 4835 1999 4877 sex
2045 4811 2253 4896 uncijs
2302 4810 2448 4893 coti,
2498 4817 2562 4875 et
2610 4811 2872 4875 cuilibet
2919 4814 3189 4899 pauperi
3235 4815 3423 4878 detur
3468 4836 3633 4880 nnus
3696 4817 3915 4902 panis,
3964 4828 4029 4882 et
4089 4819 4142 4882 si
4206 4818 4359 4883 dicti
4423 4840 4625 4904 panes
4695 4841 4822 4884 non

1188 4924 1574 5006 sufficerent,
1625 4921 1795 5007 quod
1845 4920 2034 4984 detur
2079 4918 2344 4984 cuilibet
2392 4918 2661 5004 pauperi
2710 4940 2874 4984 unus
2922 4919 3243 4986 denarius.

1368 5030 1536 5095 Item
1582 5028 1860 5115 reliquid
1905 5026 2213 5091 fratribus
2258 5025 2802 5109 Predicatoribus,
2837 5035 2900 5091 et
2947 5027 3254 5093 fratribus
3300 5029 3658 5095 Minoribus
3704 5030 3783 5095 de
3830 5031 4125 5097 Bononia
4191 5034 4478 5119 quolibet
4526 5055 4696 5099 anno
4743 5035 4822 5099 de

1190 5138 1441 5203 meliori
1486 5144 1551 5202 et
1598 5135 1950 5224 pulchriori
1997 5134 2339 5217 frumentO,
2374 5133 2545 5219 quod
2592 5134 2932 5220 colligetur
2977 5135 3041 5199 in
3086 5137 3597 5222 possessionibus
3646 5137 3845 5223 ipsius
3876 5138 4118 5203 domini
4149 5140 4406 5205 Alberti
4437 5163 4554 5227 pro
4588 5142 4821 5207 oblatis

1190 5254 1256 5310 et
1302 5266 1568 5332 corpore
1617 5242 1857 5309 Christi
1905 5240 2221 5324 faciendO,
2257 5248 2568 5327 quantum
2615 5248 2714 5305 est
2758 5242 3189 5307 necessarium
3239 5244 3541 5330 predictis
3589 5244 3899 5309 fratribus
3931 5246 4456 5313 Predicatoribus
4505 5256 4568 5313 et
4615 5249 4822 5313 Mino-

1190 5353 1390 5436 ribus,
1438 5360 1503 5417 et
1550 5351 1847 5416 omnibus
1895 5351 2038 5415 aliis
2085 5349 2508 5414 conventibus
2555 5349 2860 5414 Fratrum
2904 5348 2983 5414 dc
3029 5349 3346 5434 Bononia,
3380 5359 3444 5416 et
3491 5352 3798 5416 comitatu
3843 5360 3908 5417 ct
3952 5353 4223 5418 aliorum
4259 5355 4545 5420 omnium
4575 5356 4821 5443 presbi-

1189 5468 1474 5526 terorum
1523 5459 1602 5523 de
1651 5458 1912 5525 civitate
1960 5464 2025 5522 et
2071 5457 2377 5522 comitatu
2425 5457 2737 5522 Bononie.
2785 5457 2872 5522 Et
2919 5456 3040 5544 ipsi
3087 5458 3320 5523 fratres
3367 5459 3814 5524 Predicatores
3861 5467 3927 5524 ct
3972 5460 4255 5526 Minores
4294 5444 4636 5527 teneantur
4666 5463 4821 5529 dare

1190 5569 1410 5634 oblata
1471 5567 1607 5631 sive
1672 5565 2010 5631 oblaticias
2070 5586 2188 5651 pro
2235 5585 2501 5650 corpore
2551 5564 2791 5630 Christi
2835 5564 3255 5630 sacrificando
3313 5566 3608 5630 omnibus
3653 5566 3961 5631 fratribus
4010 5575 4074 5632 et
4120 5569 4493 5656 presbiteris
4539 5570 4619 5635 de
4667 5571 4821 5634 civi-

1187 5682 1321 5741 tate
1367 5681 1432 5738 et
1478 5673 1785 5738 comitatu
1833 5673 2147 5738 Bononie.

1366 5782 1533 5846 Item
1581 5780 1856 5866 reliquid
1905 5781 2249 5844 conventui
2297 5779 2597 5843 Fratrum
2645 5779 3136 5845 Predicatorum
3182 5780 3262 5845 de
3307 5781 3604 5846 Bononia
3652 5784 3940 5868 quolibet
3986 5805 4155 5848 anno
4197 5784 4560 5870 quindecim
4594 5786 4820 5850 corbas

1186 5891 1320 5956 vini
1366 5890 1446 5954 de
1494 5889 1733 5953 albana
1780 5889 1859 5953 dc
1908 5889 2176 5971 meliori,
2212 5887 2382 5974 quod
2430 5887 2755 5971 colligitur
2802 5888 2881 5952 de
2927 5888 3131 5952 vineis
3179 5890 3380 5976 ipsius
3427 5890 3667 5955 domini
3713 5892 3968 5956 Albcrti
4008 5893 4087 5956 de
4123 5893 4487 5958 Castenaxe
4533 5915 4649 5980 pro
4683 5916 4820 5959 cor-

1184 6020 1340 6085 pore
1391 5997 1630 6063 Christi
1675 5995 2118 6061 sacrificando.

1366 6105 1532 6170 Item
1595 6103 1872 6190 reliquid
1933 6103 2241 6167 fratribus
2288 6102 2647 6167 Minoribus
2694 6101 2773 6166 de
2822 6101 3118 6167 Bononia
3164 6103 3451 6189 quolibet
3500 6126 3667 6169 anno
3716 6105 3937 6169 decem
3984 6106 4212 6171 corbas
4255 6107 4390 6171 vini
4435 6107 4514 6172 de
4562 6108 4820 6192 albana,

1184 6213 1354 6299 quod
1404 6208 1729 6299 colligitur
1777 6212 1856 6276 de
1904 6212 2131 6276 eadem
2178 6209 2369 6274 vinea
2416 6210 2496 6274 (16
2543 6209 2814 6274 meliori.

1361 6321 1528 6386 Item
1590 6318 1867 6406 reliquid
1938 6317 2278 6383 conventui
2332 6316 2605 6381 fratrum
2651 6316 3224 6383 Heremitanorum
3272 6318 3512 6383 ordinis
3559 6320 3765 6385 sancti
3811 6319 4034 6384 Iacobi
4080 6327 4279 6385 strate
4327 6321 4531 6386 sancti
4578 6321 4822 6386 Donati

1181 6429 1262 6495 de
1307 6428 1605 6494 Bononia
1653 6427 1936 6514 quinque
1984 6426 2213 6491 corbas
2262 6423 2396 6489 vini
2444 6423 2523 6488 de
2571 6425 2812 6489 albana
2857 6424 2938 6490 de
2987 6426 3239 6491 meliori
3302 6426 3590 6512 quolibet
3644 6449 3812 6491 anno
3861 6448 3976 6513 pro
4024 6448 4289 6513 corpore
4339 6428 4578 6493 Christi
4623 6429 4819 6494 sacri-

1181 6536 1455 6602 ficando.
