5542 7775
1294 626 1389 696 52
2872 644 3355 697 uenum-:Nn

1289 803 1456 867 tiens
1504 802 1778 867 comissa
1827 802 2055 884 fuerit3
2100 822 2227 888 qua
2274 802 2521 884 soluta,
2572 801 2677 866 vel
2724 822 2889 884 non,
2937 801 3202 865 laudum
3249 810 3313 866 et
3362 802 3578 868 omnia
3625 824 3748 890 que
3798 802 3860 867 in
3909 824 3986 867 99
4035 803 4463 888 99911999191,
4512 803 4577 868 19
4623 825 4738 869 999
4787 826 4929 892 per-

1290 916 1597 974 maneant
1642 909 1946 973 firmitate
1994 915 2058 973 91
2106 908 2502 994 obligatione
2549 908 2866 973 bonorum
2915 908 3219 973 Comunis
3266 908 3602 974 Faventie.

1467 1016 1967 1081 Pronuntiatum
2016 1015 2137 1079 fuit
2183 1015 2304 1080 hoe
2352 1015 2617 1079 laudum
2663 1037 2782 1102 per
2828 1015 3067 1080 dictum
3115 1014 3600 1081 Bonaeurxium
3633 1016 3712 1081 de
3756 1017 4081 1083 Surixana
4111 1019 4509 1083 Potestatem
4541 1017 4929 1084 Β99991919

1290 1124 1533 1210 palatio
1582 1123 1785 1188 veteri
1828 1123 2133 1188 Comunis
2180 1123 2509 1205 Bononie,
2558 1129 2953 1209 congregato
3014 1123 3298 1188 Consilio
3362 1124 3650 1210 generali
3712 1133 3776 1188 91
3823 1126 4077 1211 spetiali
4126 1125 4432 1191 Comunis
4477 1126 4769 1191 Bononie
4813 1149 4932 1214 per

1290 1253 1519 1295 sonum
1568 1251 2048 1317 campanarum,
2083 1251 2260 1294 more
2302 1230 2512 1313 solito,
2547 1230 2665 1294 sub
2715 1251 2887 1294 anno
2927 1230 3189 1295 Domini
3223 1230 3562 1297 millesimo
3596 1231 4034 1297 ducentesimo
4069 1233 4603 1320 quinquagesimo
4636 1234 4928 1321 septime,

1290 1337 1635 1403 indictione
1685 1337 2181 1424 quintadecima,
2230 1337 2334 1401 die
2382 1336 2760 1402 duodecimo
2808 1344 3087 1401 exeunte
3136 1337 3483 1402 februariO.

1468 1444 1891 1509 Presentibus
1938 1444 2197 1509 domino
2244 1444 2526 1509 Martiae
2572 1443 2653 1509 de
2698 1444 2960 1529 Burgo,
3010 1444 3268 1509 domino
3315 1444 3763 1510 Bonavintura
3810 1446 3888 1511 de
3938 1446 4332 1533 SavignanO,
4380 1447 4601 1534 legum
4646 1448 4928 1533 doctore,

1290 1561 1355 1617 et
1402 1552 1659 1618 domino
1706 1552 2036 1639 Raynerio
2087 1552 2168 1616 de
2214 1550 2551 1634 Liazariis,
2600 1551 2860 1616 domino
2907 1551 3329 1617 Lambertino
3378 1551 3694 1618 Guidonis
3742 1552 4100 1638 Buvalelli,
4140 1554 4398 1620 domino
4445 1555 4802 1622 Arimondo
4849 1556 4930 1621 de

1288 1659 1663 1725 Romanciis
1709 1667 1775 1724 et
1822 1659 2080 1724 domiuo
2126 1657 2411 1723 Rodulfo
2458 1659 2539 1723 de
2589 1658 2921 1724 Graidano
2968 1666 3031 1723 et
3081 1658 3340 1724 domino
3389 1659 3754 1725 Guinizello
3801 1661 4045 1726 domiui
4086 1662 4398 1748 Magnani
4429 1669 4495 1727 et
4525 1663 4783 1728 domino
4814 1663 4930 1729 Ja-

1293 1767 1522 1833 cobino
1568 1767 1831 1832 Botatio
1878 1773 1943 1831 et
1987 1766 2247 1831 domino
2293 1766 2479 1831 Bono
2526 1765 2778 1831 Jacobo
2828 1766 3209 1853 Squartouis
3256 1773 3321 1832 et
3368 1767 3659 1854 pluribus
3707 1768 3873 1852 aliis,
3923 1775 4119 1834 testes
4165 1771 4376 1856 rogati
4423 1778 4488 1836 et
4533 1772 4765 1837 vocati.

1464 1876 1609 1961 Ego
1655 1875 2011 1941 Jacebinus
2059 1875 2228 1938 filius
2274 1874 2630 1958 Ribaldini,
2679 1874 3001 1961 imperiali
3047 1875 3430 1939 auctoritate
3477 1876 3796 1960 notarius,
3845 1883 3909 1941 et
3955 1884 4107 1943 111119
4156 1878 4442 1943 1191911119
4488 1878 4932 1945 Anzianorum

1288 1992 1351 2049 et
1400 1984 1754 2049 Consulum
1800 1990 1865 2048 et
1911 1982 2134 2069 populi
2178 1980 2493 2064 Bononie,
2528 1988 2599 2045 ut
2647 2003 2845 2068 supra
2892 1981 3150 2068 legitur,
3185 1981 3265 2046 de
3313 1982 3616 2048 mandato
3650 1983 3820 2049 dicte
3851 1985 4203 2050 Potestatis
4245 1986 4366 2051 1199
4406 1986 4672 2052 laudum
4703 1987 4931 2074 scripsi

1287 2099 1353 2157 et
1398 2091 1727 2179 publicavi
1772 2097 1837 2154 et
1882 2088 2256 2176 subscripsi.

2984 2356 3240 2420 XXXI.

2861 2555 3054 2636 1262,
3106 2553 3145 2616 9
3193 2554 3351 2617 ium.

1461 2749 1565 2814 Ex
1614 2750 1877 2814 archivo
1924 2750 2468 2836 Metropolitanus
2517 2750 2829 2815 ecclesiae
2879 2772 2929 2814 s.
2979 2749 3158 2814 Petri
3205 2749 3477 2832 bonon.,
3527 2771 3695 2814 nunc
3741 2750 3805 2814 in
3855 2749 4206 2816 Tabulario
4253 2751 4431 2816 Max.
4481 2751 4757 2835 bonon.,

2207 2864 2362 2922 sect.
2421 2882 2451 2915 ι
2501 2857 2871 2922 Demaniale
2918 2883 2978 2940 ¹»,
3031 2879 3202 2921 111119.
3252 2839 3368 2952 ἐξ,
3418 2857 3557 2922 (199.
3609 2879 3670 2921 11.
3721 2860 3826 2922 28.

1462 3054 1656 3118 Anno
1705 3054 1969 3119 Domini
2016 3053 2356 3118 millesimo
2406 3054 2846 3118 ducentesimo
2895 3055 3302 3138 sexagesimo
3349 3054 3651 3138 seeundo,
3685 3054 4031 3120 indictione
4077 3055 4303 3141 quinta
4337 3102 4925 3122 ............

1465 3163 1542 3226 (1)
1577 3161 1828 3225 Ε9(1919
1875 3183 2045 3226 9999
2093 3170 2158 3226 91
2207 3162 2575 3244 indictione,
2625 3162 2728 3225 die
2779 3183 2949 3227 nono
2999 3162 3278 3225 intrante
3320 3162 3506 3247 julio,
3551 3162 3841 3248 precepit
3887 3162 4182 3227 dominus
4226 3162 4490 3228 Electus
4537 3161 4930 3245 [Bononien-

1284 3268 1398 3352 sis]
1445 3270 1772 3356 predictus
1835 3269 2140 3356 predictis
2206 3270 2521 3353 Sindicis,
2571 3269 2742 3355 quod
2790 3291 2970 3352 cras,
3019 3276 3164 3355 post
3213 3291 3486 3353 nonam,
3535 3269 3752 3334 statim
3799 3270 3928 3334 sint
3983 3270 4050 3334 111
4110 3270 4338 3335 eodem
4399 3270 4540 3335 loco
4603 3291 4750 3334 eum
4812 3268 4929 3334 Sa·

1284 3376 1612 3462 pientibus
1669 3377 1802 3440 suis
1867 3377 1948 3440 ad
2011 3377 2424 3462 allegandum
2489 3377 2699 3440 adhue
2748 3376 3045 3463 ali[quid]
3104 3378 3159 3441 si
3205 3377 3429 3442 volunt
3476 3398 3693 3442 coram
3741 3376 4155 3463 Sapientibus
4201 3377 4423 3442 electis
4470 3399 4586 3463 per
4632 3398 4817 3460 eum,
4865 3385 4931 3441 et

1284 3486 1680 3571 perentorie,
1729 3492 1795 3549 et
1842 3484 1925 3548 ad
1972 3485 2357 3548 sententiam
2406 3484 2816 3548 audiendam.

1466 3592 1546 3656 In
1606 3592 1863 3655 nomine
1928 3591 2144 3655 Patris
2199 3597 2265 3655 et
2327 3590 2479 3654 Filii
2542 3598 2605 3654 et
2682 3590 2960 3676 Spiritus
3024 3590 3278 3673 Sancti,
3328 3611 3538 3655 amen.
3588 3589 3799 3677 Super
3862 3589 4224 3677 questione,
4274 3612 4398 3676 (1119
4443 3590 4717 3655 vertitur
4760 3590 4929 3655 inter

1285 3698 1649 3764 Bolnisium
1705 3699 2065 3780 notarium,
2115 3705 2597 3784 procuratorem
2658 3704 2723 3761 et
2785 3698 3106 3763 sindicum
3155 3697 3440 3784 Capituli
3495 3697 3960 3779 Bononiensis,
4010 3705 4074 3761 et
4120 3697 4387 3762 fratrem
4437 3697 4802 3762 Guidonem
4847 3697 4928 3762 de

1283 3812 1507 3869 sancto
1553 3805 1880 3889 Mauritio,
1915 3804 2229 3868 sindicum
2278 3811 2342 3868 et
2389 3811 2874 3891 procuratorem
2921 3804 3211 3869 Ecclesie
3244 3812 3306 3868 et
3338 3804 3642 3868 Fratrum
3672 3804 4156 3868 Heremitarum
4188 3805 4394 3869 sancti
4426 3805 4661 3891 Jacobj
4694 3805 4773 3869 de
4808 3804 4925 3869 Sa-

1278 3913 1432 3977 vina
1474 3914 1667 3997 juxta
1716 3912 1997 3977 Circlam
2044 3912 2323 3977 civitatis
2378 3912 2704 3996 Bononie,
2754 3919 2973 3976 utrum
3038 3920 3299 3998 pactum
3358 3912 3601 3977 factum
3658 3934 3776 3999 per
3818 3912 4257 3978 venerabilem
4301 3920 4554 3998 patrem
4599 3913 4929 3978 dominum

1283 4019 1553 4085 fratrem
1601 4020 1923 4085 Jacobum
1969 4020 2431 4085 bononiensem
2477 4020 2893 4107 Episcopum,
2927 4042 3043 4107 pro
3084 4041 3152 4083 se
3201 4027 3263 4083 et
3312 4019 3613 4105 Capitulo
3660 4019 4074 4084 bononiensis
4120 4018 4412 4084 Ecclesie
4445 4041 4528 4084 ex
4560 4041 4688 4084 una
4721 4028 4927 4107 parte,

1282 4135 1348 4191 et
1396 4128 1717 4213 quendam
1766 4127 2032 4191 fratrem
2081 4127 2351 4192 ecclesie
2400 4134 2465 4190 et
2513 4127 2779 4191 Ordinis
2826 4128 3261 4214 predictorum
3319 4127 3592 4191 fratrum
3656 4127 3861 4191 9911911
3907 4126 4141 4211 Jacobj
4200 4126 4280 4191 de
4344 4126 4624 4210 Savina,
4672 4126 4928 4192 nomine

1285 4234 1600 4299 dictorum
1649 4235 1923 4298 fratrum
1971 4256 2055 4298 ex
2087 4234 2314 4317 altera,
2348 4242 2411 4298 et
2446 4240 2663 4298 utrum
2698 4235 3053 4298 moderatio
3086 4235 3258 4299 facta
3293 4256 3407 4321 per
3440 4234 3684 4300 dictum
3716 4235 4152 4299 venerabilem
4183 4240 4436 4320 patrem
4465 4234 4929 4299 bononiensem

1287 4341 1680 4428 Episcopum
1728 4364 1923 4427 super
1971 4342 2141 4406 dicto
2188 4350 2378 4428 pacto
2430 4341 2645 4405 valeat
2693 4348 2756 4405 et
2806 4348 3051 4424 teneat,
3085 4349 3150 4406 et
3195 4342 3278 4405 sit
3324 4363 3491 4428 equa
3544 4343 3648 4407 vel
3696 4363 3853 4424 non,
3889 4342 4228 4405 eonsilium
4274 4341 4682 4406 dominorum
4729 4341 4926 4406 Olde-

1282 4449 1472 4534 fredj,
1522 4451 1925 4536 Bonreeupri
1974 4451 2053 4514 de
2100 4450 2306 4514 Porro
2353 4456 2418 4513 et
2463 4448 2765 4514 Jacobini
2818 4450 3178 4535 Gratiadej,
3228 4450 3483 4535 Legum
3530 4450 3883 4533 doctorum,
3918 4457 3982 4514 et
4028 4449 4269 4513 domini
4315 4449 4598 4513 Navarri
4634 4449 4926 4514 canonici

1283 4558 1668 4643 Burgensis,
1717 4567 1815 4623 est
1861 4558 2029 4640 tale,
2078 4565 2149 4621 ut
2197 4557 2439 4622 dictum
2488 4565 2786 4644 pactum,
2836 4559 3020 4643 cujus
3068 4559 3239 4645 pacti
3287 4564 3472 4624 tenor
3517 4558 3665 4622 talis
3712 4566 3810 4623 est
3856 4566 4013 4641 etc.‚
4061 4558 4278 4637 vale-at
4325 4564 4390 4622 et
4438 4564 4657 4622 teneat
4703 4563 4769 4622 et
4814 4578 4928 4620 va·

1285 4666 1479 4730 luerit
1524 4673 1589 4729 et
1636 4666 1956 4748 tenuerit,
2007 4672 2072 4730 91
2119 4665 2292 4751 quod
2340 4665 2695 4730 moderatio
2758 4665 2934 4729 facta
2983 4688 3022 4728 a
3078 4665 3365 4752 predicto
3425 4665 3784 4730 venerabili
3844 4674 4027 4751 patre
4088 4664 4346 4729 domino
4411 4664 4612 4731 fratre
4657 4664 4928 4748 Jacobo,

1287 4772 1609 4860 quondam
1674 4773 2056 4837 bononiensi
2101 4772 2459 4859 EpiscopO,
2510 4773 2694 4857 cujus
2742 4772 3201 4837 moderationis
3246 4781 3431 4838 191191·
3475 4772 3624 4836 19119
3686 4779 3785 4837 991
3843 4780 3996 4856 919.,
4043 4773 4260 4837 valeat
4307 4780 4373 4837 et
4420 4778 4674 4855 teneat,
4724 4778 4790 4836 et
4848 4771 4932 4836 sit

1284 4901 1454 4966 equa
1500 4886 1566 4945 et
1606 4882 1785 4965 justa
1847 4886 1912 4943 91
1959 4879 2188 4963 fuerit,
2239 4887 2303 4945 et
2351 4879 2585 4944 debeat
2631 4879 3001 4961 observari,
3052 4902 3196 4944 cum
3259 4901 3428 4967 equa
3489 4886 3555 4944 et
3613 4879 3782 4944 iusta
3843 4880 3928 4944 sit
3986 4887 4050 4944 et
4105 4901 4252 4944 cum
4299 4879 4381 4943 ab
4431 4901 4510 4944 ea
4559 4900 4686 4943 non
4734 4878 4931 4943 fuerit

1288 4987 1721 5075 appellatum3
1773 4987 1835 5051 in
1883 4988 2005 5051 1199
2053 4988 2299 5051 99111991
2344 4986 2577 5051 debeat
2625 4987 2995 5071 observari,
3044 4996 3114 5051 ut
3176 4987 3410 5052 fratres
3472 4987 3641 5052 dicte
3697 4987 3965 5052 ecclesie
4021 4988 4227 5052 9911911
4273 4986 4508 5072 Jacobj
4556 4987 4637 5051 de
4687 4986 4930 5051 Savina

1284 5117 1414 5160 non
1460 5095 1775 5181 recipiant
1826 5095 1908 5159 ad
1957 5096 2356 5182 sepulturam
2404 5095 2837 5181 parochianos
2884 5094 3301 5159 ecclesiarum
3349 5076 3568 5159 sancte
3613 5094 3820 5158 Marie
3867 5094 4276 5179 Magdalene,
4324 5095 4534 5159 sancti
4578 5092 4929 5177 Leouardj,

1284 5210 1347 5268 et
1395 5203 1601 5267 sancti
1648 5202 1903 5288 Egidii,
1952 5211 2016 5267 et
2065 5203 2130 5267 in
2181 5202 2476 5266 omnibus
2524 5202 2668 5266 aliis
2720 5224 2845 5289 que
2894 5203 2958 5266 in
3007 5202 3176 5266 dicta
3225 5201 3665 5266 moderatione
3713 5202 4141 5284 continentur,
4188 5223 4316 5267 non
4364 5203 4665 5267 obstante
4722 5200 4931 5265 indul-

1283 5311 1506 5396 gentia
1550 5311 1841 5397 generali
1888 5331 2196 5375 concessa
2243 5310 2429 5374 dictis
2479 5310 2791 5374 fratribus
2839 5316 2904 5374 91
2949 5309 3157 5375 ordini
3205 5309 3689 5374 Heremitarum
3736 5310 3943 5374 sancti
3988 5309 4222 5395 Jacobj
4270 5310 4349 5374 de
4400 5308 4644 5375 Savina
4690 5329 4731 5372 a
4762 5308 4930 5373 bone

1284 5418 1591 5482 memorie
1640 5417 1898 5482 domino
1944 5417 2325 5483 Innocentio
2371 5416 2558 5504 Papa
2606 5423 2862 5503 quarto,
2896 5439 3043 5481 cum
3090 5417 3154 5480 in
3202 5416 3374 5480 dicta
3421 5416 3827 5501 indulgentia
3867 5416 4273 5503 impetranda
4305 5416 4384 5481 de
4415 5416 4706 5504 predicto
4739 5420 4931 5502 paeto

1284 5547 1413 5590 non
1460 5524 1654 5590 fuerit
1702 5525 1876 5589 facta
1922 5525 2198 5609 menti03
2249 5532 2313 5588 et
2362 5546 2491 5589 non
2538 5525 2836 5590 obstante
2885 5525 3013 5588 alia
3063 5523 3487 5609 indulgentia,
3536 5545 3842 5589 concessa
3885 5523 4191 5610 predictis
4237 5523 4547 5588 fratribus
4601 5529 4667 5588 et
4722 5521 4931 5587 ordini

1287 5654 1327 5696 a
1372 5633 1540 5698 bone
1588 5632 1895 5696 memorie
1943 5632 2201 5698 domino
2248 5632 2628 5696 Alexandro
2674 5631 2861 5718 Papa
2909 5639 3174 5718 quarte,
3225 5653 3370 5695 cum
3424 5631 3596 5695 dicta
3641 5630 4047 5716 indulgentia
4092 5637 4158 5695 et
4214 5631 4357 5716 ejus
4410 5629 4803 5716 generalitas
4849 5630 4932 5693 sit

1286 5737 1788 5824 res[trin]genda
1836 5738 1918 5802 ad
1966 5739 2031 5802 id
2096 5739 2174 5803 de
2224 5761 2350 5825 quo
2398 5739 2764 5825 specialiter
2807 5739 3142 5824 agebatur,
3192 5739 3437 5802 scilicet
3486 5738 3569 5802 ad
3618 5738 4174 5824 presentacionem
4217 5737 4465 5803 Prioris
4511 5737 4679 5803 dicte
4725 5737 4930 5802 99919-

1287 5848 1401 5930 919,
1436 5853 1501 5911 91
1543 5847 1982 5911 visitationem
2030 5854 2095 5911 91
2142 5846 2588 5929 991191199919,
2623 5868 2751 5910 1199
2803 5854 3018 5910 autem
3069 5846 3535 5932 complectatur
3582 5846 4005 5932 sepulturam,
4039 5847 4282 5911 scilicet
4327 5852 4400 5910 111
4446 5846 4600 5910 (11911
4646 5844 4931 5929 fratre[s]

1440 6150 1519 6216 (1)
1562 6149 1851 6202 Praecedit
1888 6148 2206 6201 mandatum
2245 6163 2378 6217 quo,
2416 6147 2521 6199 sub
2559 6147 2645 6199 die
2684 6147 2879 6199 ultimo
2917 6147 3053 6198 iunii
3162 6147 3590 6217 promittendum
3620 6147 3686 6199 de
3707 6146 3896 6199 litibus
3923 6150 3978 6199 et
4004 6146 4411 6216 quaestionibus
4438 6145 4581 6197 inter
4606 6145 4779 6197 (119199
4803 6160 4929 6214 par-

1280 6240 1524 6292 eiusdem
1564 6240 1720 6305 anni,
1761 6238 2001 6291 sindicus
2042 6242 2095 6290 et
2134 6241 2453 6306 procurator
2491 6236 2953 6305 Archipresbiteri
3001 6240 3054 6288 et
3166 6241 3249 6288 tes
3278 6236 3612 6289 vertentibus
3640 6237 3880 6305 speciale
3911 6235 4248 6301 mandatum,
4275 6235 4765 6304 compromiserunt
4789 6250 4847 6286 se
4874 6233 4929 6285 in

1278 6329 1519 6399 Capituli
1560 6329 1908 6382 bononiensis
1948 6330 2234 6394 eeclesiae,
2261 6344 2329 6380 ex
2371 6344 2479 6379 una
2518 6331 2693 6396 parte,
2722 6331 2778 6379 et
2812 6326 3049 6379 sindicus
3162 6325 3442 6379 deminum
3480 6325 3860 6391 Octavianum,
3898 6324 4231 6394 Episcopum
4277 6323 4683 6391 bononiensem,
4709 6327 4770 6375 ut
4803 6323 4928 6374 lites

1279 6426 1334 6473 et
1372 6426 1695 6490 procurater
1731 6419 1935 6472 Prioris
1976 6424 2030 6472 et
2069 6422 2368 6472 conventus
2409 6418 2585 6470 sancti
2622 6416 2822 6469 Jacobi
2852 6418 2916 6468 de
2955 6417 3056 6468 Sa·
3165 6415 3475 6485 praedictas
3512 6414 3780 6468 definiret.

1278 6527 1430 6575 vena,
1469 6510 1686 6563 Ordinis
1726 6509 2131 6563 Heremitarum
2174 6524 2241 6560 ex
2280 6509 2471 6573 altera,
2498 6507 2765 6561 habentes
2805 6507 2872 6559 ad
2908 6524 3053 6559 eom·

3258 7576 3369 7724 Α
