5542 7775
1310 598 1459 668 288

1985 775 2396 840 Novmfflmz.

1429 880 1764 947 Kalendis,
1814 884 1941 948 Hic
1978 883 2213 970 incepit
2247 883 2479 947 annale
2524 881 2903 968 obsequium
2949 904 3066 968 pro

1304 988 1520 1052 anima
1566 989 1901 1055 Matillidis
1947 992 2168 1055 matris
2218 990 2491 1056 Seffredi
2541 990 2802 1075 anglici.

1426 1095 1618 1161 VIII.
1669 1098 1830 1162 idus.
1904 1099 2084 1184 Objit
2154 1100 2453 1164 dominus
2512 1096 2917 1162 Raimundus
2985 1095 3064 1160 de

1300 1203 1645 1288 Avinione,
1693 1207 2139 1293 provincialia,
2189 1216 2417 1272 octavo
2465 1206 2568 1269 die
2618 1206 2898 1269 intrante
2950 1225 3060 1268 no-

1300 1313 1569 1396 vembri,
1620 1315 1698 1379 de
1747 1337 1873 1401 quo
1920 1315 2262 1379 habuimus
2309 1315 2458 1379 XX.
2507 1314 2721 1379 soldos
2769 1314 2918 1378 bon.

1422 1420 1578 1486 VII.
1630 1422 1791 1486 idus.
1847 1423 2039 1487 Anno
2101 1423 2361 1487 Domini
2424 1421 2812 1487 MCCLXX.
2881 1419 3064 1504 Objit

1300 1528 1597 1607 dominus
1659 1530 1992 1595 Galvanus
2048 1532 2126 1596 de
2174 1531 2652 1616 Allegraleore,
2701 1530 2924 1594 doctor
2969 1529 3061 1592 le·

1298 1657 1473 1722 gum,
1494 1637 1720 1721 judex,
1750 1646 1965 1702 noster
1990 1640 2232 1704 amicus
2259 1639 2619 1703 octimus(l)
2647 1645 2710 1701 ct
2737 1637 3060 1723 perfectus

1301 1750 1515 1807 nostre
1563 1744 1824 1827 domus,
1873 1745 1952 1808 de
2000 1768 2127 1831 quo
2173 1745 2514 1810 habuimus
2576 1766 2777 1808 unum
2823 1744 3062 1808 bonum

1297 1856 1363 1914 et
1410 1851 1714 1915 octimum
1759 1852 2236 1918 baldachinum.
2286 1853 2560 1918 Oremus
2608 1875 2725 1939 pro
2773 1873 2870 1916 e0.

1423 1957 1606 2043 Objit
1653 1959 2003 2042 Gerardus‚
2045 1960 2455 2025 bononiensis
2501 1961 2859 2046 episcopus.

1421 2065 1547 2131 III.
1585 2067 1745 2131 idus.
1782 2067 1963 2151 Objit
2007 2068 2398 2133 Gualfredus
2446 2069 2767 2153 aquensis,
2818 2067 2897 2131 de
2932 2087 3057 2151 quo

1294 2174 1637 2238 habuimus
1683 2175 1833 2239 XX.
1870 2175 2083 2239 soldos
2131 2176 2636 2257 bononenorum,
2670 2176 2944 2239 cultram
2995 2181 3060 2239 et

1296 2281 1386 2346 II.
1437 2282 1832 2347 linteamina.

1418 2390 1638 2454 XVII.
1685 2390 2019 2455 kalendas.
2056 2390 2237 2474 Objit
2283 2392 2590 2476 magister
2638 2390 3055 2454 NVuilielmus

1294 2498 1373 2563 de
1412 2507 1633 2563 sancto
1661 2498 2007 2580 Germano,
2042 2500 2415 2585 capellanus
2447 2499 2687 2562 domini
2721 2520 2910 2585 pape,
2946 2499 3052 2584 qui

1295 2606 1470 2671 dedit
1514 2607 1782 2671 ecclesie
1815 2608 2021 2671 sancti
2056 2606 2411 2671 Salvatoris
2447 2629 2645 2671 unum
2676 2607 2954 2688 missale,
2989 2607 3054 2669 in

1294 2736 1420 2800 quo
1453 2714 1642 2778 solvit
1676 2713 1858 2778 XIV.
1887 2715 2085 2778 libras
2120 2723 2183 2778 et
2216 2714 2566 2796 dimidiam,
2594 2723 2657 2778 et
2690 2735 2806 2800 pro
2840 2714 3056 2777 anima

1292 2843 1411 2885 sua
1442 2821 1716 2906 reliquid
1752 2821 1935 2885 nobis
1967 2822 2051 2885 X.
2084 2822 2283 2885 libras
2316 2821 2464 2886 bon.
2501 2822 2698 2886 Orate
2732 2844 2850 2907 pro
2884 2843 2984 2886 e0.

1416 2930 1601 2994 XVI.
1637 2931 1969 2994 kalendas,
2006 2931 2185 3014 Objit
2221 2931 2526 3016 magister
2562 2931 2824 2995 Samuel
2856 2931 3056 2995 frater

1294 3046 1530 3119 noster,
1551 3037 1629 3101 de
1663 3060 1788 3123 quo
1821 3037 2163 3101 habuimus
2196 3038 2280 3101 X.
2316 3038 2513 3102 libras
2547 3038 3051 3120 bononenorum‚

1292 3153 1356 3209 et
1401 3145 1482 3208 V.
1532 3145 1732 3209 libras
1780 3145 2029 3231 capella
2078 3146 2284 3209 sancti
2332 3146 2598 3210 Thome.

1414 3251 1569 3316 VII.
1595 3252 1930 3317 kalendaS.
1962 3252 2107 3317 Hoc
2141 3252 2365 3316 eodem
2398 3252 2501 3316 die
2534 3253 2848 3317 concessit
2881 3252 3054 3339 prior

1291 3367 1355 3423 et
1401 3369 1754 3424 conventus
1802 3360 1971 3446 quod
2013 3360 2285 3444 singulis
2318 3360 2504 3424 annis
2536 3360 2901 3425 dicerentur
2932 3360 3050 3425 IV.

1290 3468 1482 3532 misse
1530 3490 1645 3555 pro
1693 3467 2046 3550 defunctiS,
2095 3468 2219 3532 due
2286 3468 2453 3554 apud
2513 3468 2769 3532 Renum
2817 3477 2882 3532 et
2927 3468 3050 3533 due

1288 3576 1460 3662 apud
1508 3584 1800 3641 sanctum
1851 3576 2255 3641 Salvatorem
2302 3576 2382 3640 de
2428 3576 2725 3664 Bononia
2764 3599 2882 3663 pro
2914 3577 3051 3640 ani-

1288 3684 1516 3748 mabus
1562 3685 1878 3749 Willelmi
1926 3684 2004 3748 de
2053 3684 2400 3767 XVondam‚
2435 3692 2500 3749 et
2531 3685 2635 3748 avi
2668 3686 2944 3749 materni
2987 3695 3050 3749 et

1286 3792 1431 3857 avie
1477 3799 1765 3857 materne
1812 3801 1877 3857 et
1940 3793 2212 3857 aliorum
2270 3799 2746 3857 antecessorum
2810 3793 3052 3857 domini
3094 3874 3101 3882 .

1285 3901 1604 3966 Willelmi
1651 3901 1730 3965 de
1780 3950 2059 3966 .....
2086 3902 2166 3965 (2)

1413 4009 1493 4073 V.
1528 4009 1861 4073 kalendas.
1911 4008 2092 4094 Objit
2136 4009 2409 4073 Pontius
2456 4009 2535 4073 de
2569 4009 2820 4091 Cautio,
2869 4009 3048 4074 bevi-

1285 4117 1576 4182 terrentii
1608 4116 2184 4203 episcopatu[s](3),
2219 4117 2297 4181 de
2332 4138 2458 4203 quo
2490 4117 2841 4181 habuimus
2864 4117 2945 4181 V.
2973 4118 3047 4182 li-

1284 4225 1435 4290 bras
1481 4224 1989 4289 bononenorum.

1407 4332 1497 4397 II.
1539 4331 1924 4416 [kalendas].
1959 4333 2151 4398 Anno
2198 4334 2460 4399 Domini
2505 4333 2805 4399 MCCXI.
2856 4333 3041 4417 Objit

1283 4441 1592 4525 magister
1615 4440 2043 4525 Raigerius(4)
2069 4440 2413 4506 canonicus
2438 4440 2706 4506 s.Marie
2732 4441 2811 4505 de
2837 4441 3042 4505 Reno.

1964 4585 2372 4650 Dncmfflnn.

1405 4711 1495 4776 II.
1538 4732 1741 4775 nonas
1766 4712 1865 4776 (5).
1909 4710 2091 4795 Objit
2123 4711 2416 4775 dominus
2447 4710 2805 4793 Bandinus,
2839 4713 3044 4798 magi-

1279 4827 1411 4884 ster
1457 4821 1695 4903 legum,
1743 4840 1913 4883 anno
1961 4818 2222 4883 Domini
2268 4817 2742 4909 MCOXVIII.;
2786 4819 2864 4883 de
2914 4841 3040 4906 quo

1277 4928 1619 4993 habuimus
1665 4928 1793 4993 III.
1842 4927 2041 4991 libras
2088 4926 2596 4991 bononenorum.

1472 5072 1753 5123 Bandinus
1792 5071 2001 5123 Tuscus
2039 5070 2247 5139 Legum
2285 5071 2575 5140 splendore
2614 5087 2894 5135 coruscus,

1473 5162 1538 5213 In
1576 5161 1704 5213 Pisa
1740 5166 1918 5226 natus,
1951 5161 2105 5228 jacet
2143 5160 2245 5212 hoc
2284 5161 2494 5212 tumulo
2534 5160 2852 5212 tumulatus.

1401 5289 1498 5354 Id.
1532 5289 1858 5374 Rugerius
1883 5287 2287 5374 provintialis
2319 5288 2613 5351 achensis
2646 5287 2822 5352 dedit
2855 5289 3038 5353 nobis

1273 5398 1416 5463 LX.
1467 5397 1704 5463 solidos
1773 5396 2243 5460 bononinorum
2304 5416 2422 5481 pro
2471 5395 2757 5459 fatienda
2813 5397 3039 5460 tabula

1273 5508 1463 5573 beate
1515 5505 1743 5589 Marie,
1793 5526 1984 5590 quem
2039 5503 2306 5568 fecimus
2359 5503 2739 5589 participem
2794 5514 3040 5568 nostra·

1272 5637 1417 5680 rum
1463 5614 1826 5678 orationum
1873 5620 1937 5676 et
1983 5611 2267 5674 omnium
2329 5610 2643 5675 bonorum
2705 5633 2829 5697 que
2877 5611 3039 5676 fiunt

1272 5722 1442 5810 apud
1491 5743 1628 5785 nos,

1391 5976 1469 6039 (1)
1508 5973 1613 6026 Se'c.

1391 6066 1467 6129 (2)
1508 6064 1573 6115 In
1614 6063 1909 6131 necrologii
1949 6061 2293 6131 apographo:
2335 6058 2524 6111 ἷῗιίίαῖι.

1394 6156 1471 6220 (3)
1509 6155 1655 6224 Lege
1696 6153 1880 6206 forsan
1920 6152 2234 6204 Biia-ensis.

1392 6246 1470 6312 (4)
1510 6245 1763 6296 Fortasse
1787 6261 1800 6295 :
1838 6243 2116 6309 Νἰρενὶιιε.

1394 6337 1472 6402 (5)
1511 6333 1652 6386 Vide
1691 6333 1792 6385 sub
1830 6334 1916 6385 die
1955 6333 2036 6385 11.
2076 6349 2181 6385 non
2224 6333 2361 6384 febr.

1390 6427 1466 6491 (6)
1506 6424 1641 6477 Vel:
1681 6425 1745 6475 de
1784 6424 2038 6476 Lice-stro.

1390 6518 1467 6581 (7)
1490 6514 1641 6567 Inter
1659 6515 1803 6566 Aeta
1824 6513 2222 6567 canonicorum
2248 6513 2424 6565 sancti
2446 6512 2714 6564 Johannis
2742 6513 2794 6564 in
2824 6513 3027 6579 Monte,

2813 621 3456 672 MONUMENTORUM

3323 775 3442 839 XI.
3494 776 3827 841 kalendas.
3894 777 4074 863 Objit
4137 778 4459 842 Robertus
4529 777 4609 840 (10
4672 777 4947 841 Cicestro

3197 884 3604 970 episcopatus
3655 885 3887 951 Sancte
3938 886 4273 950 Trinitatis
4299 887 4396 951 (6).

3317 991 3402 1056 X.
3451 992 3787 1057 kalendae.
3837 994 4018 1077 Objit
4067 995 4376 1079 magister
4420 994 4719 1073 Ballitus,
4761 1013 4944 1055 cano·

3193 1098 3374 1163 nicus
3423 1109 3642 1164 sancte
3691 1100 3896 1165 Marie
3945 1101 4026 1165 de
4073 1101 4279 1166 Reno.
4827 1117 4842 1129 ·

3317 1207 3407 1271 II.
3442 1208 3776 1272 kalendas.
3813 1208 3992 1293 Objit
4028 1209 4287 1295 quidam
4320 1208 4360 1273 J
4368 1208 4651 1272 ohannes
4695 1206 4944 1270 nomine

3192 1313 3270 1377 de
3321 1314 3657 1397 Glemona,
3708 1316 4018 1379 scholaris
4067 1315 4503 1402 aquilejensis,
4537 1315 4615 1379 de
4663 1337 4789 1399 quo
4835 1313 4943 1377 ha-

3189 1420 3445 1485 buimus
3513 1444 3709 1486 unum
3773 1423 4039 1488 calicem
4088 1432 4466 1508 argenteum
4514 1433 4576 1486 et
4623 1423 4945 1508 planetam

3190 1550 3334 1593 cum
3382 1537 3515 1593 toto
3563 1539 3962 1615 paramento,
4013 1553 4129 1617 pro
4179 1552 4305 1616 quo
4353 1538 4645 1594 tenemur
4692 1551 4897 1592 orare.

3314 1636 3495 1721 Obijt
3541 1636 3836 1701 dominus
3883 1637 4204 1701 Radulfus
4251 1639 4689 1702 antiochenus.

4011 1852 4132 1916 XI.

3313 2064 3417 2128 Ex
3451 2064 3799 2152 Necroloyio
3830 2067 4281 2131 Canonicorum
4318 2071 4512 2132 sancti
4542 2067 4852 2131 Jolnmnis
4884 2071 4946 2131 In

3191 2171 3397 2237 Monte
3442 2183 3494 2237 et
3539 2178 3734 2238 sancti
3790 2175 4065 2258 Victoris,
4116 2178 4238 2240 iam
4287 2178 4352 2240 in
4399 2177 4662 2240 Arclciro
4708 2197 4945 2239 eornm·

3186 2281 3321 2345 dem
3375 2281 3820 2347 thom‘corum
3849 2285 3948 2348 (7).

3859 2498 3902 2562 J
3907 2517 4253 2563 Axnamcs

3308 2604 3551 2668 Idibus.
3602 2604 3780 2669 Obiit
3844 2605 4138 2669 dominus
4187 2605 4522 2672 Johannes
4586 2606 4945 2695 Episcopus

3181 2711 3594 2777 bononiensis
3643 2713 4177 2777 MCLXXXVII.

3306 2819 3427 2883 XI.
3476 2819 3792 2883 kalendas
3838 2820 4168 2884 februarii.
4205 2820 4382 2885 Obiit
4414 2820 4710 2885 dominns
4747 2822 4947 2887 frater

3185 2926 3569 2991 Guilielmus
3618 2927 3770 2991 olim
3817 2927 4055 2990 domini
4112 2927 4532 3010 Lambertini,
4576 2929 4949 2994 benefactor

3183 3041 3247 3097 et
3278 3033 3520 3097 amicus
3556 3043 3791 3116 noster,
3828 3055 3996 3099 anno
4035 3034 4295 3098 Domini
4331 3034 4810 3118 MCOCXXV.‚
4848 3037 4947 3101 die
4999 3107 5005 3113 ⁸

3179 3140 3429 3204 XXIV.
3458 3141 3765 3224 januarii,
3801 3149 3864 3205 et
3913 3142 4203 3228 sepultus
4251 3150 4348 3206 est
4388 3142 4450 3206 in
4496 3143 4614 3206 ista
4648 3144 4944 3208 ecclesia.

3309 3247 3422 3312 IV.
3450 3248 3783 3313 kalendas.
3813 3249 3990 3313 Obiit
4025 3250 4085 3313 d.
4115 3249 4443 3314 Gerardus
4478 3251 4802 3335 quondam
4839 3252 4947 3316 bo·

3182 3357 3505 3421 noniensis
3553 3358 3911 3444 episcopus,
3955 3360 4300 3423 canonicus
4348 3367 4413 3424 et
4461 3360 4661 3423 frater
4709 3367 4947 3424 noster.

3831 3465 4295 3530 FEBnuAnws

3304 3571 3547 3636 Idibus.
3609 3572 3786 3636 Obiit
3835 3572 4192 3637 walterius
4254 3573 4772 3660 archiepiscopus
4845 3596 4946 3638 ra·

3178 3699 3451 3760 vennas3
3487 3679 3663 3743 vivat
3696 3680 3760 3742 in
3793 3679 4047 3744 Christo
4082 3702 4337 3764 gemma
4369 3681 4796 3762 sacerdotum,
4828 3703 4945 3767 pro

3180 3807 3304 3871 quo
3337 3786 3457 3849 IX.
3490 3786 3608 3850 lec.
3644 3787 3934 3868 facimus,
3970 3787 4078 3873 qui
4113 3788 4314 3852 multa
4347 3789 4516 3853 bona
4549 3789 4697 3852 fecit
4734 3789 4944 3853 nobis.

3300 3893 3449 3958 XV.
3483 3895 3797 3959 kalendas
3828 3895 4060 3959 martii.
4096 3895 4276 3960 Obiit
4315 3897 4621 3981 magister
4654 3897 4696 3961 J
4700 3897 4946 3961 acobus

3177 4000 3256 4065 de
3304 4000 3685 4066 Christianis
3734 4002 4016 4067 medicus
4066 4011 4283 4068 noster
4322 4002 4817 4069 MOCOXXIX.

3300 4108 3418 4173 VI.
3453 4109 3785 4173 kalendas.
3828 4109 4006 4174 Obiit
4051 4110 4444 4195 Peregrinus
4493 4112 4671 4175 Petri
4717 4112 4945 4176 Hone-

3175 4216 3276 4299 sti,
3318 4216 3397 4280 de
3446 4238 3571 4303 quo
3627 4216 3969 4280 habuimus
4019 4218 4221 4281 multa
4268 4218 4473 4301 bona,
4508 4228 4779 4304 patruus
4831 4220 4946 4284 do-

3173 4324 3329 4388 mini
3375 4323 3708 4388 AJtachini
3754 4325 4006 4410 prioris,
4040 4325 4283 4389 scilicet
4328 4347 4524 4389 unam
4573 4326 4836 4390 domum
4882 4336 4948 4391 et

3169 4430 3487 4495 XXXVI.
3536 4431 3835 4517 pecudes,
3870 4440 3934 4496 et
3981 4439 4111 4497 tres
4151 4432 4347 4498 cietos
4366 4434 4443 4499 (8)
4470 4442 4840 4518 argenteoS,
4877 4442 4943 4499 et

3173 4559 3372 4602 unum
3417 4539 3874 4603 baldachinum
3921 4562 4091 4605 anno
4141 4540 4328 4605 Dom.
4377 4540 4942 4606 MCCLXXXVI.

3895 4648 4231 4713 MAR'HUS.

3295 4754 3422 4818 III.
3459 4776 3680 4818 nonas.
3729 4755 4068 4820 Dedicatio
4116 4757 4384 4821 ecclesie
4417 4758 4622 4822 sancti
4655 4758 4946 4823 Victoris

3171 4861 3236 4925 in
3271 4861 3580 4925 honorem
3618 4869 3837 4926 sancte
3863 4863 4067 4927 Marie
4094 4862 4382 4948 Virginis
4400 4865 4499 4929 (9).
4529 4865 4946 4930 Venerabilis

3170 4969 3641 5033 concanonicus
3687 4978 3905 5034 noster
3950 4970 4025 5033 P.
4062 4969 4143 5034 D.
4178 4970 4462 5035 Thomas
4509 4973 4587 5036 de
4631 4972 4945 5037 Scarduis

3169 5075 3581 5141 bononiensis
3629 5076 3823 5161 hujus
3872 5079 4246 5142 monasterii
4293 5079 4640 5164 professu&
4677 5080 4810 5144 Hic
4843 5082 4945 5145 vir

3170 5184 3545 5248 admirande
3591 5184 3951 5248 sanctitatis
3993 5184 4134 5259 fuit,
4169 5187 4436 5250 caritate
4481 5187 4791 5271 fulgidus,
4830 5209 4945 5252 no-

3169 5299 3446 5355 strorum
3479 5313 3730 5355 morum
3770 5291 4395 5375 observantissimus,
4430 5294 4493 5356 in
4529 5294 4699 5358 victu
4736 5300 4939 5380 atque

3168 5398 3403 5462 vestitu
3437 5396 3944 5481 abjectissimus'3
3982 5399 4314 5485 completis
4347 5400 4536 5464 etatis
4583 5423 4698 5464 sue
4747 5402 4943 5465 annis

3164 5505 3612 5569 LXXXVIII.
3650 5513 3713 5570 et
3761 5506 3823 5568 in
3867 5506 4178 5591 religione
4211 5506 4527 5587 LXVII„
4563 5507 4812 5593 absque
4850 5508 4944 5572 fe-

3166 5612 3386 5677 bribus
3434 5622 3498 5678 et
3545 5614 4002 5696 anxietatibus,
4037 5614 4150 5679 sed
4183 5615 4367 5700 quasi
4401 5615 4725 5679 dormiens
4776 5616 4945 5698 [Do-

3167 5722 3364 5806 mino]
3389 5722 3662 5785 feliciter
3686 5722 3950 5785 tradidit
3976 5722 4255 5786 animam
4279 5722 4496 5787 MDV.
4524 5724 4685 5788 hora
4711 5723 4944 5789 XVII.

3163 5987 3304 6041 quae
3343 5977 3534 6024 extant
3560 5973 3614 6023 in
3655 5972 3892 6025 Archivo
3926 5973 4162 6025 Maximo
4192 5974 4528 6040 bononiensi,
4557 5975 4947 6041 Nec-roloyium

3162 6062 3263 6114 hoc
3303 6063 3659 6126 desideratur,
3699 6080 3799 6115 nec
3839 6063 3895 6114 in
3934 6063 4110 6131 Regia
4146 6064 4492 6117 Bibliotheca
4535 6070 4720 6117 nostra
4772 6068 4947 6119 docu-

3162 6156 3406 6205 mentum
3447 6155 3774 6204 asservatur.

3286 6241 3417 6293 Erat
3456 6242 3508 6293 in
3550 6243 3866 6294 membrana
3901 6248 3955 6294 et
3989 6243 4157 6295 nitide
4197 6244 4477 6312 scriptum,
4518 6245 4611 6297 sed
4651 6246 4849 6298 multis
4889 6247 4946 6298 in

3160 6333 3294 6385 locis
3335 6333 3741 6400 interpolatum.

3286 6425 3364 6489 (8)
3403 6423 3579 6491 Lege:
3619 6422 3853 6488 cyathos.

3288 6516 3365 6580 (9)
3408 6513 3532 6565 Alio
3571 6513 3908 6566 cai-aethere.
