5542 7775
1314 621 1465 691 284

1446 793 1606 857 Tum
1639 803 1778 880 post
1813 817 2060 879 pauca:

1435 901 1680 966 Noscat
1728 909 1944 966 vestra
1985 902 2175 967 docta
2208 905 2635 990 providentia,
2671 903 2841 989 quod
2876 903 3081 989 magi·

1314 1020 1446 1075 ster
1493 1010 1691 1095 Hugo
1740 1020 1943 1075 morte
1991 1019 2338 1098 preventus
2388 1034 2514 1076 non
2561 1013 2768 1098 potuit
2821 1013 3080 1076 omnino

1317 1120 1622 1205 perficere
1674 1118 2006 1183 Summam
2062 1119 2522 1201 Decretorum,
2571 1119 2685 1184 sed
2732 1119 2969 1183 defecit
3018 1119 3081 1183 in

1309 1226 1571 1290 XXIII.
1605 1248 1778 1313 cap.,
1828 1250 1887 1313 q.
1926 1227 2120 1310 IIII.,
2155 1234 2276 1291 etc.
2313 1227 2528 1301 Quare
2577 1248 2700 1312 ego
2747 1228 2789 1292 J
2796 1228 3082 1291 ohannes

1311 1334 1390 1397 de
1439 1334 1580 1399 Deo
1624 1335 1922 1421 precibus
1955 1344 2020 1398 et
2052 1335 2590 1421 postulationibus
2626 1336 3083 1417 magistrorum

1312 1450 1377 1505 et
1417 1441 1831 1525 scholarium,
1864 1448 1926 1505 et
1962 1442 2088 1505 tuis
2130 1443 2433 1529 precipue
2466 1441 2782 1524 Deodate,
2816 1463 3082 1527 aggres-

1318 1570 1426 1612 sus
1473 1571 1613 1612 sum
1649 1570 1808 1634 opus
1842 1550 2150 1636 perficere
2183 1558 2268 1631 et,
2300 1549 2517 1613 divina
2552 1550 2810 1613 favente
2845 1550 3078 1634 gratia,

1309 1657 1706 1721 consumavi.

1431 1765 1539 1828 Ad
1582 1766 1802 1829 calcem
1834 1767 2033 1849 operis
2061 1764 2416 1829 huiusmodi
2445 1766 2738 1850 leyuntur
2767 1766 3080 1829 versiculi:

1471 1907 1551 1958 En
1593 1923 1693 1976 ego
1731 1924 1892 1976 quem
1932 1907 2122 1976 genuit
2163 1907 2430 1975 Hispania
2468 1908 2618 1959 clara
2656 1907 2858 1959 sodalis

1469 1996 1588 2049 Hoc
1628 2012 1765 2065 opus
1805 1997 2045 2065 explicui
2084 1997 2337 2066 precibus
2377 1996 2623 2065 Magistri
2661 1996 2987 2064 imperialis,

1468 2085 1631 2154 Hug)
1672 2087 1816 2155 quod
1855 2086 2046 2139 I'resul
2087 2090 2380 2155 preventus
2421 2091 2594 2138 morte
2635 2086 2899 2155 nequivit,

1473 2175 1592 2227 Hoc
1631 2175 1728 2227 sed
1768 2176 2048 2244 inexpleto
2089 2177 2198 2228 leto
2237 2180 2533 2244 perventus
2572 2176 2743 2227 obibit

1470 2264 1702 2334 Ceptum
1741 2266 1951 2335 perfeci
1993 2269 2177 2317 tutans
2218 2266 2305 2334 pie
2345 2265 2513 2334 Virgo
2553 2266 2756 2324 Mal-iaz

1469 2356 1575 2408 Sed
1617 2363 1802 2409 tamen
1843 2358 2096 2409 emendet
2135 2361 2327 2420 totum,
2367 2374 2514 2425 rogo,
2555 2362 2737 2408 vestra
2776 2356 2987 2424 sophia.

2115 2700 2272 2764 VII.

1433 2934 1537 2998 Ea·
1587 2934 1804 2999 Codice
1840 2934 2125 3020 palatino
2172 2936 2445 2997 vaticano
2479 2936 2584 3019 qui
2622 2936 2882 2997 continet
2918 2932 3077 2997 Bre-

1309 3044 1584 3107 viarium
1617 3043 2185 3128 Extravagantum
2218 3042 2536 3106 Bernardi
2569 3042 2934 3127 Praepositi
2965 3063 3077 3127 pa-

1306 3151 1583 3237 piensis,
1633 3158 1686 3215 et
1750 3149 2132 3236 Synopsim,
2180 3153 2300 3214 sire
2361 3149 2690 3213 Summam
2758 3148 3077 3233 Sychardi

1312 3258 1745 3323 cremonensis
1794 3257 2204 3344 episcopio).

1423 3490 1661 3576 Incipit
1692 3490 2102 3554 Breviarium
2128 3488 2694 3574 Extravagantum
2720 3490 2897 3553 beati
2920 3490 3076 3554 Pre-

1306 3599 1498 3684 positi
1565 3598 1891 3685 papiensis
1970 3618 2140 3661 anno
2219 3597 2534 3661 dominice
2613 3598 3073 3662 incarnationis

1303 3705 1743 3771 MCLXXIX.
1777 3706 2146 3792 presidente
2179 3726 2442 3769 romane
2491 3705 2759 3769 ecclesie
2807 3706 3074 3769 sanctis·

1307 3814 1469 3878 simo
1515 3835 1685 3901 papa
1718 3813 2097 3878 Alexandro
2131 3813 2295 3896 III.,
2331 3813 2741 3900 pontificatus
2783 3812 3074 3899 ejusdem

1303 3944 1472 3987 anno
1499 3923 1649 3987 XX.
1677 3943 1896 3986 mense
1931 3921 2165 4004 martii,
2193 3921 2557 3985 indictionis
2581 3921 2771 4004 XII.,
2801 3921 3070 3986 etVIII.

1302 4031 1407 4095 die
1455 4031 1713 4094 mensis.
1766 4029 2007 4093 Sedata
2048 4031 2186 4113 jam
2235 4028 2576 4112 discordia,
2626 4036 2746 4094 etc.

1427 4141 1631 4224 Atque
1659 4138 1755 4202 hic
1781 4135 1924 4221 fuse
1954 4136 2323 4202 describitur
2351 4136 2609 4200 schisma
2641 4137 2715 4200 ab
2744 4135 3074 4201 Octaviano

1303 4249 1620 4331 Antipapa
1667 4253 1720 4310 et
1752 4244 2000 4309 Joanne
2043 4248 2376 4310 strumensi
2421 4247 2745 4309 eoecitatum
2779 4245 3073 4309 adrersus

1307 4353 1743 4418 Alexandrum
1790 4351 1918 4415 III.
1983 4351 2141 4415 Tum
2182 4359 2559 4416 memoratur
2593 4351 2933 4416 Concilium
2978 4354 3069 4417 la-

1301 4470 1617 4526 teranense
1659 4459 1735 4524 ab
1782 4460 1982 4523 eodem
2029 4460 2390 4523 Alexandro
2423 4459 2548 4523 III.
2588 4461 2906 4523 indict-um.
2944 4459 3068 4525 No-

1302 4570 1494 4634 tanda
1539 4576 1684 4632 sunt
1729 4568 1872 4631 haec
1921 4566 2135 4630 rerba:

1430 4676 1667 4739 Sancta
1714 4682 1779 4738 et
1824 4673 2210 4737 universalis
2260 4672 2559 4758 Synodus
2600 4674 3068 4761 episcoporum,

1304 4806 1343 4849 a
1369 4784 1639 4848 diversis
1671 4781 1891 4846 mundi
1926 4781 2221 4868 partibus
2255 4788 2775 4866 convocatorum,
2802 4805 3070 4868 congre·

1299 4899 1455 4979 gata
1500 4898 1598 4956 est
1645 4892 1710 4955 in
1755 4891 2060 4973 basilica,
2112 4911 2235 4975 que
2286 4889 2653 4976 appellatur
2701 4890 3069 4956 Constanti-

1302 5003 1519 5082 niana,
1557 5001 1619 5063 in
1669 5021 1796 5085 qua
1846 4998 2108 5085 Synodo
2157 4997 2547 5062 XXXVIII.
2595 5020 2875 5063 canones
2922 5021 3068 5085 pro·

1300 5109 1619 5194 mulgavit
1664 5107 2108 5171 sanctissimus
2156 5127 2327 5192 papa
2372 5105 2769 5170 Alexander.

1422 5216 1522 5281 De
1566 5237 1628 5281 se
1673 5217 1801 5300 ipso
1840 5223 2044 5279 autem
2077 5222 2291 5277 auctor
2319 5213 2508 5278 huius
2541 5213 2858 5278 Breviarii
2881 5214 3072 5298 paulo

1300 5325 1476 5409 infra
1524 5324 1671 5387 haec
1714 5322 1923 5386 habet:

1425 5431 1516 5496 Ut
1564 5438 1780 5493 autem
1827 5429 2011 5494 vobis
2060 5427 2319 5492 uberior
2364 5427 2828 5513 allegationum
2865 5435 2929 5491 et
2965 5428 3069 5513 ju-

1301 5540 1614 5604 diciorum
1657 5539 1840 5623 copia
1874 5543 2255 5623 preparetur
2289 5536 2372 5600 ad
2403 5536 2711 5602 honorem
2743 5536 2889 5617 Dei,
2924 5557 3070 5599 san-

1302 5656 1531 5733 cteque
1571 5646 1866 5710 Romane
1898 5644 2188 5709 Ecclesie
2237 5666 2312 5708 ac
2354 5644 2752 5708 studentium
2784 5645 3070 5726 utilitati,

1299 5777 1422 5842 ego
1468 5754 1546 5818 B.
1583 5752 2003 5839 Papieusium
2058 5751 2436 5837 Prepositus
2485 5752 2787 5837 exempla
2834 5751 2913 5815 de
2961 5773 3070 5816 ve·

1296 5866 1418 5930 teri
1483 5884 1779 5949 novoque
1830 5862 1978 5946 ⁴iure
2026 5860 2145 5924 sub
2191 5860 2395 5925 titulis
2444 5860 2828 5947 compilavi,
2877 5883 3070 5947 super

1297 5972 1509 6060 operis
1561 5969 2045 6057 imperfectione
2078 5968 2332 6032 veniam
2367 5968 2703 6054 postulans
2736 5989 2776 6031 a
2812 5968 3066 6034 lectore.

1431 6080 1675 6144 Titulus
1709 6081 1961 6164 primus
2023 6085 2143 6142 est:
2187 6075 2288 6140 De
2360 6075 2941 6141 Constitutionibus
3005 6084 3069 6141 et

1298 6188 1585 6255 Concilio
1632 6185 1983 6268 meldensi3
2013 6192 2402 6272 postremus:
2446 6183 2548 6248 De
2597 6183 2841 6268 regulis
2880 6184 3067 6267 juris.

1424 6296 1546 6361 Sed
1589 6298 1718 6360 iam
1764 6295 1840 6358 de
1884 6294 2081 6357 altera
2122 6300 2304 6377 par-te
2347 6292 2537 6357 huius
2587 6291 2844 6374 Codicis,
2883 6313 3067 6376 quam

2822 643 3201 696 MONUMBN
3212 644 3477 696 '1³03OE

3212 800 3555 883 antiquiori
3588 820 3775 863 »itanu
3810 801 4101 884 scriptam
4136 801 4500 884 iudicamus,
4533 804 4823 886 specimen
4862 806 4962 868 ali-

3218 906 3382 990 quod
3424 906 3520 969 liic
3562 907 3998 971 adiiciendum.
4049 907 4309 972 Initium
4358 917 4441 972 est
4484 909 4869 973 huiusmodi:

3337 1012 3573 1098 Incipit
3610 1012 3876 1077 Summa
3908 1015 4261 1079 secundum
4296 1016 4675 1101 magistrum
4702 1016 4961 1103 Syckar-

3222 1118 3374 1182 dum
3422 1141 3899 1184 cremonensem
3950 1122 4341 1209 episcopum.

3340 1226 3514 1292 Haec
3560 1230 3750 1292 minio
3791 1231 4017 1313 scripta
4064 1230 4386 1314 Ieyuntur:

3338 1333 3612 1419 Diligite
3655 1336 3998 1419 justitiam,
4041 1337 4150 1422 qui
4190 1337 4496 1420 judicatis
4543 1346 4801 1402 terram.
4850 1338 4959 1403 Pa-

3218 1462 3359 1505 rum
3407 1449 3503 1505 est
3545 1443 3655 1526 jus
3702 1464 3842 1508 esse
3892 1444 3954 1506 in
4005 1444 4285 1526 civitate,
4336 1444 4457 1508 nisi
4504 1446 4631 1508 sint
4684 1446 4959 1531 ministri,

3208 1570 3326 1634 per
3372 1571 3531 1634 quos
3579 1550 3910 1615 ordinetur
3958 1558 4020 1614 et
4068 1561 4469 1616 exerceatur.
4507 1552 4635 1617 Sed
4682 1562 4745 1617 et
4792 1555 4960 1619 mini·

3209 1664 3377 1720 stros
3426 1657 3589 1721 tales
3637 1680 3778 1721 esse
3828 1666 4079 1745 oportet
4128 1659 4192 1723 in
4241 1659 4501 1724 civitate
4541 1660 4824 1744 Domini,
4866 1665 4962 1748 qui

3206 1763 3485 1828 debeant
3521 1773 3737 1828 errata
3775 1766 4120 1851 corrigere,
4148 1767 4353 1831 sciant
4387 1769 4655 1853 negocia
4688 1768 4960 1853 definire,

3205 1878 3325 1936 etc.

3331 1981 3472 2054 Que
3521 1981 3603 2044 sit
3650 1981 3942 2045 materia.

3336 2088 3608 2152 Materia
3658 2088 3957 2153 Gratiani
3997 2095 4145 2153 sunt
4177 2110 4478 2172 canones,
4513 2090 4794 2172 decreta,
4828 2113 4963 2155 con-

3205 2196 3591 2261 sultationes
3634 2206 3699 2261 et
3742 2197 3943 2260 verba
3975 2205 4342 2261 sanctorum
4376 2198 4645 2262 Patrum
4692 2199 4823 2262 vim
4869 2222 4962 2263 ca-

3212 2325 3451 2367 nonum
3484 2305 3812 2368 habentia.
3849 2304 4131 2369 Intentio
4163 2306 4304 2389 ejus
4338 2306 4711 2393 principalis
4742 2306 4861 2371 hec
4907 2309 4963 2372 iu

3208 2433 3410 2475 uuum
3457 2413 3763 2497 colligere
3810 2420 3873 2477 et
3921 2434 4143 2477 eorum
4184 2413 4570 2478 discordiam
4603 2415 4685 2477 ad
4719 2436 4965 2479 concor·

3210 2518 3387 2582 diam
3438 2540 3763 2584 revocare.
3800 2520 4195 2585 Secundaria
4230 2530 4325 2585 est
4374 2522 4545 2585 viros
4593 2522 4966 2586 ecclesiasti-

3207 2648 3316 2691 cos
3364 2628 3648 2692 moribus
3696 2628 4065 2711 informare,
4108 2636 4174 2692 et
4221 2629 4283 2692 iu
4331 2630 4653 2712 misteriis,
4689 2630 4964 2714 negociis

3207 2741 3271 2798 et
3334 2737 3754 2799 sacramentis
3809 2736 4146 2800 instruere.
4189 2736 4402 2801 Causa
4450 2737 4572 2801 fuit
4619 2736 4964 2802 desuetudo

3199 2841 3367 2925 juris
3433 2843 3761 2925 canonici3
3820 2852 4088 2907 venerat
4133 2843 4304 2907 euim
4353 2844 4417 2907 in
4465 2844 4965 2929 desuetudinem,

3206 2959 3275 3012 ut
3327 2951 3763 3015 ecclesiastica
3812 2952 4080 3036 negocia
4127 2951 4339 3037 potius
4383 2952 4964 3033 consuetudinibus,

3208 3078 3401 3141 quam
3461 3058 3815 3122 canonibus
3862 3067 4261 3143 regerentur.
4310 3058 4748 3144 Distinguitur
4816 3059 4967 3123 liber

3209 3165 3329 3228 iste
3382 3166 3446 3228 in
3496 3175 3626 3229 tres
3674 3174 3911 3252 partes.
3961 3166 4180 3229 Prima
4221 3174 4315 3229 est
4350 3187 4553 3251 usque
4586 3167 4668 3229 ad
4700 3165 4967 3252 primam

3207 3294 3492 3337 causam.
3567 3273 3867 3338 Secunda
3945 3295 4147 3360 usque
4226 3274 4310 3337 ad
4387 3273 4967 3339 Consecrationem.

3207 3380 3431 3444 Tertia
3477 3403 3681 3467 usque
3729 3381 3813 3445 ad
3858 3382 4072 3446 finem.
4104 3380 4393 3445 Primam
4441 3381 4679 3463 divisit,
4713 3396 4789 3446 ut
4836 3383 4966 3468 qui-

3204 3489 3355 3553 dam
3404 3491 3608 3573 ajunt,
3656 3489 4069 3576 Paucapalea
4117 3489 4180 3552 in
4230 3490 4301 3554 C.
4336 3498 4399 3553 et
4440 3490 4493 3554 I.
4528 3490 4966 3554 distinctiones

3203 3598 3551 3661 secundam
3619 3597 3970 3662 Gratianus
4027 3598 4093 3661 in
4154 3597 4471 3662 XXXVI.
4521 3619 4752 3662 causas
4800 3647 4817 3662 .
4851 3647 4863 3663 .
4901 3621 4963 3679 .;

3202 3706 3459 3769 tertiam
3523 3728 3811 3791 quoquc,
3863 3713 3933 3769 ut
3997 3706 4214 3789 ajunt,
4278 3706 4691 3792 Paucapalea
4759 3706 4825 3770 in
4888 3706 4964 3769 V.

3203 3813 3644 3877 distinctiones
3684 3813 3920 3877 divisit.
3973 3812 4103 3877 Sed
4143 3814 4430 3900 quisquis
4478 3814 4600 3877 fuit
4647 3813 4780 3896 ille,
4830 3834 4964 3877 meo

3194 3922 3441 4006 judicio
3491 3923 3700 3985 minus
3745 3921 4134 3986 sufficienter
4173 3929 4237 3986 et
4268 3922 4570 4005 discrete,
4605 3930 4675 3985 ut
4709 3923 4965 3987 eviden-

3202 4037 3301 4093 ter
3348 4040 3618 4116 apparet
3674 4030 3738 4094 in
3803 4030 4320 4093 distinctionibus
4367 4029 4483 4094 IV.
4533 4038 4595 4094 et
4642 4029 4860 4094 XXV.
4906 4039 4966 4093 et

3205 4137 3521 4202 XLVHI.
3556 4147 3619 4202 et
3667 4137 3960 4224 pluribus
4008 4138 4173 4201 aliis.
4216 4137 4429 4203 Causa
4463 4138 4797 4202 divisionis
4828 4138 4964 4219 fuit,

3200 4252 3271 4309 ut
3304 4245 3632 4309 fastidium
3666 4245 4019 4310 tolleretur.
4054 4245 4216 4309 Inde
4260 4245 4525 4309 inolevit
4572 4245 4965 4310 consuetudo

3199 4358 3272 4417 ut
3318 4353 3526 4439 prima
3572 4375 3723 4440 pars
3765 4353 4015 4417 dicatur
4056 4353 4507 4428 Distinctiones,
4550 4354 4717 4418 sicut
4766 4355 4831 4418 in
4880 4354 4963 4418 le-

3199 4461 3389 4546 gibus
3438 4469 3568 4524 tres
3630 4470 3884 4547 partes,
3934 4461 4217 4525 secunda
4283 4461 4496 4526 Cause.
4552 4461 4639 4525 Et
4693 4463 4967 4548 primam

3198 4569 3459 4654 quidem
3519 4569 3869 4634 Gratianus
3916 4569 4325 4651 ministeriis,
4373 4569 4725 4634 secundam
4774 4591 4963 4655 nego-

3200 4677 3338 4758 ciis,
3372 4677 3636 4740 tertiam'
3677 4699 3830 4742 vero
3878 4677 4145 4763 deputat
4176 4677 4616 4741 sacramentis.
4650 4677 4815 4741 Inde
4850 4685 4962 4756 est,

3200 4784 3373 4870 quod
3438 4784 3711 4870 primam
3768 4792 3955 4848 vocat
4017 4791 4364 4849 tractatum
4426 4784 4965 4866 ordinandorum,

3197 4891 3461 4955 tertiam
3509 4913 3661 4956 vero
3709 4898 4055 4956 tractatum
4103 4892 4623 4956 consecrationis.

3326 4999 3462 5063 Nos
3510 5021 3785 5085 quoque,
3835 4999 3984 5064 licet
4029 4999 4297 5063 scientia
4351 5006 4599 5082 tenues,
4648 5000 4967 5064 sociorum

3198 5114 3422 5171 tamen
3470 5107 3814 5171 utilitatem
3860 5107 4138 5171 ferventi
4200 5106 4412 5170 animo
4469 5107 4804 5192 cupientes
4853 5105 4965 5169 ali·

3198 5216 3353 5301 quid
3389 5216 3452 5278 in
3494 5215 3939 5301 gazophilacio
3973 5237 4118 5280 cum
4150 5214 4347 5278 vidua
4377 5215 4696 5300 ponimus,
4724 5223 4790 5279 et
4825 5235 4967 5300 pra·

3199 5330 3337 5386 tum
3388 5322 3686 5386 Gratiani
3735 5322 4059 5405 diffusum,
4098 5322 4277 5386 velut
4323 5322 4635 5386 insertum
4683 5322 4966 5407 compiu-

3203 5431 3436 5515 gimus,
3473 5431 3741 5516 ejusque
3790 5430 4061 5515 pelagus
4107 5429 4191 5493 ad
4229 5429 4581 5516 potabilem
4614 5429 4830 5492 rivum
4861 5428 4967 5491 de·

3203 5537 3514 5602 ducimus.
3565 5536 3789 5601 Celum
3852 5542 4067 5600 tamen
4134 5536 4461 5620 ejusdem,
4510 5536 4673 5599 sicut
4730 5535 4966 5622 pellem

3201 5645 3644 5726 extendimus,
3694 5651 3765 5708 ut
3825 5645 3967 5728 ejus
4014 5651 4268 5710 noctem
4340 5644 4544 5707 stellis
4612 5643 4967 5706 dictionum

3198 5753 3608 5838 aliquatenus
3657 5752 4070 5834 illustremus,
4104 5772 4265 5837 quas
4307 5750 4543 5837 partim
4576 5771 4615 5813 a
4648 5749 4968 5815 Gratiano

3200 5861 3339 5947 ipso
3372 5860 3755 5946 accepimus,
3783 5860 4018 5946 partim
4044 5859 4122 5923 de
4155 5859 4409 5945 scriptis
4441 5859 4507 5922 in
4539 5859 4661 5923 hac
4696 5858 4967 5922 scientia

3195 5970 3551 6056 peritorum
3584 5970 3986 6056 suscipimus,
4019 5968 4255 6054 partim
4303 5990 4341 6031 a
4389 5968 4679 6055 patribus
4728 5967 4967 6031 nostris

3201 6077 3603 6158 audivimus,
3651 6076 3890 6162 partim
3950 6076 4261 6139 nonnulla
4308 6097 4393 6139 ex
4441 6082 4659 6140 nostra
4708 6094 4967 6161 quoque

3199 6184 3453 6249 officina
3500 6183 3948 6269 producimus,
3999 6204 4115 6246 nec
4162 6204 4315 6247 vero
4357 6183 4413 6246 si
4445 6183 4815 6269 aliquorum
4848 6182 4967 6244 lin·

3198 6312 3329 6378 gua
3376 6292 3623 6377 pruriat
3673 6297 3785 6354 aut
3822 6290 4092 6353 livescat
4125 6290 4389 6371 invidia,
4422 6290 4577 6353 dum
4614 6289 4967 6353 multorum

1423 6528 1500 6594 (1)
1541 6526 1672 6579 Cod.
1713 6527 1768 6578 in
1821 6525 2142 6577 membrana
2193 6524 2247 6576 in
2296 6524 2391 6576 fol.
2431 6523 2616 6574 Prima
2653 6538 2781 6591 pars
2818 6523 3099 6574 saeculum
3142 6521 3303 6574 XIII.
3344 6536 3451 6573 non
3492 6520 3785 6584 antecedit,
3823 6521 3997 6572 altera
4032 6538 4160 6574 vero
4212 6521 4377 6589 paulo
4424 6519 4697 6589 antiquior
4735 6519 4970 6571 videtur.
