5542 7775
1629 639 2097 690 SPEOTANTIA
2153 641 2258 690 An
2317 640 2828 691 Pnornssonns
2883 640 3095 692 Jnms
3148 640 3415 691 01v1ms
4189 618 4331 689 121

699 792 886 857 dictis
933 793 1136 858 literis
1186 793 1419 857 nostris
1465 793 1636 857 dicto
1685 793 1937 857 notario
1984 799 2050 856 et
2094 793 2330 857 nuncio
2387 800 2605 858 nostro
2668 793 3025 858 commissis
3085 815 3201 857 seu
3261 794 3519 858 directis
3580 800 3766 858 erant
3827 800 4172 877 contenta,
4222 815 4340 859 nec

703 899 1041 964 attendens
1089 900 1260 986 quod
1310 901 1372 963 in
1419 899 1647 964 eadem
1694 899 1979 982 civitate,
2027 900 2092 963 in
2139 920 2269 985 qua
2316 921 2563 964 merum
2610 908 2675 964 et
2722 900 2996 964 mixtum
3042 901 3382 986 imperium
3427 907 3492 965 et
3539 900 3905 966 omnimoda
3955 901 4339 985 jurisdictio,

700 1028 820 1072 nec
866 1029 994 1072 non
1044 1007 1319 1072 facultas
1366 1007 1625 1071 creandi
1661 1014 1726 1071 et
1754 1006 2037 1094 ponendi
2081 1006 2501 1089 Potestatem,
2538 1007 2964 1093 Capitaneum
3006 1028 3082 1071 ac
3130 1007 3667 1072 Conservatorem
3713 1015 3779 1073 et
3825 1008 3986 1073 alios
4034 1008 4339 1073 officiales

701 1115 1091 1202 principales
1140 1115 1419 1180 civitatis
1463 1114 1776 1199 ejusdem,
1811 1114 2035 1200 eisque
2078 1114 2459 1178 exercitium
2506 1115 2667 1179 meri
2714 1121 2781 1179 et
2824 1115 3012 1179 mixti
3059 1115 3312 1202 imperij
3361 1136 3436 1180 ac
3470 1115 3938 1200 jurisdictionis
3970 1115 4341 1201 hujusmodi

703 1222 1142 1287 committendi
1191 1223 1273 1287 ad
1320 1244 1437 1287 nos
1485 1222 1815 1308 dictosque
1871 1241 2274 1285 successores
2338 1230 2588 1286 nostros
2636 1228 2702 1285 et
2748 1221 3043 1286 eamdem
3088 1213 3811 1288 romanam'ecclesiam
3855 1222 4178 1310 pertinere
4226 1243 4339 1287 no-

703 1337 987 1413 scuntur,
1036 1336 1102 1393 et
1162 1330 1335 1416 quod
1396 1330 1567 1394 idem
1629 1328 1912 1393 sindicus
1958 1335 2023 1392 et
2069 1335 2449 1414 procurator
2495 1328 2841 1393 sindicario
2897 1336 2963 1393 et
3009 1330 3452 1414 procuratorio
3499 1330 3757 1394 nomine
3814 1330 4338 1395 constituentium

700 1438 1135 1524 predictorum
1181 1437 1552 1521 hujusmodi
1596 1458 1845 1500 merum
1891 1444 1956 1499 et
2002 1437 2278 1500 mixtum
2326 1435 2663 1523 imperium
2711 1443 2777 1500 et
2823 1458 3078 1500 omnem
3119 1437 3635 1522 jurisdictionem
3698 1438 3763 1502 in
3828 1446 4050 1502 nostra
4113 1445 4179 1502 et
4241 1437 4336 1502 di-

703 1552 952 1610 ctorum
1014 1545 1316 1609 Fratrum
1371 1553 1436 1608 et
1483 1543 1911 1608 multitudinis
1960 1543 2215 1629 copiose
2261 1543 2589 1629 presentia
2634 1543 2892 1630 publice
2940 1544 3273 1609 confessus
3321 1544 3534 1609 fuerat
3594 1551 3660 1609 et
3705 1554 4206 1630 recognoverat,
4256 1546 4338 1610 ad

702 1674 819 1718 nos
874 1652 1207 1739 dictosque
1255 1673 1656 1717 successores
1704 1656 1955 1715 nostros
1996 1657 2061 1715 et
2092 1672 2425 1715 romanam
2459 1651 2800 1715 ecclesiam
2831 1652 3153 1738 pertinere
3188 1659 3412 1716 contra
3451 1652 3822 1737 hujusmodi
3870 1651 4339 1718 confessionem
4399 1654 4410 1665 “

702 1768 767 1826 et
813 1760 1321 1845 recognitionem
1367 1767 1594 1846 sponte
1643 1760 1903 1841 factam,
1937 1759 2175 1825 bonam
2215 1759 2407 1823 fidem
2454 1768 2518 1824 et
2565 1759 2903 1823 veritatem
2952 1759 3408 1842 continentem,
3441 1759 3663 1824 venire
3720 1781 3848 1825 non
3897 1760 4163 1844 veritus,
4195 1782 4340 1847 pre-

703 1868 975 1954 sumpsit
1024 1889 1312 1932 asserere
1363 1866 1535 1953 quod
1584 1867 1719 1953 ipse
1767 1874 1909 1931 erat
1949 1867 2192 1931 electus
2225 1866 2627 1931 concorditer
2658 1888 2775 1953 per
2807 1888 3142 1931 commune
3176 1876 3241 1931 et
3271 1867 3583 1953 populum
3614 1867 3893 1931 civitatis
3924 1868 4339 1933 bononiensis

703 1985 1015 2062 perpetuo
1066 1975 1148 2040 ad
1194 1976 1396 2039 vitam
1442 1996 1625 2038 suam
1672 1975 1739 2038 in
1773 1974 2317 2039 Conservatorum
2364 1974 2644 2038 civitatis
2691 1974 2998 2060 predicte,
3033 1981 3097 2037 et
3146 1973 3316 2059 quod
3364 1975 3736 2038 intentionis
3783 1996 3897 2039 sue
3944 1983 4085 2039 erat
4133 1975 4336 2039 omni-

703 2083 892 2147 mode
939 2084 1004 2146 in
1050 2083 1278 2147 eodem
1340 2082 1546 2147 officio
1597 2082 2085 2146 Conservatoris
2130 2103 2426 2164 manere,
2472 2082 2691 2146 vivere
2739 2088 2805 2145 et
2850 2088 3022 2146 stare
3070 2103 3274 2166 usque
3331 2081 3414 2145 ad
3475 2090 3745 2147 mortem
3794 2103 4007 2165 suam,
4056 2090 4122 2146 et
4167 2082 4338 2168 quod

698 2191 838 2275 jam
883 2212 1087 2277 equus
1134 2212 1324 2273 suus,
1373 2196 1443 2254 ut
1490 2188 1781 2274 ejusdem
1828 2188 2079 2253 Thadei
2123 2189 2339 2253 verbis
2388 2196 2679 2270 utamur,
2729 2190 2797 2253 in
2843 2196 3094 2252 tantum
3144 2195 3293 2253 ante
3342 2196 3782 2274 processerat,
3833 2190 4003 2276 quod
4052 2211 4179 2254 non
4226 2212 4341 2277 po·

703 2305 871 2363 terat
917 2298 1207 2381 retroire,
1242 2297 1430 2384 plura
1477 2298 1607 2362 alia
1656 2297 1913 2361 nomine
1960 2318 2078 2361 suo
2125 2318 2199 2361 ac
2246 2297 2706 2379 universitatis,
2742 2297 3098 2361 communis
3146 2304 3210 2361 et
3255 2297 3478 2383 populi
3525 2303 3590 2361 et
3629 2297 3866 2362 civium
3907 2298 4342 2385 predictorum

704 2405 942 2470 ibidem
990 2406 1384 2492 presentium
1432 2404 1703 2469 dicendo
1750 2411 1815 2468 et
1869 2404 2196 2490 premissis
2257 2404 2583 2487 addend0,
2633 2426 2817 2467 suam
2866 2404 3281 2485 electionem,
3331 2404 3739 2468 tiramnidem
3801 2412 3866 2469 et
3931 2405 4342 2469 manifestam

705 2513 1137 2578 deviationem
1185 2520 1250 2576 et
1297 2513 1769 2576 indevotionem
1819 2511 1901 2575 ad
1949 2511 2242 2576 eamdem
2289 2532 2622 2576 romanam
2665 2512 3004 2575 ecclesiam
3037 2511 3375 2597 sapientia,
3409 2533 3534 2596 que
3576 2519 3837 2598 propter
3868 2534 4088 2577 eornm
4124 2514 4341 2577 incon·

702 2621 1096 2686 venientiam
1144 2626 1210 2684 et
1256 2620 1573 2683 insaniam
1622 2619 2028 2705 presentibus
2076 2618 2377 2682 duximus
2425 2617 2825 2701 subticenda,
2861 2639 3067 2703 queve
3109 2639 3353 2700 eorum,
3387 2640 3511 2705 que
3553 2620 3707 2684 dicti
3755 2620 4234 2684 ambaxiatores
4266 2641 4342 2685 ac

703 2729 993 2814 prefatus
1040 2727 1322 2791 sindicus
1370 2733 1435 2791 et
1480 2732 1860 2812 procurator
1914 2746 2137 2790 corum
2183 2725 2438 2811 publice
2487 2726 2554 2789 in
2600 2732 2823 2790 nostra
2869 2732 2935 2789 et
2975 2725 3295 2790 dictorum
3343 2726 3616 2790 fratrum
3656 2733 3722 2790 et
3767 2726 4195 2790 multitudinis
4237 2748 4341 2791 co-

700 2837 878 2923 piose
923 2836 1253 2922 presentia
1299 2835 1673 2899 solemniter
1719 2834 2059 2920 protestati
2105 2840 2171 2898 et
2216 2833 2494 2898 confessi
2540 2834 2823 2898 dilucida
2872 2840 2937 2897 et
2983 2833 3242 2920 publica
3290 2856 3446 2898 voce
3493 2834 3781 2917 fuerant,
3832 2833 4167 2920 dictusque
4214 2835 4342 2899 sin·

701 2944 881 3008 dicus
929 2943 1185 3008 nomine
1233 2942 1604 3028 supradicto
1648 2943 2165 3026 juramentorum
2213 2941 2605 3027 prestatione
2654 2941 3025 3005 firmaverat
3072 2941 3550 3022 inficiationem,
3599 2942 4200 3028 prevaricationem,
4241 2963 4341 3005 re-

703 3051 1156 3115 cidivationem
1205 3050 1269 3114 in
1317 3049 1540 3136 culpas
1588 3049 1892 3136 pristinas
1937 3070 2012 3113 ac
2060 3048 2546 3113 renovationem
2578 3070 2802 3112 earum
2834 3056 2898 3113 et
2931 3055 3181 3113 reatum
3213 3049 3482 3134 perjurij
3517 3048 3878 3112 evidentius
3912 3048 4342 3113 ostendebant

704 3158 1016 3244 quasdam
1064 3157 1558 3239 moderationes,
1595 3163 1665 3220 ut
1709 3156 2031 3239 dicebant,
2065 3178 2181 3242 per
2215 3177 2330 3220 nos
2363 3156 2525 3237 fieri,
2559 3155 2967 3241 postulandO,
3003 3176 3127 3240 que
3176 3177 3245 3220 re
3279 3177 3432 3219 vera
3467 3155 3939 3220 moderationes
3974 3177 4101 3219 non
4134 3161 4339 3237 erant,

702 3266 813 3331 sed
864 3265 1121 3330 modum
1171 3272 1236 3328 et
1281 3264 1664 3328 modestiam
1711 3263 2098 3328 excedentes
2147 3263 2744 3327 immoderationem
2793 3263 3008 3348 potins
3056 3262 3417 3349 sapiebant,
3452 3284 3528 3328 ac
3559 3264 3896 3348 promissa,
3932 3268 4340 3348 gesta,·acta,

696 3375 953 3459 jurata,
1003 3381 1068 3437 et
1115 3373 1246 3436 alia
1291 3372 1507 3436 omnia
1553 3378 1618 3435 et
1663 3372 1921 3456 singula
1969 3370 2340 3456 supradicta
2386 3370 2611 3434 habita
2664 3393 2783 3456 per
2843 3369 3160 3434 sindicum
3220 3378 3285 3434 et
3346 3380 3828 3457 procuratorem
3890 3371 4213 3457 prefatum
4276 3371 4343 3433 in

702 3481 1055 3545 ludibrium
1104 3488 1167 3544 et
1215 3480 1701 3544 evacuationem
1751 3478 2068 3542 deducere
2115 3478 2539 3561 videbantur,
2588 3500 2862 3565 quorum
2909 3477 3210 3542 videlicet
3257 3478 3543 3559 Thadei,
3592 3478 3983 3560 communis,
4030 3477 4343 3541 universi-

704 3589 855 3652 tatis
902 3596 967 3652 et
1013 3587 1232 3674 populi
1283 3594 1348 3651 et
1393 3587 1628 3651 civium
1687 3586 1856 3650 idem
1920 3586 2208 3650 notarius
2272 3592 2490 3650 noster
2546 3586 2864 3650 versutias
2927 3594 3121 3671 atque
3177 3585 3359 3649 dolos
3419 3607 3814 3670 cognoscens
3877 3592 3942 3648 et
4000 3585 4342 3670 experiens

704 3696 1065 3777 manifeste,
1101 3702 1443 3781 postquam
1493 3716 1606 3781 per
1652 3695 1870 3780 plures
1918 3694 2055 3758 dies
2103 3693 2403 3758 insistens
2451 3694 2709 3758 monitis
2750 3701 2815 3757 et
2864 3693 3320 3758 monitionibus
3368 3693 3760 3775 eorumdem,
3795 3700 3866 3757 ut
3912 3714 4022 3756 eos
4069 3713 4109 3755 a
4155 3693 4344 3755 ruina

705 3825 892 3868 casus
940 3809 1282 3886 averteret,
1317 3808 1382 3866 et
1417 3802 1499 3865 ad
1547 3801 1864 3888 gremium
1914 3809 2203 3866 nostrum
2251 3808 2314 3865 et
2361 3800 2652 3886 ejusdem
2698 3801 2922 3864 matris
2956 3800 3224 3865 ecclesie
3259 3808 3612 3883 revocaret,
3648 3801 3806 3865 inibi
3838 3821 4085 3864 moram
4119 3799 4339 3882 traxit,

704 3912 931 3976 videns
979 3911 1148 3998 quod
1198 3911 1359 3975 nihil
1407 3912 1747 3997 proficeret
1793 3911 1964 3996 apud
2013 3931 2123 3973 eos
2171 3910 2415 3996 absque
2463 3910 2683 3995 aliqua
2729 3910 3188 3995 premissorum
3235 3910 3541 3992 efficacia,
3586 3931 3712 3974 non
3758 3909 3895 3973 sine
3945 3929 4181 3994 magna
4229 3928 4341 3972 no-

706 4027 841 4084 stra
886 4026 951 4083 et
997 4018 1288 4103 ejusdem
1335 4039 1596 4082 romane
1645 4017 1913 4082 ecclesie
1961 4017 2199 4101 injuria
2245 4025 2310 4081 et
2356 4025 2747 4103 contemptu,
2784 4016 2866 4080 ad
2905 4039 3021 4081 nos
3069 4024 3133 4081 et
3181 4016 3419 4081 dictam
3464 4016 3803 4081 ecclesiam
3852 4016 3974 4080 fuit
4020 4036 4339 4097 reversus,

706 4134 899 4214 prout
943 4126 1114 4189 idem
1163 4125 1451 4190 notarius
1498 4125 1578 4188 de
1626 4125 1951 4211 premissis
1996 4125 2292 4189 omnibus
2339 4133 2403 4189 et
2448 4125 2720 4210 singulis
2768 4146 2884 4210 per
2930 4147 3077 4189 eum
3126 4124 3325 4210 gestis
3386 4131 3452 4188 et
3514 4145 3629 4209 per
3683 4122 4042 4205 Thadeum,
4087 4123 4344 4187 univer-

707 4236 966 4299 sitatem
1010 4242 1075 4298 et
1121 4233 1432 4319 populum
1480 4239 1545 4297 et
1591 4253 1928 4297 commune
1977 4239 2041 4295 et
2097 4232 2272 4296 cives
2334 4232 2656 4318 predictos
2719 4233 3078 4318 responsis,
3127 4232 3348 4315 dictis,
3392 4232 3580 4296 factis
3628 4238 3692 4295 et
3739 4231 3977 4295 habitis
4040 4230 4224 4295 nobis
4280 4239 4346 4295 et

708 4342 951 4406 eisdem
997 4339 1306 4404 fratribus
1353 4339 1588 4403 nostris
1634 4346 1768 4403 tam
1816 4339 1961 4403 vive
2008 4339 2184 4403 vocis
2246 4339 2543 4422 oracu10,
2593 4360 2788 4426 quam
2849 4361 2964 4425 per
3022 4338 3353 4426 publicum
3415 4339 3914 4403 instrumentum
3975 4338 4345 4403 tabellionis

707 4448 968 4534 publica
1015 4468 1212 4510 manu
1258 4447 1588 4532 scriptum,
1637 4447 1748 4531 qui
1794 4468 1923 4509 una
1971 4468 2116 4510 cum
2163 4446 2332 4511 dicto
2380 4447 2634 4511 notario
2681 4468 2946 4533 presens
2995 4447 3208 4510 fuerat
3257 4447 3322 4510 in
3371 4446 3719 4533 premissis,
3769 4446 3922 4510 fecit
3962 4446 4342 4510 relationem

710 4563 973 4638 certam,
1020 4555 1382 4641 plenariam
1429 4562 1493 4618 et
1538 4553 1824 4636 fidelem3
1873 4553 2057 4635 eujus
2105 4553 2451 4639 implacida
2498 4554 2813 4618 relatione
2862 4553 3084 4618 audita
3130 4560 3194 4617 et
3242 4574 3356 4639 per
3401 4574 3546 4616 eam
3593 4552 3672 4617 de
3719 4552 4039 4635 illusione,
4075 4553 4344 4616 circum-

709 4663 1011 4727 ventione
1068 4669 1133 4726 et
1184 4661 1348 4726 dolis
1409 4668 1475 4726 et
1539 4669 1720 4726 reatu
1783 4663 2055 4748 perjurij
2114 4662 2432 4727 dictorum
2488 4662 2879 4743 communis,
2927 4660 3365 4725 universitatis
3425 4667 3489 4724 et
3550 4660 3807 4746 populi,
3856 4667 3921 4723 et
3968 4659 4219 4723 Thadei
4281 4666 4346 4723 et

710 4770 947 4834 civium
991 4769 1486 4834 bononiensium
1531 4768 1952 4854 prefatorum,
1987 4777 2052 4833 et
2098 4770 2294 4833 etiam
2339 4790 2456 4855 per
2504 4769 2746 4834 claram
2795 4776 2860 4833 et
2906 4768 3224 4833 notoriam
3263 4767 3740 4853 'experientiam
3772 4766 4102 4830 informati
4134 4765 4344 4830 adhuc

710 4884 855 4963 post
900 4877 1155 4962 lapsum
1202 4875 1369 4939 dicte
1417 4875 1624 4939 medie
1673 4876 2166 4962 quadragesime
2214 4899 2435 4941 eorum
2484 4876 2794 4958 reditum,
2844 4876 3136 4961 quamvis
3200 4875 3469 4957 frustra,
3518 4874 3601 4938 ad
3646 4874 3856 4938 sinum
3904 4873 4192 4957 ejusdem
4241 4894 4343 4937 ec-

712 4985 905 5049 clesie
953 4990 1147 5069 atque
1196 4990 1485 5047 nostrum
1532 5004 1648 5069 per
1694 4985 1911 5069 plures
1958 5006 2212 5049 menses
2258 4984 2560 5048 duximus
2606 4983 3100 5070 expectandum.

891 5091 1054 5156 Cum
1101 5099 1318 5155 autem
1362 5091 1535 5155 idem
1582 5091 1885 5155 Thadeus
1918 5114 2034 5178 pro
2076 5092 2566 5173 Conservatore,
2599 5113 2717 5155 nec
2750 5112 2879 5155 non
2912 5090 3022 5154 alii
3055 5111 3171 5177 pro
3202 5090 3555 5172 Potestate,
3591 5087 3968 5175 CapitaneO,
4003 5088 4342 5170 Barise110,

714 5199 1073 5282 Judicibus,
1109 5198 1529 5281 Consiliariis,
1562 5198 1970 5281 Rectoribns,
2006 5199 2413 5281 Consulibus,
2447 5198 2748 5262 Antianis
2782 5205 2846 5262 et
2877 5197 3270 5283 quibuslibet
3311 5196 3689 5261 officialibus
3724 5195 4001 5261 civitatis
4033 5193 4344 5280 ejusdem,

714 5326 1116 5392 quocumque
1163 5305 1419 5370 nomine
1468 5313 1871 5388 censeantur,
1922 5327 1990 5369 se
2037 5314 2356 5390 gerentes,
2406 5327 2481 5370 ac
2529 5306 2936 5387 universitas,
2970 5306 3246 5391 populus
3294 5312 3359 5369 et
3405 5324 3741 5368 commune
3774 5310 3839 5367 et
3870 5303 4043 5367 cives
4075 5301 4345 5388 predicti

711 5413 1017 5500 predictis
1064 5413 1436 5477 excessibus
1484 5421 1677 5497 atque
1726 5413 1932 5498 culpis
1978 5413 2393 5478 violationem
2438 5420 2504 5477 et
2548 5413 3036 5478 temerationem
3084 5413 3394 5498 promisse
3442 5410 3590 5474 fidei
3641 5418 3705 5475 et
3751 5417 4002 5475 reatum
4049 5409 4343 5496 perjurij,

707 5522 1079 5606 juramenta
1128 5519 1418 5607 predicta
1464 5520 1724 5584 minime
1772 5520 2205 5607 adimplendo,
2248 5521 2598 5607 culpasque
2647 5521 3019 5585 continuate
3066 5519 3498 5584 inobedientia
3546 5526 3612 5583 et
3666 5519 4066 5583 contumacie
4115 5538 4347 5604 aggre-

714 5637 942 5715 gantes
990 5635 1137 5714 post
1182 5629 1434 5713 lapsum
1482 5628 1767 5714 predicte
1830 5628 2038 5692 medie
2100 5628 2591 5714 quadragesime
2640 5628 2706 5691 in
2754 5650 2975 5692 omnes
3023 5627 3344 5713 predictas
3391 5648 3593 5713 penas
3639 5633 3705 5690 et
3751 5626 4140 5708 sententias,
4189 5632 4348 5689 tam-

715 5758 909 5823 quam
955 5737 1073 5820 filij
1122 5735 1591 5799 maledictionis
1639 5743 1703 5799 et
1766 5735 2245 5820 ingratitudinis
2306 5735 2758 5799 miserabiliter
2817 5735 3119 5799 recidisse
3183 5742 3549 5816 noscantur,
3599 5756 3672 5797 ac
3736 5740 4079 5820 propterea
4141 5733 4348 5797 dictus

716 5844 1020 5909 Thadeus
1080 5864 1197 5929 pro
1245 5842 1714 5907 Conservatore
1762 5850 1827 5907 et
1873 5842 1985 5927 alij
2047 5843 2397 5929 supradicti
2444 5864 2560 5928 pro
2605 5842 2968 5924 Potestate,
3012 5840 3080 5906 'et
3129 5842 3518 5929 Capitaneo,
3568 5841 3922 5922 Barise110,
3971 5839 4345 5921 Judicibus,
4436 5916 4442 5922 ἡ

717 5951 1136 6034 Consiliariis,
1168 5950 1574 6032 Rectoribns,
1603 5950 2010 6031 Consulibus,
2036 5951 2338 6013 Antianis
2365 5957 2427 6014 et
2453 5950 2848 6035 quibuslibet
2881 5950 3259 6014 officialibus
3292 5949 3572 6014 civitatis
3605 5948 3918 6033 ejusdem,
3946 5968 4347 6033 quocumque

716 6062 972 6126 nomine
1022 6066 1425 6140 censeantur,
1461 6080 1528 6122 se
1562 6066 1881 6144 gerentes,
1915 6058 1980 6121 in
2027 6058 2381 6143 predictam
2428 6058 3108 6122 excommunicationis
3156 6058 3541 6121 sententiam
3588 6055 3936 6121 reciderint
3981 6056 4120 6141 ipso
4152 6055 4346 6137 facte,

717 6191 792 6234 ac
839 6169 1104 6249 civitas,
1152 6167 1528 6248 comitatus,
1577 6166 1970 6230 territorium
2017 6172 2082 6229 et
2128 6165 2455 6230 districtus
2501 6164 2755 6252 prefata
2802 6187 2879 6229 eo
2927 6165 3066 6250 ipso
3114 6165 3243 6228 sint
3288 6164 3621 6250 supposita
3668 6162 4104 6227 ecclesiastico
4152 6162 4348 6226 inter-

715 6277 908 6359 dicte,
949 6296 1067 6339 nec
1115 6295 1245 6338 non
1292 6273 1518 6337 civitas
1566 6294 1641 6337 ac
1690 6273 2074 6337 universitas
2119 6272 2548 6337 bononienses
2596 6272 2846 6358 prefate
2895 6272 2961 6336 in
3007 6272 3328 6359 predictas
3374 6292 3577 6357 penas
3624 6278 3689 6335 et
3735 6270 4087 6334 sententias
4133 6269 4347 6356 priva-

714 6384 907 6449 tionis
954 6381 1244 6467 ejusdem
1292 6379 1503 6445 Studii
1543 6380 1866 6466 generalis
1900 6379 2310 6466 omniumque
2344 6379 2849 6466 privilegiorum,
2885 6379 3433 6465 indulgentiarum
3465 6385 3530 6442 et
3561 6378 3918 6463 gratiarum
3965 6376 4347 6463 apostolico·

714 6512 859 6556 rum
893 6512 966 6555 ac
1000 6489 1498 6577 apostolicarum
1531 6495 1596 6552 et
1626 6488 2077 6574 imperialium,
2106 6495 2171 6552 et
2196 6489 2278 6553 ab
2311 6487 2455 6551 aliis
2487 6487 2995 6573 quibuscumque
3030 6508 3478 6552 concessorum
3504 6493 3568 6550 et
3600 6505 4050 6550 concessarum
4082 6484 4346 6566 eisdem,

878 6629 1015 6668 ron.
1056 6631 1120 6668 11.
4122 6613 4187 6662 16
