5542 7775
1563 661 2024 712 SPEOTANTIA
2081 663 2183 712 AD
2239 661 2748 713 PROFESSORES
2807 662 3029 712 ARTIS
3084 663 3469 714 NOTARIAE
4170 643 4320 715 203

694 815 935 901 scripti.
967 814 1188 900 Hujus
1236 816 1329 899 rej
1378 822 1573 880 testes
1616 823 1765 880 sunt
1800 816 2229 898 Guillielmus,
2264 818 2707 881 ravenatensis
2740 817 3008 882 ecclesie
3042 818 3580 904 archiepiscopus,
3614 817 4008 900 Bernardus,
4042 817 4326 882 fanensis

693 923 1053 1008 episcopus,
1100 921 1261 1006 Azo,
1313 923 1596 986 marchio
1645 924 1936 1006 estensis,
1983 924 2155 1010 Ugo,
2205 946 2417 989 comes
2464 924 2777 1007 Lavanie,
2826 924 3150 989 Robertus
3197 925 3275 989 de
3323 924 3587 1009 Durcia,
3617 924 3944 989 Henricus
3976 925 4324 989 Marescal-

694 1030 852 1094 chus
900 1029 979 1094 de
1025 1029 1274 1112 Rhen.,
1325 1029 1803 1114 Aldribandus,
1850 1031 2201 1095 ubertanus
2248 1032 2617 1117 episcopus„
2665 1031 3018 1115 RobertuS‚
3068 1052 3280 1095 comes
3342 1032 3420 1096 de
3480 1031 3831 1118 Stringut.,
3880 1031 4324 1114 Lumbardus,

694 1158 941 1218 comes,
991 1136 1335 1219 Gofredus,
1383 1158 1595 1202 comes
1643 1137 1723 1201 de
1772 1137 2152 1223 Saraponte,
2201 1146 2265 1202 et
2313 1138 2424 1202 alii
2472 1159 2665 1223 quam
2711 1138 2950 1225 plures.
3002 1137 3276 1223 Signum
3324 1160 3551 1203 manus
3597 1138 3868 1204 Henrici
3914 1140 4083 1203 sexti
4130 1139 4327 1226 impe-

695 1244 926 1308 ratoris
970 1243 1410 1308 Romanorum
1461 1244 1879 1308 invictissimi.

867 1350 1011 1435 Ego
1059 1350 1385 1433 Coradus,
1438 1351 1786 1437 imperialis
1835 1352 1981 1415 aule
2030 1351 2471 1433 camelarius,
2521 1352 2659 1415 vize
2709 1351 2951 1415 domini
3014 1351 3269 1434 odulfi,
3318 1352 3701 1416 coloniensis
3763 1351 4324 1433 archicanzelarii,

693 1458 1063 1542 recognovj.

872 1566 1041 1629 Acta
1088 1572 1237 1629 sunt
1281 1565 1400 1630 hec
1448 1587 1617 1629 anno
1666 1565 1927 1629 Domini
1974 1564 2315 1629 millesimo
2363 1566 2711 1629 centesimo
2747 1564 3164 1650 nonagesimo
3198 1567 3442 1650 quinto,
3477 1549 3822 1631 indictione
3856 1565 4326 1646 terciadecima,

694 1679 1007 1757 regnante
1054 1671 1311 1735 domino
1356 1672 1642 1736 Henrico
1690 1679 1914 1753 sexto,
1963 1693 2376 1735 romanorum
2421 1672 2809 1758 imperatore
2859 1672 3353 1757 gloriosissimo,
3403 1693 3572 1737 anno
3622 1680 3685 1737 et
3732 1673 3915 1758 regni
3958 1674 4103 1756 ejus
4149 1672 4327 1758 vige·

694 1780 853 1843 simo
901 1786 1107 1861 sexto,
1160 1779 1410 1865 imperii
1455 1801 1608 1844 vero
1658 1780 1901 1864 quinto,
1951 1786 2015 1843 et
2063 1779 2248 1863 regni
2292 1779 2513 1844 Oicilie
2563 1781 2789 1866 primo.

871 1885 1115 1950 Datum
1159 1886 1514 1968 Placentia,
1564 1894 1793 1971 quarto
1840 1886 2153 1950 kalendas
2198 1887 2390 1971 junij.

2464 2207 2553 2270 II.

2210 2420 2404 2500 1245,
2458 2420 2542 2481 13
2589 2422 2819 2483 ηιανΐῐί.

1679 2630 1780 2694 Ex
1830 2631 2056 2695 codem
2108 2631 2385 2717 Reqistro
2438 2633 2682 2713 Gra-530,
2732 2632 2841 2695 lib.
2892 2631 3017 2713 II.,
3069 2653 3120 2695 c.
3174 2634 3211 2694 3
3261 2626 3339 2694 r.⁰

869 2844 1015 2907 IIoc
1063 2852 1160 2908 est
1208 2844 1576 2929 exemplum
1625 2844 1960 2928 cujusdam
2013 2845 2419 2909 instrumenti
2474 2846 2713 2931 publici
2783 2845 3127 2925 autentici,
3178 2845 3562 2908 cont-inentis
3628 2845 3859 2908 seriem
3920 2853 3983 2907 et
4037 2854 4325 2909 tenorem

691 2952 1016 3039 privilegij
1066 2972 1104 3013 a
1153 2950 1422 3015 condam
1473 2950 1731 3014 domino
1777 2951 2123 3015 Frederico
2171 2974 2580 3017 romanorum
2629 2952 2916 3039 principe
2964 2951 3231 3032 indulto,
3282 2960 3345 3015 et
3391 2951 3803 3016 dato(¹)viro
3837 2951 4032 3015 nobili
4068 2951 4326 3016 domino

689 3059 1095 3123 Bertholotto
1145 3057 1468 3142 quondam
1516 3058 1758 3123 domini
1805 3059 1983 3122 Petri
2032 3059 2111 3123 de
2144 3059 2493 3123 Venerosis
2527 3060 2590 3122 in
2623 3059 3017 3123 Lonibardia
3051 3058 3299 3122 comitis
3332 3059 3624 3144 palatini,
3658 3081 3852 3145 super
3902 3058 4326 3123 concedendis

690 3166 1028 3229 ordinariis
1070 3164 1657 3249 jurisdictionibuS,
1706 3173 1770 3230 et
1815 3167 2109 3230 creandis
2158 3166 2636 3247 tabellionibuS,
2687 3166 3122 3251 legitimandis
3171 3167 3439 3251 spuriis,
3490 3173 3554 3229 et
3599 3165 3743 3228 aliis
3790 3166 4081 3251 pluribus
4129 3166 4325 3230 hono·

689 3274 865 3337 ribus
913 3280 976 3336 et
1024 3272 1391 3354 beneficiis;
1441 3274 1625 3357 cujus
1673 3274 2083 3337 instrumenti
2131 3274 2368 3358 integri
2416 3282 2478 3337 et
2529 3274 2918 3360 incorrupti,
2967 3281 3030 3337 et
3080 3275 3144 3336 in
3192 3274 3371 3336 nulla
3419 3273 3518 3336 sni
3580 3280 3763 3359 parte
3833 3273 4093 3355 viciosi,
4142 3280 4326 3338 tenor

687 3381 834 3444 talis
883 3388 1012 3443 est:

865 3486 941 3548 In
992 3487 1247 3550 nomine
1294 3495 1515 3550 sancte
1550 3494 1616 3550 et
1647 3486 1974 3549 individue
2010 3486 2364 3550 Trinitatis.
2399 3486 2781 3549 Fredericns
2814 3487 3153 3567 secundus,
3189 3486 3408 3549 divina
3440 3485 3698 3548 favente
3733 3484 4071 3549 clementia
4115 3505 4324 3547 roma-

684 3615 914 3657 norum
963 3594 1310 3679 imperator
1357 3601 1420 3658 et
1467 3615 1720 3678 semper
1768 3605 2102 3678 augustus,
2138 3593 2502 3658 Jerusalem
2552 3602 2616 3657 et
2665 3593 2882 3657 Sicilie
2933 3615 3068 3657 rex.
3116 3592 3206 3657 Ut
3254 3592 3655 3677 singulorum
3703 3592 3950 3655 animos
3998 3590 4079 3653 ad
4120 3590 4321 3654 fideli-

686 3702 836 3764 tatis
883 3708 1099 3765 nostre
1150 3702 1459 3787 obsequia
1508 3700 1829 3764 efficacius
1879 3702 2258 3781 invitemus,
2308 3709 2372 3764 et
2419 3700 2703 3764 fidelium
2751 3710 3001 3764 mentes
3049 3702 3113 3763 in
3160 3700 3284 3763 fide
3333 3700 3691 3763 efficiantur
3739 3699 4036 3763 fortiores
4092 3699 4324 3762 mentis

686 3829 929 3890 eorum,
981 3829 1140 3895 quos
1182 3810 1321 3894 jam
1367 3806 1609 3871 dudum
1655 3807 1718 3870 in
1769 3808 2038 3893 agendis
2085 3808 2322 3871 nostris
2369 3816 2433 3871 et
2482 3808 2735 3895 imperij
2785 3807 3147 3871 invenimus
3195 3814 3259 3871 et
3305 3807 3556 3893 experti
3603 3827 3843 3890 sumus,
3891 3806 4065 3869 omni
4112 3805 4323 3869 studio

686 3917 1054 3980 exercitatis
1101 3917 1454 3981 honoribus
1502 3923 1566 3979 et
1611 3916 1806 4000 regiis
1863 3915 2189 3980 beneficiis
2239 3917 2688 3980 consuevimus
2743 3937 3144 4001 promovere,
3193 3916 3359 3978 inter
3406 3936 3565 4000 quos
3614 3923 3900 3978 nostrum
3958 3913 4213 3976 fidelem
4260 3920 4324 3976 et

686 4022 1070 4086 familiarem
1117 4023 1602 4087 Bertholoctum
1650 4023 1947 4086 comitem
1993 4023 2196 4085 filium
2242 4023 2424 4086 Petri
2468 4022 2818 4105 Venerosi,
2869 4023 3118 4087 comitis
3182 4022 3452 4108 palatini
3513 4021 3592 4085 de
3655 4021 3826 4107 Ripa
3891 4020 4096 4083 insule
4162 4020 4323 4105 Sug-

686 4130 857 4192 zarie
892 4136 955 4193 et
986 4130 1271 4193 Bardine
1320 4129 1589 4215 imperio
1636 4129 1913 4210 fidelem,
1949 4138 2292 4215 nostreque
2326 4130 2685 4214 majestatis
2719 4129 3023 4193 devotum
3064 4136 3595 4215 recognoscentes
3629 4134 3693 4191 et
3726 4126 4091 4191 omnimodo
4139 4126 4322 4190 obse·

686 4237 1017 4322 quiosum3
1065 4236 1469 4301 attendentes
1517 4236 1596 4299 de
1647 4236 2108 4300 consuetudine
2156 4237 2588 4300 benivolentia
2647 4245 2863 4300 nostre
2928 4237 3229 4322 largitate
3292 4246 3621 4320 tamquam
3682 4234 4076 4298 benemerito
4140 4234 4321 4318 regia

689 4343 977 4407 volentes
1027 4343 1415 4430 respondere
1463 4344 2088 4429 recompensatione,
2137 4343 2362 4406 damus
2411 4344 2506 4425 ei,
2555 4343 2738 4426 filiis,
2788 4344 3132 4407 heredibus
3181 4344 3313 4406 suis
3359 4343 3423 4405 in
3472 4349 3882 4427 perpetuum,
3932 4350 4125 4426 atque
4172 4362 4320 4405 con·

685 4449 985 4513 cedimus
1013 4451 1159 4532 jure
1209 4449 1604 4513 honorabilis
1653 4449 1829 4513 feudi
1878 4457 1942 4513 et
1988 4450 2367 4513 investiture
2414 4450 2792 4514 facultatem
2840 4471 2915 4513 ac
2964 4450 3233 4513 liberam
3279 4456 3665 4536 potestatem
3727 4448 4068 4512 ordinandi
4113 4455 4176 4511 et
4223 4447 4317 4510 fa-

685 4557 894 4620 ciendi
939 4557 1105 4621 filios
1151 4557 1495 4641 legitimos,
1531 4558 1640 4642 qui
1687 4579 1816 4621 non
1863 4567 2013 4621 sunt
2058 4557 2352 4642 legitimi,
2388 4567 2452 4621 et
2497 4558 2662 4622 filios
2711 4557 3049 4643 adoptivos
3097 4567 3161 4620 et
3201 4557 3453 4642 judices
3503 4555 3861 4620 ordinarios
3909 4564 3972 4618 et
4013 4556 4317 4636 notariOS,

685 4671 748 4728 et
794 4664 1026 4728 ectiam
1075 4664 1369 4749 accipere
1418 4671 1482 4728 et
1532 4664 1774 4728 elluere
1823 4672 1887 4728 et
1934 4665 2278 4728 extrahere
2326 4663 2487 4728 duos
2534 4665 2827 4729 homines
2876 4663 3378 4751 condempnatos
3425 4664 3487 4727 in
3523 4684 3799 4750 persona
3833 4671 3897 4726 et
3930 4663 3993 4725 in
4027 4662 4319 4748 pecunia,

684 4769 762 4834 de
797 4771 1009 4838 banno
1044 4777 1109 4835 et
1141 4771 1503 4835 carceribus
1538 4771 1882 4856 cujuslibet
1915 4772 2223 4855 comunis,
2251 4771 2551 4854 civitatis,
2577 4772 2683 4835 vel
2714 4771 2909 4835 castri
2941 4771 3025 4834 ad
3057 4771 3456 4834 voluntatem
3489 4770 3589 4833 sni
3629 4770 3767 4833 sine
3816 4768 4319 4833 contradictione

663 4878 786 4940 -vel
834 4878 1281 4942 molestatione
1330 4878 1605 4963 alicujus
1655 4899 1927 4964 persone
1977 4879 2365 4964 ubicumque
2414 4878 2653 4942 fuerint
2700 4900 2817 4964 per
2862 4886 3067 4942 totum
3114 4899 3450 4942 romanum
3498 4877 3872 4962 Imperium,
3908 4876 4044 4939 sine
4079 4885 4319 4958 nostra,

684 4992 1178 5070 nostrorumque
1227 5006 1668 5048 successorum
1715 4991 1781 5048 et
1827 4985 2192 5070 aliquarum
2250 5006 2671 5072 personarum
2729 4985 3270 5066 contradictione,
3319 4985 3464 5069 lege
3521 4984 3741 5069 aliqua
3802 5005 3931 5048 non
3993 4984 4317 5064 obstante,

681 5099 748 5155 et
796 5093 909 5155 illa
958 5092 1282 5178 precipue,
1319 5113 1442 5176 que
1492 5092 1838 5177 legitimari
1885 5093 2159 5179 spurios,
2196 5093 2317 5156 nisi
2364 5114 2448 5157 ex
2496 5099 2672 5157 certa
2720 5093 2989 5157 scientia
3030 5113 3159 5156 non
3190 5092 3523 5178 permittit.
3558 5091 3661 5155 Ita
3694 5090 3863 5176 quod
3907 5111 4320 5176 quoscunque

683 5199 928 5281 fecerit,
977 5199 1226 5285 possint
1274 5198 1616 5262 succedere
1663 5199 2006 5263 hereditati
2056 5199 2293 5286 patriS,
2342 5205 2408 5264 et
2455 5201 2628 5263 omni
2676 5199 2789 5284 alij
2839 5220 3102 5263 suorum
3156 5206 3487 5284 tamquam
3534 5199 3673 5263 veri
3719 5204 3785 5262 et
3831 5197 4099 5282 legitimi
4148 5198 4319 5260 cives

684 5306 953 5389 romani,
1003 5313 1068 5369 et
1115 5305 1330 5370 omnia
1379 5305 1587 5369 officia
1635 5312 1698 5369 et
1739 5306 2067 5391 judicatus
2114 5314 2178 5370 et
2224 5314 2370 5370 acta
2417 5305 2704 5392 publica,
2754 5313 3120 5370 contractus
3168 5305 3571 5369 conscribere
3618 5311 3811 5389 atque
3860 5303 4206 5383 conficere,
4256 5311 4320 5366 et

683 5414 898 5477 omnia
946 5412 1160 5477 facere
1208 5420 1271 5477 et
1317 5434 1655 5496 exercere,
1704 5436 1827 5498 que
1890 5414 1971 5476 ad
2034 5413 2174 5499 ipsa
2237 5413 2696 5477 tabellionatus
2757 5419 2824 5477 et
2877 5412 3205 5498 judicatus
3264 5412 3473 5476 officia
3519 5412 3598 5475 de
3641 5413 3788 5496 jure
3836 5411 4158 5497 pertinere
4204 5431 4317 5474 no-

683 5529 949 5584 scuntur
996 5520 1060 5583 in
1110 5542 1491 5605 quacunque
1539 5529 1724 5606 parte
1773 5520 2014 5584 fuerint
2059 5520 2325 5607 Imperii
2371 5521 2748 5602 memorati,
2799 5521 2965 5584 sicut
3011 5541 3050 5583 a
3100 5519 3282 5584 nobis
3331 5519 3468 5583 sine
3530 5525 3751 5582 nostra
3797 5517 4100 5602 largitate
4148 5516 4319 5580 dicta

684 5623 892 5693 officia
940 5628 1338 5713 optinerent,
1387 5634 1457 5690 ut
1504 5627 1582 5691 de
1629 5649 1844 5714 penna
1893 5634 1957 5692 et
2005 5628 2353 5692 calamario
2402 5635 2466 5691 et
2506 5628 2803 5712 judicatu
2847 5627 3050 5713 possit
3097 5634 3162 5691 et
3208 5626 3425 5690 valeat
3471 5625 3775 5691 investire
3822 5624 4100 5689 eosdem.
4148 5623 4234 5687 Et
4280 5645 4319 5687 a

683 5743 904 5799 nostra
950 5735 1130 5799 curia
1177 5734 1564 5820 ubicumque
1612 5735 1808 5799 fuerit
1854 5757 1970 5821 pro
2020 5736 2086 5798 in
2132 5736 2304 5799 victu
2355 5741 2421 5800 et
2466 5736 2704 5806 vestitu
2751 5742 2816 5798 et
2864 5735 3290 5814 nutrimentO,
3341 5734 3682 5797 alimonias
3727 5754 3845 5819 pro
3903 5752 4008 5814 se,
4058 5731 4317 5816 suisque

681 5841 1101 5906 servitoribus
1135 5850 1198 5905 et
1231 5842 1433 5926 equis,
1469 5843 1992 5928 quotiescumque
2041 5843 2165 5906 sibi
2210 5843 2544 5928 placuerit,
2595 5842 2932 5927 condignis
2980 5850 3043 5906 et
3083 5841 3544 5906 sufficientibus
3578 5840 3890 5926 accipere.
3924 5839 4009 5902 Et
4042 5839 4318 5924 quadra-

683 5949 865 6034 ginta
910 5949 1209 6013 marchas
1255 5948 1408 6013 boni
1456 5956 1521 6013 et
1567 5949 1679 6012 fini
1711 5950 1965 6034 argenti
1998 5950 2172 6014 omni
2205 5971 2373 6013 anno
2407 5971 2522 6036 pro
2557 5949 2867 6034 adjuncta
2898 5949 3075 6013 feudi
3108 5948 3548 6034 suprascripti.
3583 5947 4050 6012 Confirmamus
4084 5946 4317 6009 ectiam

683 6058 899 6120 omnia
945 6056 1287 6142 privilegia
1334 6077 1373 6119 a
1421 6057 1655 6121 nostris
1701 6057 2265 6142 predecessoribus
2312 6058 2520 6121 eidem
2575 6057 3090 6121 antecessoribus
3153 6057 3284 6119 suis
3343 6057 3481 6139 jam
3542 6055 3782 6119 dudum
3849 6055 4120 6118 indulta.
4172 6053 4315 6118 Sta-

683 6170 936 6228 tnentes
999 6170 1063 6227 et
1125 6163 1388 6227 firmiter
1448 6165 1876 6250 precipientes
1923 6158 2003 6229 ne
2051 6166 2270 6250 aliqua
2318 6164 2681 6229 omnimodo
2729 6185 3007 6250 persona
3054 6165 3189 6227 alta
3235 6164 3338 6227 vel
3383 6163 3679 6245 humilis,
3730 6161 4165 6227 ecclesiastica
4213 6160 4317 6223 vel

684 6271 1013 6353 secularis,
1063 6270 1229 6334 hanc
1277 6277 1494 6335 nostre
1545 6272 1972 6335 concessionis
2023 6279 2087 6336 et
2135 6272 2636 6337 confirmationis
2690 6271 2967 6335 formam
3028 6270 3412 6356 infringere,
3463 6270 3565 6334 vel
3627 6270 3689 6334 ei
3750 6291 3912 6333 ausu
3974 6267 4314 6332 temerario

840 6500 917 6564 (1)
959 6498 1062 6549 Sto.
