5542 7775
1188 617 1338 689 104
2754 639 3237 691 MONUMENTA

1175 792 1290 877 [et]
1323 794 1586 859 Domini
1618 796 1820 860 nostri
1851 795 2092 861 domini
2123 795 2458 860 Benedicti
2491 794 2709 858 divina
2741 793 3147 880 providentia
3179 815 3346 880 pape
3378 794 3536 859 XII.
3564 816 3733 859 anno
3766 804 4017 881 quarto.
4042 797 4290 863 Eadem
4323 799 4427 865 die
4460 800 4667 867 dictus
4701 803 4812 869 do·

1177 901 1388 966 minus
1434 902 1722 967 notarius
1763 903 2024 968 nuntius
2057 903 2413 967 intraverat
2458 902 2787 966 civitatem
2832 901 3313 983 bononiensem,
3349 902 3458 966 ubi
3492 902 3614 967 fuit
3647 903 3994 969 honorifice
4038 906 4418 972 recollectus
4458 931 4575 996 per
4606 910 4814 976 domi-

1172 1028 1327 1072 num
1382 1009 1717 1075 Thadeum
1776 1011 2137 1097 predictum
2184 1016 2248 1075 et
2295 1010 2456 1074 alios
2504 1010 2675 1074 cives
2723 1015 2789 1073 et
2835 1009 3162 1073 scholares
3206 1009 3654 1092 bononienses,
3704 1018 3771 1075 et
3818 1032 3963 1075 cum
4011 1013 4182 1078 dicto
4231 1014 4490 1081 domino
4540 1017 4807 1085 Thadeo

1172 1137 1447 1201 pransus
1494 1118 1709 1182 extitit
1754 1120 1821 1183 in
1866 1119 2110 1205 palatio
2158 1117 2530 1183 Communis
2578 1116 2859 1181 civitatis
2907 1115 3213 1202 predicte,
3249 1116 3422 1201 quod=
3452 1116 3775 1182 inhabitat
3804 1118 4100 1184 dominus
4144 1121 4448 1189 Thadeus
4480 1126 4806 1211 prefatus:

1172 1223 1275 1288 die
1307 1225 1582 1309 veneris,
1616 1227 1824 1312 prima
1857 1227 2093 1291 mensis
2120 1226 2409 1311 januarii
2439 1224 2591 1288 anni
2638 1223 2932 1310 predicti,
2982 1223 3190 1287 dictus
3237 1223 3532 1288 dominus
3579 1226 3869 1290 notarius
3916 1229 4178 1293 nuntius
4220 1231 4506 1296 existens
4541 1234 4604 1298 in
4638 1235 4810 1300 dicto

1168 1331 1412 1416 palatio
1452 1333 1535 1396 ad
1567 1334 1970 1399 vocationem
2010 1333 2164 1398 dicti
2196 1332 2436 1397 domini
2476 1331 2746 1415 Thadei,
2781 1330 2893 1394 ubi
2923 1330 3109 1396 multi
3140 1331 3313 1395 cives
3345 1330 3773 1396 bononienses
3805 1332 3941 1398 fere
3975 1337 4316 1423 sexaginta
4352 1361 4640 1423 numero,
4678 1363 4810 1407 una

1168 1459 1313 1502 cum
1347 1439 1604 1506 domino
1653 1441 1919 1507 Thadeo
1966 1442 2274 1528 predicto,
2308 1439 2567 1505 domino
2613 1439 2823 1504 Paulo
2871 1438 2950 1503 de
2998 1438 3337 1523 Liazarijs,
3373 1438 3631 1504 domino
3678 1439 4123 1527 Maccagnano
4172 1445 4251 1510 de
4299 1446 4692 1534 Azzoguidis
4742 1460 4808 1516 et

1168 1545 1427 1611 domino
1460 1547 1656 1613 Petro
1701 1549 1781 1613 de
1828 1548 2196 1635 Bonipetris
2243 1554 2430 1613 erant
2477 1546 2876 1632 congregati,
2928 1544 3094 1608 dixit
3138 1552 3203 1609 et
3251 1546 3570 1631 exposuit,
3621 1548 3939 1632 quomodo
3986 1549 4196 1615 dictus
4243 1552 4538 1620 dominus
4586 1565 4806 1622 noster

1166 1652 1352 1741 Papa
1396 1656 1661 1720 miserat
1707 1678 1856 1721 eum
1902 1657 1981 1721 de
2027 1656 2293 1721 consilio
2340 1654 2844 1720 reverendorum
2888 1658 3147 1740 patrum
3178 1653 3583 1718 dominorum
3615 1653 4059 1721 Cardinalium
4091 1668 4311 1725 sancte
4343 1661 4636 1729 Romane
4679 1665 4804 1730 Ec-

1167 1760 1361 1826 clesie
1394 1763 1666 1827 fratrum
1700 1786 1961 1829 suorum
1995 1764 2078 1828 ad
2109 1764 2458 1846 civitatem,
2485 1762 2862 1828 comitatum
2894 1767 2958 1825 et
2990 1760 3351 1825 districtum
3383 1760 3705 1848 predictos
3739 1784 3854 1849 pro
3889 1766 4291 1851 complendO,
4317 1770 4706 1855 perficiendo
4741 1784 4806 1840 et

1167 1871 1669 1937 consummando
1724 1894 1837 1955 ea,
1885 1894 2009 1960 que
2058 1872 2399 1938 commissa
2446 1877 2630 1936 erant
2678 1869 2888 1934 eidem
2935 1890 3130 1954 super
3176 1867 3348 1933 facto
3395 1870 3970 1956 reconciliationis,
4019 1875 4393 1960 concordie,
4442 1879 4578 1945 sive
4625 1884 4804 1967 pacis

1165 1978 1387 2044 habite
1433 1980 1601 2045 inter
1639 1980 1967 2047 dominum
2013 1980 2283 2068 Papam,
2317 1987 2381 2045 et
2426 1979 2717 2043 dominos
2751 1976 3130 2042 Cardinales
3178 1976 3501 2062 predictos
3549 1999 3634 2042 ex
3664 1986 3848 2065 parte
3882 2002 4031 2065 una,
4066 2003 4143 2047 ac
4175 1983 4466 2051 dominos
4500 1987 4801 2073 Paulum,

1165 2084 1640 2152 Macanhanum
1667 2087 1744 2152 (1)
1778 2096 1843 2153 et
1886 2088 2153 2152 Petrum
2200 2087 2541 2174 predictos,
2577 2085 3075 2150 ambassiatores
3116 2090 3181 2149 et
3228 2085 3505 2166 nuntios,
3541 2106 3616 2149 ac
3663 2087 4044 2172 magistrum
4090 2090 4458 2157 Rolandum
4508 2094 4586 2159 de
4631 2096 4803 2161 Fan·

1166 2194 1355 2257 tuciis
1399 2194 1713 2261 sindicum
1746 2201 1810 2260 et
1849 2196 2193 2260 sindicario
2239 2195 2498 2259 nomine
2544 2192 2922 2274 communis,
2955 2191 3392 2256 universitatis
3425 2200 3490 2256 et
3519 2194 3744 2280 populi
3774 2194 4074 2279 civitatis,
4110 2200 4449 2265 comitatus
4482 2209 4546 2266 et
4584 2203 4799 2268 distri-

1165 2307 1304 2365 ctus
1336 2302 1788 2387 predictorum,
1814 2304 2033 2368 dicens
2066 2310 2131 2367 et
2163 2323 2458 2367 asserens
2490 2299 2882 2365 consulendo
2916 2299 3246 2363 dominum
3279 2297 3636 2383 Thadeum,
3664 2299 3956 2367 dominos
3989 2303 4289 2389 Paulum,
4316 2307 4795 2377 Macanhanum

1164 2414 1229 2472 et
1272 2408 1562 2493 Petrum,
1595 2432 1672 2475 ac
1717 2411 1878 2476 alios
1927 2412 2098 2476 cives
2129 2409 2472 2497 predictos,
2507 2408 2649 2494 quis
2683 2407 2909 2471 modus
2944 2406 3190 2489 melior,
3224 2407 3473 2471 cantior
3504 2413 3569 2471 et
3601 2409 3922 2475 salubrior
3954 2420 4123 2476 esset
4156 2415 4470 2480 tenendus
4502 2439 4618 2503 per
4650 2440 4798 2483 eum

1161 2516 1229 2581 in
1273 2517 1662 2604 perficiendo
1710 2527 1775 2584 et
1821 2517 2199 2606 complendo
2246 2524 2312 2583 et
2357 2515 2859 2582 consummando
2908 2535 3005 2598 ea,
3056 2536 3179 2600 que
3228 2514 3348 2579 sibi
3398 2516 3739 2581 commissa
3785 2525 3971 2583 erant
4017 2541 4132 2605 per
4178 2521 4420 2587 dictum
4462 2524 4793 2592 dominum

1163 2630 1450 2689 nostrum
1497 2625 1749 2714 Papam
1782 2626 1861 2692 de
1893 2625 2160 2692 consilio
2207 2624 2612 2690 dominorum
2659 2621 3102 2688 Cardinalium
3147 2621 3600 2708 predictorum,
3634 2632 3826 2710 prout
3858 2625 3922 2689 in
3955 2626 4158 2691 literis
4191 2631 4558 2715 apostolicis
4602 2655 4797 2720 super

1163 2731 1285 2798 hoc
1331 2733 1670 2817 confectis,
1718 2734 1797 2799 de
1845 2733 2077 2820 quibus
2123 2739 2424 2819 poterant
2469 2738 2534 2795 et
2580 2729 2903 2795 debebant
2950 2729 3104 2794 dicti
3149 2728 3389 2793 domini
3445 2729 3748 2795 Thadeus
3809 2739 3874 2796 et
3938 2734 4463 2820 ambassiatores,
4513 2740 4798 2806 sindicus

1150 2848 1215 2906 et
1259 2841 1432 2907 cives
1485 2842 1725 2907 habere
1772 2844 2032 2928 plenam
2079 2840 2409 2922 notitiam,
2456 2839 2841 2903 continetur.
2889 2836 2974 2900 Et
3034 2843 3186 2900 tunc
3249 2836 3456 2901 dictus
3513 2837 3808 2903 dominus
3858 2839 4182 2925 Thadens,
4235 2845 4492 2910 nomine
4553 2868 4668 2913 suo
4725 2857 4790 2914 et

1150 2950 1465 3016 dictorum
1511 2950 2048 3015 ambassiatorum
2095 2955 2160 3013 et
2204 2948 2441 3013 civium
2489 2945 2726 3011 ibidem
2773 2946 2840 3009 in
2885 2944 3055 3008 dicto
3102 2944 3346 3030 palatio
3393 2946 3809 3030 presentium,
3859 2955 3930 3012 ut
3977 2951 4292 3033 asseruit,
4344 2952 4510 3018 dixit
4566 2962 4631 3019 et
4694 2978 4796 3020 re-

1148 3058 1407 3144 spondit
1463 3058 1633 3144 quod
1696 3058 1932 3140 multa,
1982 3078 2106 3142 que
2152 3055 2288 3120 fere
2336 3053 2761 3141 impossibilia
2808 3053 2947 3116 fieri
2993 3073 3181 3138 posse
3230 3051 3634 3136 videbantur,
3683 3054 4179 3120 continebantur
4225 3058 4291 3122 in
4338 3059 4525 3125 dictis
4582 3063 4788 3127 literis

1148 3165 1318 3231 dicto
1365 3165 1623 3231 domino
1670 3165 1922 3231 notario
1969 3164 2344 3246 commissis,
2377 3169 2449 3226 ut
2496 3161 2848 3243 asserebat,
2883 3158 3272 3224 nominando
3328 3181 3444 3223 seu
3489 3161 3911 3247 exprimendo
3960 3162 4074 3227 illa
4123 3165 4288 3229 inter
4335 3176 4571 3253 cetera,
4605 3169 4788 3234 vide-

1143 3273 1297 3338 licet
1327 3273 1647 3360 quomodo
1678 3273 1814 3360 ipse
1846 3272 2143 3337 dominus
2190 3271 2495 3335 Thadeus
2543 3276 2684 3333 erat
2730 3268 2974 3332 electus
3022 3266 3423 3331 concorditer
3469 3288 3586 3353 per
3633 3266 3987 3333 Commune
4035 3277 4100 3335 et
4146 3274 4458 3359 populum
4506 3276 4785 3341 civitatis

1144 3380 1559 3446 bononiensis
1605 3387 1919 3468 perpetuo
1965 3380 2049 3444 ad
2094 3380 2293 3444 vitam
2342 3399 2526 3441 suam
2574 3378 2639 3441 in
2670 3375 3206 3441 Conservatorem
3252 3374 3531 3438 civitatis
3580 3374 3890 3460 predicte,
3923 3384 3988 3441 et
4031 3379 4203 3464 quod
4248 3380 4620 3447 intentionis
4668 3407 4789 3449 sue

1146 3496 1286 3554 erat
1333 3488 1695 3554 omnimode
1743 3489 1808 3553 in
1855 3487 2084 3553 eodem
2129 3486 2336 3552 officio
2382 3505 2681 3567 manere,
2729 3484 2948 3548 vivere
2997 3489 3062 3547 et
3107 3489 3278 3546 stare
3328 3503 3532 3568 usque
3580 3482 3663 3547 ad
3710 3491 3981 3549 mortem
4028 3507 4248 3571 suam,
4297 3496 4362 3552 et
4425 3490 4594 3576 quod
4637 3492 4778 3576 jam

1147 3617 1350 3683 equus
1396 3603 1649 3662 tantum
1695 3603 1846 3661 ante
1890 3601 2312 3682 processerat,
2354 3593 2527 3679 quod
2572 3613 2699 3657 non
2745 3596 3000 3677 poterat
3047 3590 3335 3672 retroire,
3369 3598 3434 3654 et
3480 3589 3651 3675 quod
3698 3591 3762 3654 in
3810 3591 3997 3656 dictis
4045 3593 4246 3659 literis
4295 3597 4572 3682 quedam
4608 3600 4787 3664 clau·

1144 3705 1287 3769 sula
1334 3706 1798 3785 contineretur,
1847 3724 2041 3789 quam
2086 3702 2524 3787 serpentinam
2568 3699 2858 3780 vocavit,
2909 3697 3207 3761 videlicet
3254 3695 3425 3782 quod
3471 3719 3587 3783 pro
3637 3698 3925 3783 quolibet
3976 3702 4283 3785 articulo,
4333 3726 4449 3768 seu
4496 3707 4780 3791 capitulo

1143 3812 1208 3875 in
1257 3812 1443 3877 dictis
1489 3811 1694 3876 literis
1742 3817 2040 3876 contento
2088 3830 2217 3874 non
2263 3807 2581 3872 servando
2629 3806 2811 3870 illum
2849 3827 2966 3893 pro
2999 3812 3308 3891 tempore,
3342 3804 3446 3868 vel
3481 3812 3704 3870 contra
3736 3827 3884 3870 eum
3917 3807 4211 3874 faciendo
4244 3832 4359 3897 per
4394 3811 4781 3898 Commune,

1143 3941 1258 3985 seu
1305 3920 1615 4007 populum
1660 3919 2046 4007 prelibatos,
2096 3916 2557 3997 reincidat-ent,
2607 3936 2721 3979 seu
2768 3913 3198 3978 recidivarent
3244 3913 3309 3976 in
3371 3915 3724 3979 sententias
3788 3915 4100 3981 hactenus
4162 3919 4330 3983 latas
4395 3926 4459 3983 et
4522 3921 4780 3987 habitas

1142 4035 1367 4092 contra
1412 4049 1523 4093 eos
1570 4049 1686 4115 per
1731 4026 2062 4091 dominum
2107 4024 2361 4111 Papam
2409 4022 2793 4109 predictum.

1320 4135 1489 4199 Item
1534 4135 1733 4217 dixit,
1782 4133 1951 4219 quod
1998 4133 2062 4197 in
2111 4131 2296 4196 dictis
2342 4130 2544 4195 literis
2592 4129 2987 4211 continetur,
3038 4126 3213 4213 quod
3259 4128 3510 4193 banniti
3572 4151 3686 4193 seu
3741 4131 3993 4216 expulsi
4043 4133 4122 4197 de
4172 4133 4431 4199 civitate
4488 4137 4776 4221 predicta

1141 4244 1390 4330 possint
1435 4244 1499 4306 in
1546 4264 1704 4329 pace
1754 4241 1961 4306 redire
2008 4239 2092 4305 ad
2138 4239 2465 4304 civitatem
2497 4244 2562 4301 et
2607 4237 2779 4301 bona
2825 4257 2942 4299 sua
2989 4257 3392 4322 recuperare,
3428 4242 3492 4300 et
3534 4237 3724 4322 quod,
3760 4237 3910 4303 licet
3941 4239 4093 4304 dicti
4125 4241 4383 4326 expulsi
4415 4251 4778 4308 assererent

1141 4372 1359 4415 secum
1406 4357 1621 4414 essent
1665 4348 1733 4413 in
1779 4349 1952 4413 dicta
1999 4347 2296 4427 civitate,
2346 4345 2513 4409 velle
2559 4343 2678 4407 sub
2726 4342 3094 4408 obedientia
3139 4342 3293 4407 dicti
3339 4342 3711 4408 Communis
3775 4351 3839 4408 et
3904 4346 4065 4409 alias
4127 4347 4191 4410 in
4255 4369 4413 4434 pace
4485 4371 4781 4432 manere,

1143 4457 1389 4522 sciebat
1432 4464 1648 4521 tamen
1697 4477 1812 4543 pro
1861 4462 2056 4537 certo,
2101 4454 2272 4540 quod
2319 4474 2513 4539 quam
2559 4452 2684 4516 cito
2732 4451 2855 4537 ipsi
2902 4449 3157 4535 expulsi
3204 4456 3418 4515 essent
3465 4451 3531 4515 in
3579 4451 3750 4516 dicta
3791 4453 4071 4535 civitate,
4106 4464 4527 4541 procurarent
4570 4466 4776 4540 nocte,

1139 4571 1204 4629 et
1250 4565 1353 4629 die
1399 4564 1551 4630 totis
1596 4564 1841 4628 viribus
1886 4562 2057 4649 quod
2101 4567 2364 4648 possent
2410 4558 2737 4646 expellere
2786 4557 2865 4621 de
2914 4557 3088 4623 dicta
3120 4557 3380 4622 civitate
3415 4558 3575 4623 alios
3608 4559 3801 4642 cives,
3837 4560 3946 4645 qui
3977 4561 4203 4626 volunt
4235 4563 4499 4648 pacifice
4530 4565 4778 4647 vivere,

1139 4693 1300 4759 quos
1347 4672 1537 4736 iidem
1584 4671 1841 4757 expulsi
1885 4669 2106 4734 dicunt
2150 4690 2260 4733 eos
2307 4667 2633 4754 expulisse
2682 4665 2760 4730 de
2809 4666 3069 4730 civitate
3132 4665 3457 4751 predicta,
3506 4674 3571 4729 et
3617 4666 3787 4751 quod
3837 4667 3997 4731 nihil
4043 4668 4294 4733 dulcius
4341 4671 4445 4735 vel
4493 4671 4772 4736 delecta-

1138 4777 1333 4843 bilius
1378 4786 1519 4843 erat
1563 4778 1807 4842 homini
1853 4777 2018 4841 sicut
2064 4775 2414 4839 vindictam
2460 4795 2713 4838 sumere
2757 4773 2838 4838 de
2885 4773 3137 4857 injuriis
3193 4779 3257 4837 et
3304 4773 3452 4858 alijs
3497 4773 3685 4837 malis
3728 4774 3853 4838 sibi
3882 4775 4105 4858 illatis,
4139 4783 4204 4841 et
4236 4777 4452 4860 etiam,
4486 4785 4557 4843 ut
4590 4779 4778 4862 dixit,

1136 4906 1266 4950 non
1311 4892 1452 4951 erat
1497 4885 1695 4969 aliud,
1744 4884 1867 4949 nisi
1915 4883 2086 4970 quod
2133 4882 2432 4948 continue
2479 4881 2844 4946 occiderent
2891 4902 2960 4945 se
3010 4880 3093 4944 ad
3138 4880 3433 4964 invicem,
3483 4887 3547 4945 et
3596 4882 3792 4945 etiam
3840 4883 4260 4948 trucidarent.

1314 4993 1481 5058 Item
1529 4992 1728 5076 dixit,
1776 4992 1947 5078 quod
2006 4990 2397 5056 reverendus
2453 4996 2637 5075 pater
2683 4987 2979 5053 dominus
3026 4987 3343 5053 Ostiensis
3390 4986 3543 5052 olim
3589 4988 3655 5052 in
3701 4988 3998 5054 Bononia
4045 4991 4300 5076 legatus
4350 4993 4661 5078 querebat
4710 5003 4774 5059 et

1130 5101 1395 5187 petebat
1440 5100 1949 5167 satisfactionem
1991 5099 2376 5180 multorum,
2427 5118 2552 5182 que
2599 5096 2723 5160 sibi
2768 5095 2990 5160 ablata
3036 5093 3236 5159 fuisse
3286 5117 3402 5181 per
3448 5095 3621 5160 cives
3669 5096 3838 5161 dicte
3886 5098 4165 5162 civitatis
4213 5098 4504 5182 dicebat,
4553 5108 4770 5166 tamen

1132 5207 1305 5273 dicta
1349 5208 1557 5290 bona,
1602 5214 1675 5272 ut
1717 5207 1890 5273 idem
1935 5205 2231 5271 dominus
2281 5204 2584 5269 Thadeus
2632 5203 2998 5285 asserebat,
3048 5201 3313 5267 fuerant
3371 5203 3626 5289 pignori
3690 5204 3980 5290 obligata
4041 5205 4427 5290 quibusdam
4474 5207 4553 5272 de
4600 5208 4774 5273 dicta

1130 5315 1391 5380 civitate
1436 5337 1554 5402 pro
1600 5315 1776 5379 mille
1824 5314 2192 5400 quingentis
2238 5312 2517 5394 florenis,
2567 5316 2631 5374 et
2677 5310 2767 5375 sic
2817 5330 2945 5374 non
2991 5317 3130 5374 erat
3178 5310 3257 5375 de
3305 5310 3432 5374 illis
3478 5311 3833 5375 satisfactio
3880 5310 4198 5396 facienda,
4233 5313 4427 5379 immo
4482 5314 4538 5379 si
4569 5316 4773 5398 fieret,

1130 5429 1348 5508 posset
1393 5423 1606 5510 potius
1653 5422 1936 5487 extorsio
1983 5420 2143 5503 dici3
2192 5417 2631 5485 concludendo
2693 5424 2758 5482 et
2818 5417 3088 5482 dicendo
3150 5425 3533 5504 propterea,
3584 5419 3755 5505 quod
3803 5419 3928 5483 nisi
3976 5420 4144 5485 dicte
4193 5421 4480 5487 clausule
4527 5431 4591 5486 et
4639 5423 4766 5487 alie

1133 5528 1353 5612 multe,
1389 5549 1550 5614 quas
1581 5549 1710 5592 non
1741 5526 2166 5613 expressavit,
2198 5532 2350 5590 tunc
2384 5523 2859 5609 corrigerentur
2890 5545 3005 5588 seu
3052 5523 3547 5589 emendarentur
3595 5525 3698 5590 vel
3745 5526 4234 5592 moderarentur
4276 5550 4391 5615 per
4437 5529 4766 5594 dominum

1137 5640 1429 5699 nostrum
1474 5634 1744 5721 Papam,
1777 5654 1906 5698 non
1947 5631 2367 5697 intendebant
2411 5631 2740 5718 perficere,
2776 5652 2893 5694 nec
2940 5632 3261 5718 complere
3295 5639 3595 5697 contenta
3628 5633 3693 5696 in
3728 5633 3930 5697 literis
3962 5635 4317 5720 prelibatis,
4352 5636 4770 5721 adjungendo

1134 5741 1332 5805 etiam
1379 5741 1551 5828 quod
1596 5741 1762 5806 dicte
1810 5740 2098 5805 clausule
2147 5761 2275 5804 non
2320 5745 2505 5803 erant
2552 5739 2618 5802 in
2666 5738 2851 5803 dictis
2899 5738 3101 5803 literis
3150 5739 3503 5804 secundum
3551 5740 3835 5826 capitula
3884 5742 4272 5807 concordata
4320 5743 4488 5808 inter
4534 5765 4664 5826 eos,
4707 5753 4773 5808 et

1134 5847 1425 5913 dominos
1471 5849 1721 5935 Papam
1761 5855 1826 5913 et
1868 5846 2246 5912 Cardinales
2292 5845 2648 5932 predictos3
2682 5845 3097 5910 nihilominus
3144 5853 3362 5911 tamen
3410 5847 3778 5932 requirebat
3825 5855 3890 5912 et
3936 5849 4209 5934 rogabat
4256 5850 4425 5915 idem
4471 5850 4767 5916 dominus

1135 5954 1440 6020 Thadeus
1483 5955 1812 6020 dominum
1859 5954 2183 6019 notarium
2227 5953 2523 6017 nuntium
2570 5952 2993 6038 prelibatum,
3044 5954 3214 6038 quod
3260 5954 3398 6040 ipse
3445 5954 3548 6018 vel
3597 5955 3925 6020 redeundo
3972 5955 4055 6019 ad
4103 5957 4346 6021 curiam
4396 5979 4768 6041 romanam,

1131 6062 1235 6127 vel
1284 6061 1595 6127 mittendo
1641 6061 1957 6144 nuntium,
1992 6062 2097 6125 vel
2144 6061 2364 6125 literas
2411 6060 2494 6124 ad
2542 6059 2784 6124 dictum
2830 6060 3161 6125 dominum
3206 6067 3497 6126 nostrum
3543 6083 3781 6149 papam
3827 6063 4220 6149 supplicaret
4264 6071 4331 6128 et
4372 6073 4767 6151 procuraret,

1134 6170 1306 6256 quod
1351 6170 1637 6257 predicte
1682 6168 1970 6234 clausule
2018 6169 2084 6233 in
2131 6167 2317 6232 dictis
2363 6167 2566 6231 literis
2614 6174 2912 6232 contente
2959 6189 3075 6255 per
3121 6169 3398 6233 eundem
3445 6168 3774 6235 dominum
3822 6170 4159 6234 Thadeum
4192 6178 4344 6235 tunc
4377 6171 4766 6237 verbotenus

1134 6285 1532 6364 expressate,
1581 6283 1645 6340 et
1692 6276 1815 6340 alie
1865 6297 2025 6362 quas
2071 6274 2479 6362 postmodum
2526 6282 2955 6362 expressaret,
2990 6277 3226 6363 corrigi
3273 6283 3337 6342 et
3384 6277 3731 6361 emendari,
3767 6299 3882 6342 seu
3930 6277 4249 6342 moderari
4297 6277 4607 6343 deberent
4652 6302 4768 6366 per

1295 6510 1372 6575 (1)
1413 6508 1518 6560 Sic.
