5542 7775
1678 669 2141 721 SPECTANTIA
2194 670 2298 720 AD
2355 670 2869 724 PROFESSORES
2925 671 3136 721 JURIS
3194 671 3461 722 olvlms
4277 651 4373 720 89

744 823 829 886 ad
873 824 1061 889 dictos
1106 825 1290 889 libros
1330 825 1719 890 scribendum
1763 827 1895 889 sine
1934 846 2097 909 pena
2108 849 2131 907 ;
2163 832 2217 888 et
2264 846 2338 890 ea:
2384 846 2550 889 nunc
2576 846 2700 910 pro
2730 846 2856 888 non
2885 826 3124 909 scriptis
3154 826 3603 909 intelliqantur,
3639 832 3694 889 et
3725 832 3795 889 ut
3825 826 3953 888 reri
3982 824 4388 891 Jeremienses

744 938 1086 996 tractentur
1131 940 1185 997 et
1229 932 1593 1016 habeantur,
1624 954 1761 997 cum
1797 932 2066 1017 predicti
2103 932 2522 997 descendentes
2571 953 2810 1017 semper
2848 932 3092 1015 fuerint
3137 931 3222 996 ad
3266 932 3563 995 mandata
3616 930 3970 995 Communis
4014 931 4291 997 Bononio
4336 941 4390 998 et

744 1038 1031 1103 solverint
1075 1040 1365 1122 collectas,
1414 1047 1467 1104 et
1511 1042 1671 1104 alias
1704 1039 1986 1124 publicas
2025 1039 2321 1122 factiones
2372 1047 2426 1104 et
2472 1039 2850 1103 cacalchatas
2889 1040 3150 1122 fecerint
3194 1046 3250 1103 et
3295 1041 3591 1104 exercitus
3629 1047 3699 1104 ut
3751 1040 3870 1123 alaej
3925 1043 4077 1104 cives
4135 1042 4391 1105 civitatis

746 1143 1045 1229 Bononie,
1078 1154 1132 1211 et
1172 1154 1414 1230 partem
1458 1145 1724 1212 Ecclesie
1770 1154 1824 1211 et
1855 1145 2328 1210 Jeremiensium
2375 1147 2632 1210 civitatis
2670 1144 2948 1209 Bononie
2977 1147 3377 1230 jura2·erint,·
3408 1154 3461 1211 et
3491 1154 3833 1211 tractentur
3861 1153 3931 1211 ut
3963 1146 4386 1231 Jeremienses,

744 1273 883 1316 cum
930 1254 1227 1317 mandata
1270 1256 1527 1318 civitatis
1572 1253 1846 1318 Bononie
1889 1274 2125 1337 semper
2162 1253 2423 1336 fecerint
2468 1260 2523 1316 et
2560 1254 2842 1318 intendat
2865 1254 3072 1336 facere
3103 1255 3169 1316 in
3193 1253 3510 1336 futurum,
3544 1261 3598 1318 et
3630 1254 3793 1339 quod
3821 1254 4148 1339 supi-adita
4175 1257 4383 1339 petitio

746 1362 813 1423 in
860 1360 1121 1445 qualibet
1154 1370 1339 1446 parte
1381 1364 1482 1426 sui
1526 1361 1765 1444 effectui
1807 1361 2189 1446 inteyraliter
2233 1360 2660 1425 demandetur.
2708 1358 2795 1425 Et
2839 1382 2960 1424 non
3009 1359 3274 1425 obstante
3320 1369 3423 1425 etc.
3476 1360 3679 1440 Quam
3723 1363 4045 1426 coluerunt
4077 1363 4295 1446 valere,
4328 1365 4384 1427 si

734 1469 1044 1552 placuerit
1088 1469 1313 1552 majori
1344 1471 1521 1553 parti
1571 1468 1825 1532 Consilii
1856 1468 2078 1552 populi
2123 1466 2421 1549 Bononie,
2468 1474 2523 1531 et
2568 1469 2622 1531 si
2665 1469 2733 1530 in
2780 1469 2914 1551 ipsa
2955 1468 3152 1550 fuerit
3197 1468 3559 1550 confirmata
3605 1475 3658 1531 et
3702 1467 4038 1553 approbata
4081 1469 4167 1532 ad
4211 1490 4385 1533 scur-

745 1575 1065 1640 tinium(¹)
1089 1597 1229 1640 cum
1270 1576 1435 1660 fabis
1479 1575 1632 1640 albis
1678 1584 1731 1641 et
1776 1577 1972 1659 niyris
2018 1599 2078 1639 ».

850 1763 857 1769 ·
926 1682 1353 1769 Congregatis
1400 1683 1675 1747 dominis
1722 1682 2009 1747 Henrico
2058 1682 2138 1746 de
2184 1682 2249 1745 la
2294 1681 2528 1763 Porta,
2577 1680 2841 1746 Vicario
2901 1681 3137 1746 nobilis
3197 1682 3418 1746 militis
3475 1682 3716 1746 domini
3775 1682 3926 1746 Pini
3984 1683 4064 1747 de
4111 1683 4379 1767 Rubeis,

746 1789 1141 1854 honorabilis
1191 1789 1530 1876 Capitanei
1574 1790 1798 1876 populi
1831 1789 2264 1871 bononiensia,
2299 1788 2610 1853 Ancianis
2642 1796 2707 1853 et
2740 1788 3127 1853 Consulibus
3159 1789 3382 1876 populi
3428 1789 3666 1853 mensis
3715 1791 3976 1874 augusti
4022 1792 4086 1853 in
4124 1792 4383 1856 Palatio

744 1918 910 1962 novo
957 1896 1111 1962 dicti
1159 1896 1530 1962 Communis
1578 1897 1658 1961 ad
1706 1918 1934 1961 sonum
1981 1917 2292 1982 campane
2339 1902 2405 1960 et
2451 1917 2609 1960 voce
2655 1894 2971 1982 preconis,
3020 1903 3092 1960 ut
3154 1896 3349 1960 moris
3407 1902 3525 1978 est,
3585 1897 3752 1960 lecta
3821 1897 3945 1961 fuit
4013 1898 4386 1984 supradicta

745 2004 1025 2090 provisio
1071 2004 1245 2067 facta
1284 2025 1399 2089 per
1431 2003 1721 2067 dominos
1770 2003 1923 2067 Otto
1970 2002 2370 2089 supradictos
2416 2001 2809 2066 Defensores
2857 2010 2921 2066 et
2950 2003 3379 2068 Proconsules
3421 2004 3614 2087 juxta
3661 2003 3935 2068 formam
3983 2005 4183 2091 ipsius
4233 2027 4382 2091 pro-

742 2111 1006 2176 visionis
1053 2132 1169 2197 per
1214 2133 1315 2175 me
1363 2110 1696 2175 Matheum
1744 2111 2067 2175 notarium
2111 2109 2619 2196 infrascriptum3
2654 2110 2718 2173 in
2766 2131 2894 2195 quo
2944 2110 3203 2196 quidem
3236 2110 3518 2175 Consilio
3568 2118 3632 2175 et
3677 2110 3897 2175 Massa
3942 2113 4166 2198 populi
4209 2113 4382 2177 facto

746 2219 984 2304 partito
1029 2241 1147 2305 per
1192 2219 1433 2283 dictum
1479 2219 1809 2283 dominum
1854 2217 2212 2282 Henricum
2258 2216 2593 2281 Vicarium
2640 2218 2722 2281 ad
2769 2218 3147 2282 scurtinium
3188 2239 3334 2282 cum
3381 2218 3549 2283 fabis
3596 2219 3761 2284 albis
3823 2226 3889 2283 et
3942 2220 4165 2304 nigris,
4215 2221 4383 2285 datis

746 2327 1112 2392 hominibus
1160 2326 1584 2391 existentibus
1633 2325 1699 2389 in
1747 2325 1917 2391 dicto
1967 2324 2251 2390 Consilio
2300 2346 2416 2410 per
2462 2325 2790 2389 banitores
2837 2325 3060 2411 populi
3107 2324 3434 2408 Bononie,
3483 2333 3550 2390 et
3601 2326 4011 2412 postmodum
4074 2328 4386 2392 restitutis

747 2434 1054 2499 fratribus
1098 2434 1492 2498 Eremitanis
1542 2434 1748 2498 sancti
1794 2433 2026 2499 Jacobi
2071 2439 2271 2496 strate
2320 2432 2527 2495 sancti
2572 2431 2851 2514 Donati,
2901 2440 2965 2496 et
3013 2433 3364 2496 numeratis
3421 2454 3536 2519 per
3596 2434 3756 2499 duos
3823 2456 3908 2499 ex
3961 2434 4273 2499 Anciauis
4321 2442 4387 2499 et

747 2541 1133 2606 Consulibus
1181 2542 1404 2628 populi
1458 2542 1524 2605 in
1562 2541 1890 2627 presentia
1937 2540 2253 2604 dictorum
2302 2540 2574 2603 fratrum
2623 2546 2687 2603 et
2737 2539 3029 2624 Consilij,
3063 2540 3307 2625 placuit
3351 2541 3738 2627 ponentibus
3785 2540 3971 2605 fabas
4018 2543 4222 2625 albas,
4273 2543 4382 2628 qui

745 2648 1007 2712 fuerunt
1052 2669 1317 2712 numero
1365 2646 2251 2732 centumnonagintaseptem,
2287 2645 2457 2731 quod
2505 2646 2677 2710 dicta
2724 2646 3006 2731 provisio
3054 2653 3119 2710 et
3165 2647 3380 2709 omnia
3427 2668 3551 2732 que
3599 2648 4009 2711 continentur
4047 2648 4113 2712 in
4146 2669 4224 2712 ea
4258 2649 4386 2713 sint

744 2754 950 2836 firma,
984 2755 1246 2817 valeant
1292 2759 1357 2817 et
1404 2759 1685 2835 teneant,
1731 2759 1796 2816 et
1841 2752 1908 2816 in
1955 2752 2249 2817 omnibus
2298 2759 2362 2815 et
2410 2773 2523 2838 per
2571 2752 2786 2817 omnia
2834 2751 3091 2816 effectui
3138 2753 3626 2835 demandentur,
3671 2759 3862 2838 prout
3908 2753 4076 2817 lecta
4126 2754 4388 2818 fuerunt

748 2861 812 2925 in
861 2862 1030 2926 dicto
1081 2861 1384 2943 ConsiliO,
1418 2867 1483 2925 et
1529 2860 1620 2923 sic
1668 2860 2051 2946 approbant.
2102 2859 2209 2923 Illi
2255 2881 2409 2923 vero
2457 2859 2688 2944 quibus
2737 2858 3256 2944 disp[l]icuerunt
3301 2860 3611 2946 predicta,
3648 2860 3756 2945 qui
3802 2868 4156 2946 posuerunt
4201 2860 4385 2925 fabas

747 2969 966 3053 nigras
1014 2969 1078 3032 in
1125 2969 1537 3049 contrarium,
1571 2967 1833 3031 fuerunt
1880 2967 2031 3051 ciiij.
2084 2966 2386 3031 Testibus
2435 2966 2694 3030 Simone
2742 2966 2985 3029 domini
3034 2965 3393 3030 Guillielmi
3439 2966 3518 3030 de
3567 2966 3982 3053 Sparsonaldi
4031 2975 4097 3031 et
4140 2967 4383 3054 Ayme-

747 3077 879 3140 rico
926 3076 1194 3158 Orandi,
1241 3075 1514 3140 notario.

2489 3393 2631 3459 LV.

2242 3610 2436 3693 1309,
2484 3609 2570 3672 28
2615 3610 2884 3673 octobris.

1493 3826 1599 3890 Ex
1646 3834 1817 3892 tomo
1863 3823 2250 3890 LXXXIII.
2305 3823 2538 3889 Codicis
2583 3824 2832 3909 diplom.
2881 3823 3015 3889 hon.
3040 3874 3057 3909 ,
3105 3845 3278 3890 num.
3326 3824 3643 3891 XLVIII.

923 4044 1219 4109 Clemens
1264 4044 1449 4130 Papa
1493 4042 1575 4107 V.
1596 4043 1673 4109 (2)
1721 4043 1975 4108 Dilecto
2021 4042 2152 4108 filio
2201 4042 2509 4127 magistro
2553 4040 2901 4106 Guillelmo
2934 4041 3206 4107 Accursi
3237 4041 3316 4104 do
3348 4041 3665 4125 Bononia,
3699 4043 3919 4128 legum
3950 4043 4218 4126 doctori,
4253 4043 4379 4107 Ar-

744 4151 1121 4217 ehidiacono
1171 4151 1658 4215 Gualdafaiarie
1704 4151 1770 4215 in
1817 4150 2113 4215 Ecclesia
2158 4150 2465 4233 toletana,
2514 4148 2851 4235 capellano
2901 4158 3139 4214 nostro.

922 4259 1097 4324 Dum
1144 4260 1478 4323 literarum
1524 4259 1858 4323 scientiam
1907 4265 1971 4322 et
2018 4259 2149 4322 alia
2194 4259 2261 4322 in
2307 4264 2371 4322 te
2404 4257 2693 4343 ingentia
2725 4279 2994 4321 munera
3027 4258 3384 4343 gratiarum
3417 4257 3761 4343 diligenter
3793 4257 4203 4341 attendimus,
4238 4279 4383 4343 gra-

743 4373 937 4453 taque
985 4365 1327 4452 obsequia,
1377 4388 1500 4452 que
1548 4367 1630 4430 ab
1677 4366 1829 4430 olim
1879 4365 2033 4430 Sedi
2080 4365 2430 4452 apostolice
2477 4365 2846 4452 impendisti
2895 4365 3133 4429 diutius
3189 4373 3254 4429 et
3314 4366 3630 4451 impendis
3688 4373 3959 4452 paterna
4017 4358 4382 4431 considera-

743 4475 918 4539 tione
965 4477 1333 4561 pensamus,
1368 4474 1720 4560 apostolico
1769 4482 1832 4538 te
1881 4474 2105 4538 favore
2153 4473 2419 4559 dignum
2467 4455 2916 4559 conspicimus,
2951 4480 3015 4538 et
3061 4474 3476 4559 prerogativa
3524 4473 3733 4558 gratie
3780 4474 4146 4560 specialiter
4191 4473 4382 4537 attol-

743 4582 1026 4646 lendum.
1088 4581 1353 4646 Dudum
1414 4582 1729 4667 siquidem
1791 4603 1877 4645 ex
1937 4589 2160 4646 tenore
2223 4589 2331 4644 tue
2388 4581 2715 4667 petitionis
2778 4581 3141 4667 accepimus
3207 4581 3411 4644 felicis
3474 4581 3937 4645 recordationis
3991 4580 4381 4646 Benedictus

743 4711 914 4776 papa
944 4689 1066 4753 XI.
1089 4740 1104 4771 ,
1138 4690 1558 4775 predecessor
1604 4696 1841 4771 noster,
1876 4689 2099 4753 volens
2132 4688 2249 4753 tibi
2282 4688 2561 4774 gratiam
2594 4687 2810 4753 facere
2856 4688 3223 4774 specialem,
3258 4688 3376 4752 tibi
3422 4710 3537 4774 per
3583 4688 3875 4755 diversas
3915 4688 4100 4752 duxit
4134 4689 4383 4753 litteras

744 4795 1247 4878 concedendum,
1294 4804 1367 4860 ut
1413 4796 1722 4881 quamdiu
1768 4796 1834 4859 in
1880 4816 2149 4860 romana
2197 4794 2394 4859 Curia
2439 4794 2543 4858 vel
2593 4794 2748 4858 alibi
2797 4795 3121 4880 obsequiis
3169 4795 3336 4859 dicte
3387 4794 3593 4878 Sedis,
3627 4795 3706 4858 de
3755 4795 3956 4881 ipsius
4007 4794 4191 4859 Sedis
4237 4816 4381 4880 spe-

747 4904 893 4969 ciali
942 4904 1247 4969 mandato
1294 4904 1643 4987 insisteres,
1678 4903 1944 4984 fructuS,
1978 4903 2264 4968 redditus
2313 4910 2376 4967 et
2422 4908 2772 4989 proventus
2821 4903 3294 4989 prebendarum
3341 4909 3407 4967 et
3446 4904 3719 4967 aliorum
3752 4903 4209 4967 beneficiorum
4240 4910 4382 4966 tuo-

747 5034 909 5096 rum,
945 5034 1069 5098 que
1115 5009 1269 5077 tunc
1313 5013 1652 5077 obtinebas
1700 5002 1765 5076 et
1811 5020 1873 5076 te
1923 5012 2212 5078 obtinere
2261 5012 2664 5096 contingeret
2712 5010 2779 5074 in
2828 5011 3135 5094 futurum,
3169 5011 3364 5074 etiam
3396 5012 3451 5074 si
3479 5018 3862 5097 personatus
3895 5010 3999 5074 vel
4032 5010 4381 5095 dignitates

750 5120 1101 5184 existerent
1148 5126 1214 5184 et
1259 5140 1481 5183 curam
1528 5120 1889 5183 animarum
1936 5119 2271 5201 haberent,
2306 5139 2451 5182 cum
2485 5139 2565 5182 ea
2610 5139 2835 5204 posses
2868 5118 3240 5203 integritate
3271 5118 3625 5204 percipere,
3659 5117 4049 5203 quotidianis
4082 5117 4383 5181 distribu-

746 5227 1026 5292 tionibus
1074 5227 1415 5291 dumtaxat
1461 5226 1770 5312 exceptis,
1805 5248 1951 5290 cum
1997 5247 2126 5312 qua
2170 5226 2316 5290 illos
2362 5225 2728 5312 perciperes
2773 5225 2830 5288 si
2873 5225 2940 5289 in
2987 5225 3316 5307 Ecclesiis,
3364 5224 3430 5288 in
3479 5224 3711 5310 quibus
3758 5223 3983 5288 eadem
4031 5223 4384 5288 existerent

747 5334 1078 5417 beneficia,
1112 5334 1539 5420 personaliter
1584 5333 1934 5417 resideres3
1968 5334 2267 5419 quodque
2300 5333 2711 5416 monasteria,
2745 5333 3089 5418 prioratus,
3124 5331 3448 5412 ecclesias,
3483 5332 3768 5413 clericos,
3801 5353 4111 5417 personas
4144 5338 4209 5396 et
4239 5331 4383 5395 loca

747 5441 1182 5506 ecclesiastica
1229 5440 1788 5506 archidiaconatus
1839 5439 2349 5523 Gualdafaiarie,
2398 5462 2592 5525 quem
2637 5441 2703 5504 in
2750 5440 3074 5522 toletana,
3124 5460 3200 5503 ac
3247 5439 3507 5503 abbatie
3554 5439 3633 5503 de
3681 5439 4026 5524 Lavauga,
4076 5460 4269 5524 quam
4317 5440 4381 5502 in

746 5548 1078 5635 palentina
1125 5549 1411 5613 ecclesiis
1459 5548 1731 5630 obtines,
1780 5569 1895 5633 per
1941 5547 2227 5633 aliquam
2273 5569 2388 5611 seu
2434 5547 2684 5632 aliquas
2731 5568 3042 5634 personas
3088 5546 3354 5611 idoneas
3400 5546 3693 5629 visitare,
3744 5568 3820 5610 ac
3873 5546 4379 5632 procurationes,

748 5656 996 5721 ratione
1043 5656 1428 5720 visitationis
1474 5655 1726 5719 debitas
1791 5656 1858 5718 in
1916 5655 2194 5742 pecunia
2248 5660 2586 5718 numerata
2633 5655 2919 5740 recipere
2967 5654 3333 5719 moderatas
3383 5675 3422 5717 a
3467 5654 3902 5735 monasteriis,
3951 5653 4379 5739 prioratibus,

749 5764 1055 5846 ecclesiis,
1105 5763 1429 5850 personiS,
1479 5763 1726 5827 clericis
1774 5771 1839 5827 et
1884 5763 2042 5828 locis
2090 5761 2541 5827 ecclesiasticis
2588 5762 2806 5827 taliter
2850 5761 3163 5843 visitatis,
3213 5782 3331 5826 nec
3386 5782 3515 5825 non
3577 5782 3693 5846 per
3754 5761 4012 5824 easdem
4072 5781 4382 5846 personas

746 5870 1059 5935 beneficia
1106 5870 1576 5953 ecclesiastica,
1629 5892 1750 5957 que
1800 5871 1882 5934 ad
1928 5877 2107 5934 tuam
2155 5869 2565 5933 collationem
2612 5869 2861 5933 ratione
2910 5868 3469 5933 archidiaconatus
3516 5875 3582 5932 et
3628 5868 3887 5932 abbatie
3950 5867 4383 5953 predictorum

743 5978 1087 6064 pertinent,
1136 5977 1448 6060 conferre,
1499 5985 1862 6064 ceteraque,
1905 5999 2029 6063 que
2076 5977 2327 6041 ratione
2376 5976 2934 6040 archidiaconatus
2983 5983 3046 6039 et
3094 5976 3352 6039 abbatie
3400 5976 3835 6061 predictorum
3881 5974 3964 6037 ad
4011 5981 4192 6037 tuum
4239 5996 4382 6062 spe-

747 6092 924 6150 ctant
970 6086 1276 6167 officium,
1310 6085 1511 6149 libere
1560 6107 1863 6149 exercere
1911 6084 2198 6167 valeres3
2233 6106 2348 6149 nos
2397 6090 2634 6165 autem,
2668 6083 2958 6149 volentes
2998 6104 3339 6169 personam
3373 6089 3551 6146 tuam
3585 6082 3806 6146 favore
3840 6082 4142 6168 prosequi
4173 6083 4383 6167 gratie

749 6192 1100 6278 amplioris,
1148 6192 1276 6256 tuis
1323 6191 1898 6278 supplicationibus
1945 6191 2257 6276 inclinati,
2305 6191 2687 6256 auctoritate
2734 6189 2853 6254 tibi
2898 6190 3292 6276 presentium
3337 6188 3766 6274 indulgemus,
3811 6195 3883 6252 ut
3929 6188 4100 6275 apud
4151 6188 4384 6253 Sedem

909 6531 987 6596 (1)
1027 6530 1133 6582 Sic.
2771 6533 2851 6597 (2)
2880 6529 2962 6580 Ex
2987 6530 3123 6598 Reg.
3145 6529 3273 6581 anni
3299 6528 3475 6597 quinti
3500 6528 3799 6582 Clementis
3822 6527 3888 6579 V.
3905 6566 3919 6592 ,
3947 6544 4033 6596 ep.
4057 6529 4178 6592 754,
4200 6527 4239 6578 f.
4264 6530 4382 6578 189.

1122 6746 1258 6783 Tou.
1298 6745 1362 6782 11.
4158 6727 4221 6777 12
