5542 7775
1785 1019 3301 1223 MONUMENTA

2259 1390 2824 1456 SPEOTANTIA

1088 1629 1312 1735 AD
1410 1627 2480 1739 PROFESSORES
2569 1629 3038 1741 ARTIS
3139 1628 3993 1740 NOTARIAE.

2266 2800 2461 2882 1195,
2509 2800 2595 2863 29
2642 2802 2811 2864 maii.

1425 3012 1530 3076 Ex
1576 3012 1778 3077 Arch.
1829 3013 2007 3077 Max.
2057 3014 2245 3095 bon.,
2294 3015 2361 3076 in
2407 3013 2691 3099 Reqistro
2742 3014 2988 3097 Grosso,
3037 3014 3146 3077 lib.
3196 3014 3323 3095 II.,
3374 3036 3427 3078 c.
3478 3017 3536 3079 5.
3573 3016 3651 3080 (1)

900 3227 1045 3292 Hoc
1093 3234 1190 3291 cst
1237 3228 1605 3314 exemplum
1651 3227 1990 3312 Privilegii
2038 3236 2363 3314 sumptum
2409 3250 2492 3292 ex
2539 3229 2864 3293 autentico
2906 3228 3152 3293 bullato
3187 3251 3385 3293 aurea
3416 3229 3595 3293 bulla
3627 3228 4018 3293 serenissimi
4048 3229 4354 3316 principis

721 3333 961 3398 domini
1007 3334 1279 3400 Henrici
1324 3336 1491 3400 sexti
1539 3336 1812 3400 condam
1856 3335 2298 3400 Romanorum
2346 3336 2769 3421 imperatoris,
2808 3358 2932 3421 quo
2981 3337 3295 3401 concessit
3314 3337 3526 3401 ‚nobili
3559 3337 3696 3401 viro
3731 3336 3987 3401 domino
4020 3336 4353 3400 Veneroso

719 3442 851 3505 filio
897 3442 1165 3506 condam
1217 3442 1458 3507 domini
1504 3443 1898 3507 Brandalisii
1944 3442 2192 3507 comitis
2241 3442 2548 3528 palatini,
2599 3465 2720 3507 avo
2786 3443 3177 3530 infrascripti
3225 3444 3464 3507 domini
3526 3443 3889 3508 Bertholoti
3945 3444 4194 3508 comitis
4239 3464 4353 3529 pa-

723 3549 904 3612 latini
951 3558 1016 3613 et
1060 3571 1303 3636 proavo
1353 3550 1594 3616 domini
1639 3550 2034 3614 Brandalisii
2084 3551 2331 3615 comitis
2381 3551 2688 3636 palatini,
2738 3551 3010 3615 condam
3075 3551 3188 3614 filii
3251 3551 3606 3637 supradicti
3666 3551 3906 3615 domini
3966 3551 4350 3614 Bertholoti.

719 3656 935 3721 Tenor
979 3659 1164 3741 cujus
1211 3658 1550 3743 Privilegii
1596 3658 1745 3722 talis
1795 3666 1925 3723 est:

899 3764 976 3827 In
1027 3765 1283 3829 nomine
1330 3774 1550 3830 sancte
1600 3775 1664 3829 et
1712 3766 2037 3829 individue
2086 3765 2442 3829 Trinitatis,
2490 3764 2816 3830 Heuricus
2882 3772 3105 3830 sextus
3152 3765 3371 3829 divina
3417 3764 3676 3829 favente
3725 3766 4067 3829 clementia
4113 3765 4352 3829 Roma-

719 3891 948 3934 norum
994 3871 1344 3958 imperator
1390 3879 1454 3937 et
1500 3895 1753 3960 semper
1800 3879 2133 3958 augustus,
2169 3880 2233 3937 et
2280 3895 2396 3936 rex
2447 3871 2698 3956 Sicilie3
2745 3872 3011 3958 dignum
3061 3879 3158 3936 est
3204 3878 3267 3936 et
3315 3871 3630 3959 imperiali
3675 3871 3879 3957 glorie
3928 3870 4250 3955 decorum,
4284 3879 4357 3937 ut

721 3988 939 4043 nostra
985 3980 1272 4044 liberalis
1319 3981 1778 4064 munificentia,
1824 4003 2109 4067 quosque
2157 3980 2379 4044 fideles
2429 3987 2678 4044 nostros
2725 3980 3083 4066 perveniat,
3117 4001 3352 4066 eosque
3388 3980 3556 4044 ultro
3591 3987 3979 4066 spontaneos
4013 3979 4092 4043 ad
4128 3988 4353 4043 nutum

721 4107 833 4150 suc
879 4087 1231 4152 voluntatis
1279 4089 1539 4172 effitiat,
1589 4110 1668 4152 ea
1714 4097 1977 4175 propter
2025 4095 2372 4173 cognoscat
2421 4094 2551 4150 tam
2599 4108 2865 4173 presens
2914 4095 3052 4151 etas
3099 4088 3349 4174 imperii
3410 4087 3695 4150 fidelium
3742 4109 3932 4172 quam
3991 4087 4354 4151 successiva

717 4195 1094 4279 posteritas,
1144 4196 1316 4282 quod
1363 4218 1478 4260 nos
1525 4196 1802 4260 discreta
1848 4195 2379 4280 circumspctione
2429 4194 2908 4258 considerantes
2956 4195 3147 4259 fidem
3196 4217 3271 4259 ac
3319 4195 3634 4258 sinceram
3691 4194 4099 4258 dilectionem
4146 4194 4352 4257 fidelis

878 4481 955 4545 (1)
990 4480 1073 4533 De
1114 4481 1400 4533 comitibus
1441 4481 1750 4546 ventuosis,
1778 4482 1868 4551 qui
1910 4482 2048 4534 Pisis
2085 4482 2384 4534 floruerunt
2423 4484 2477 4533 et

715 4570 910 4639 quibus
937 4572 1167 4639 patricia
1193 4572 1385 4640 pisana
1411 4571 1623 4624 familia
1648 4573 1904 4624 comitum
1935 4573 2186 4642 Agostini
2215 4571 2479 4624 Vener-osi

717 4659 880 4712 Della
918 4660 1048 4713 Seta
1085 4663 1366 4728 successit,
1405 4663 1732 4714 documenta
1769 4663 2074 4726 sexdecim,
2113 4667 2334 4731 praeter
2369 4663 2476 4714 ista

715 4766 820 4819 que
857 4751 1219 4819 vulgavimus,
1257 4755 1523 4819 prostant,
1563 4753 1800 4804 nondum
1841 4753 2005 4817 edita,
2037 4753 2089 4803 in
2130 4753 2280 4820 regio
2320 4753 2475 4804 tabu-

715 4839 850 4890 lario
889 4839 1225 4892 bononiensi.
1265 4841 1473 4892 Horum
1512 4841 1648 4894 haec
1688 4842 1889 4894 series:

720 4934 764 4980 1.
807 4932 962 4995 1245,
993 4933 1056 4982 13
1083 4931 1266 4982 martii
1295 4961 1358 4969 —
1386 4930 1716 5000 Exemplum
1742 4932 2054 5000 diplomatis
2087 4932 2348 4984 Friderici
2376 4932 2475 4983 im-

1017 5020 1300 5088 peratoris,
1328 5037 1433 5090 quo
1469 5021 1794 5074 facultatem
1832 5023 2082 5074 concedit
2120 5023 2305 5074 comiti
2344 5022 2477 5074 Ber-

1018 5110 1248 5162 tholotto
1289 5111 1435 5163 Petri
1476 5111 1541 5163 de
1582 5110 1875 5164 Venerosis
1916 5112 2154 5163 notarios
2191 5118 2244 5163 et
2271 5112 2477 5164 iudices

1017 5200 1237 5251 creandi
1290 5205 1344 5251 et
1395 5200 1608 5268 spurios
1659 5201 2018 5270 legitimandi.
2058 5201 2219 5266 (Beq.
2262 5201 2477 5264 Grosa,

1017 5293 1146 5339 tom.
1184 5288 1289 5354 11.‚
1329 5305 1376 5341 c.
1415 5293 1445 5341 5
1486 5307 1537 5342 v,
1576 5294 1630 5341 et
1669 5295 1700 5341 6
1740 5293 1806 5356 r.)

717 5380 764 5428 2.
807 5379 962 5440 1284,
992 5381 1055 5429 16
1095 5378 1211 5429 iulii
1238 5408 1303 5416 —
1332 5378 1665 5447 Pel-scriptio
1703 5383 1859 5432 actus
1895 5379 2306 5449 legitimationis
2345 5379 2478 5430 Ber-

1017 5467 1230 5519 nardini
1269 5468 1457 5520 fratris
1498 5469 1643 5521 Petri
1685 5470 1749 5521 de
1791 5469 2017 5538 Ibagno,
2045 5470 2227 5521 factae
2254 5486 2352 5538 per
2390 5486 2481 5521 co-

1015 5558 1205 5609 mitem
1243 5557 1643 5612 Bertholottum
1684 5560 1835 5613 Petri
1873 5561 1938 5612 de
1978 5559 2288 5613 Venerosis.
2328 5560 2475 5623 (Me-

1017 5647 1244 5699 moriale
1279 5647 1665 5702 Cae-cimaimici
1686 5651 1998 5703 Johannini
2019 5650 2293 5717 Doyollae‚
2322 5652 2477 5714 1284,
2507 5695 2510 5698 .

1018 5755 1065 5790 c.
1109 5742 1167 5790 ll
1212 5742 1295 5807 v.)

714 5830 763 5878 3.
807 5830 959 5892 1285,
994 5832 1054 5879 13
1093 5829 1282 5897 aprilis
1312 5859 1377 5868 —-
1407 5830 1736 5899 Perscriptio
1770 5831 2081 5899 diplomatis
2109 5831 2345 5882 civitatis
2385 5829 2479 5881 bo·

1015 5921 1292 5972 noniensis
1319 5939 1352 5972 a
1379 5919 1666 5973 Communi
1694 5923 1895 5973 donata
1922 5922 2107 5974 comiti
2145 5921 2476 5973 Bertholotti

1018 6013 1071 6061 et
1111 6008 1268 6062 fratri
1301 6026 1417 6076 suo,
1443 6011 1568 6063 filiis
1595 6013 1866 6081 quondam
1895 6012 2043 6064 Petri
2072 6011 2136 6063 de
2165 6010 2475 6075 Venerosis,

1017 6099 1102 6151 die
1147 6104 1210 6152 13
1251 6102 1440 6170 aprilis
1478 6105 1630 6153 1285.
1659 6102 2122 6168 (Reformatimtes
2149 6101 2476 6166 Communia,

1018 6193 1055 6241 t.
1093 6190 1165 6256 H,
1204 6208 1313 6244 car.
1354 6195 1386 6243 2
1426 6210 1466 6245 ι·.
1508 6196 1562 6245 et
1600 6196 1630 6243 5
1671 6197 1743 6259 v.)

712 6283 762 6330 4.
808 6282 961 6346 1286,
1004 6283 1067 6331 15
1107 6281 1226 6333 iulii
1254 6311 1320 6319 —
1348 6282 1677 6350 perscriptio
1716 6285 1870 6335 actus
1909 6283 2318 6351 legitimationis
2344 6283 2480 6335 Bar-

1017 6370 1343 6436 tholomeae‚
1369 6371 1513 6424 filiae
1537 6371 1854 6440 illegitimae
1877 6372 2168 6424 Rolandini
2193 6372 2257 6425 de
2279 6372 2476 6424 Passa·

1015 6461 1198 6530 gei-iis,
1218 6459 1399 6512 factae
1428 6477 1460 6512 a
1485 6463 1682 6513 comite
1705 6461 2046 6514 Bertholotto
2074 6463 2139 6514 de
2162 6461 2473 6514 Venerosis.

947 6693 1083 6730 Tou.
1126 6694 1191 6731 11.

2895 4480 3241 4546 (Memoriale
3277 4480 3497 4532 Nicolai
3531 4481 3595 4531 de
3632 4480 3987 4546 Lastiynam,
4025 4496 4070 4532 c.
4116 4484 4181 4531 10
4218 4498 4268 4532 v.
4297 4486 4350 4532 ot

2897 4577 2953 4623 11
3000 4574 3077 4637 r.)

2584 4666 2635 4714 5.
2679 4665 2834 4727 1299,
2861 4666 2891 4714 3
2928 4662 3044 4714 iulii
3072 4692 3137 4700 —
3167 4662 3498 4731 Perscriptio
3526 4663 3817 4714 inventarii
3843 4662 4107 4714 bonorum
4135 4662 4350 4714 comitis

2890 4751 3220 4804 Brandalisii
3259 4754 3324 4804 de
3365 4752 3689 4818 Venerosis,
3728 4751 3830 4804 sibi
3869 4755 4253 4820 perventurum
4294 4752 4349 4802 in

2894 4842 3027 4893 urbe
3056 4842 3303 4894 Bononia
3328 4842 3633 4893 hereditate
3670 4842 3841 4910 patris
3867 4842 3949 4893 sui
3977 4841 4189 4893 comitis
4217 4839 4350 4892 Ber-

2888 4933 3124 4984 tholotti.
3165 4932 3513 4998 (Memor-iola
3550 4932 3889 4998 Papazzom's
3932 4931 4081 4982 Petra·
4126 4929 4348 4995 Varini,

2895 5024 3049 5080 1299,
3087 5038 3185 5090 pro
3224 5021 3493 5087 secundis,
3534 5037 3580 5073 c.
3622 5024 3652 5072 2
3692 5022 3757 5086 r.)

2589 5113 2640 5161 6.
2683 5113 2837 5176 1299,
2879 5114 2944 5163 29
2985 5112 3201 5179 augusti
3240 5141 3307 5149 —
3345 5111 3673 5179 Pei-scriptio
3710 5110 4057 5162 instrumenti
4097 5127 4260 5162 curae
4297 5114 4352 5162 et

2892 5203 3288 5271 procurationis
3345 5219 3441 5272 pro
3495 5203 3692 5255 comite
3744 5201 4085 5254 Brandalisio
4137 5203 4350 5254 comitis

2891 5292 3220 5345 Bertholotti
3260 5293 3325 5345 de
3366 5292 3660 5344 Venerosis
3699 5292 3769 5344 ad
3795 5293 3949 5344 litem
3975 5309 4140 5361 quam
4164 5292 4349 5343 facere

2892 5382 3118 5448 statuit,
3157 5386 3348 5434 contra
3406 5381 3682 5434 Nutritam
3739 5397 4031 5434 novercam
4068 5398 4222 5434 suam
4245 5420 4258 5447 ,
4298 5385 4352 5433 et

2892 5477 3083 5525 contra
3120 5474 3427 5526 Iohannam
3466 5475 3531 5526 de
3571 5477 3760 5526 sancto
3788 5472 4069 5541 Raphillo,
4097 5488 4194 5540 pro
4221 5489 4352 5525 ven-

2890 5563 3092 5616 ditione
3120 5564 3311 5616 domus
3338 5565 3547 5632 positae
3578 5562 3855 5615 Bononiae
3893 5562 3949 5613 in
3987 5562 4203 5630 capella
4227 5578 4352 5614 san-

2891 5655 2964 5706 cti
2994 5652 3268 5705 Damiani.
3309 5654 3655 5720 (Memorialc
3694 5652 4033 5719 Papazzonis
4070 5652 4351 5716 antedicti,

2892 5760 2939 5797 o.
2980 5747 3046 5795 23
3083 5748 3158 5809 v.)

2589 5838 2638 5888 7.
2681 5837 2837 5899 1311,
2878 5837 2908 5885 6
2947 5834 3129 5886 martii
3169 5863 3234 5872 —-
3275 5832 3600 5902 Exemplum
3649 5833 3960 5901 diplomatis
3999 5831 4184 5882 Enrici
4222 5831 4348 5882 vll.

2886 5940 2985 5991 pro
3025 5924 3223 5975 comite
3263 5923 3607 5975 Brandalisio
3646 5922 3976 5974 Bertholotti
4013 5922 4078 5972 de
4107 5920 4350 5972 Venero-

2893 6014 2984 6077 sis,
3010 6028 3117 6082 quo
3144 6012 3440 6080 imperator
3469 6011 3753 6081 privilegia
3780 6012 3963 6063 omnia
3995 6010 4107 6061 iam
4134 6027 4167 6060 a
4192 6026 4350 6078 prae-

2890 6102 3265 6154 decessoribus
3293 6102 3402 6154 suis
3431 6102 3675 6154 familiae
3703 6100 4035 6152 Venerosiae
4074 6115 4352 6164 concessa,

2890 6193 3110 6244 omnino
3150 6192 3509 6244 confirmavit.
3551 6190 3753 6257 (Ibid.‚
3790 6205 3837 6241 c.
3879 6192 3907 6240 7
3947 6189 4021 6254 v.)

2586 6286 2636 6335 8.
2679 6285 2836 6347 1322,
2864 6286 2931 6334 28
2959 6282 3283 6351 septembris
3310 6311 3375 6319 —
3403 6280 3731 6349 Exemplum
3759 6279 3963 6332 decreti
3989 6294 4095 6349 quo
4122 6279 4350 6330 Antiani

2891 6375 2948 6424 et
2986 6370 3249 6424 Consules
3276 6370 3512 6423 civitatis
3539 6369 3817 6422 Bononiae
3846 6369 3899 6420 in
3928 6366 4160 6421 Camera
4186 6369 4353 6419 Acto-

2887 6480 3009 6515 rum
3049 6461 3349 6530 diplomata
3400 6464 3454 6512 et
3498 6460 3786 6530 privilegia
3824 6459 3893 6512 ab
3931 6459 4352 6528 imperatoribus

4116 6681 4183 6730 26
