5542 7775
1200 624 1351 695 242
2770 644 3251 695 menusanum

2979 1046 3060 1112 v.

2784 1275 3251 1362 [1280-1326]

2241 1509 2346 1574 Ex
2396 1510 2659 1574 archivo
2708 1510 2916 1574 sancti
2960 1509 3295 1573 Benedicti
3343 1508 3652 1573 Fabriani
3678 1508 3776 1572 (ยน).

1715 1762 1785 1845 a)
1837 1761 1936 1825 De
1983 1768 2207 1824 sancto
2262 1760 2575 1824 Silvestre
2624 1760 2883 1842 abbate,
2935 1759 3473 1845 congregationis
3522 1759 3899 1824 Silvestrine
3948 1758 4310 1824 fundatore.

1371 1869 1699 1937 Oriuudus
1748 1890 2026 1954 namque
2073 1868 2173 1931 vir
2219 1867 2345 1932 Dei
2392 1888 2618 1931 servus
2669 1866 2984 1930 Silvester
3029 1866 3151 1930 fuit
3196 1888 3279 1931 ex
3341 1866 3555 1953 patria
3604 1867 3999 1932 Auximana.
4046 1865 4300 1931 Nobilis
4346 1868 4607 1953 quidem
4653 1876 4835 1955 patre

1193 1978 1361 2042 inter
1407 1977 1568 2041 alios
1615 1975 1895 2039 civitatis
1941 1974 2254 2059 ejusdem,
2288 1973 2404 2037 sed
2450 1973 2576 2037 fide
2623 1982 2689 2037 et
2734 1973 3081 2037 virtutibus
3129 1994 3257 2037 non
3304 1974 3515 2037 minus
3562 1974 3777 2038 extitit
3824 1972 4184 2038 decoratus.
4233 1973 4403 2038 Nam
4446 1974 4612 2038 sieut
4655 1983 4833 2039 exte-

1194 2087 1328 2150 rius
1375 2084 1698 2172 corporali
1744 2090 1914 2147 etate
1964 2083 2323 2165 crescebat,
2374 2082 2463 2146 ita
2512 2082 2683 2145 intus
2731 2082 2941 2167 magis
2987 2102 3063 2146 ac
3110 2081 3319 2166 magis
3365 2082 3712 2146 virtutibus
3758 2089 3822 2146 et
3868 2081 4054 2146 bonis
4101 2082 4403 2168 operibus
4449 2083 4832 2169 refulgebat.

1191 2194 1393 2259 Pater
1439 2214 1592 2257 vero
1641 2192 1804 2275 ejus,
1840 2190 2097 2255 nomine
2147 2190 2483 2272 Gislerius,
2518 2189 2663 2274 lege
2711 2189 2885 2253 civili
2918 2189 3184 2275 peritus,
3222 2189 3606 2253 Silvestrum
3637 2191 3779 2273 ejus
3810 2190 4033 2273 filium,
4067 2210 4181 2253 sue
4214 2188 4645 2255 adolescentie
4675 2199 4834 2255 tem-

1195 2324 1351 2389 pore
1400 2300 1763 2366 Bononiam
1824 2305 1890 2363 et
1935 2298 2232 2363 Paduam
2278 2298 2758 2379 transmittens,
2807 2296 2867 2361 ei
2917 2297 3220 2383 imposuit
3268 2304 3337 2360 ut
3386 2296 3717 2361 insudaret
3762 2297 3974 2362 studio
4035 2297 4266 2383 legalis
4312 2297 4601 2362 scientie.
4648 2297 4836 2373 Quod

1195 2409 1479 2475 studium
1526 2406 1930 2494 postmodum
1980 2406 2307 2492 sapienter
2357 2404 2755 2490 relinquens,
2807 2425 2884 2469 eo
2932 2403 3103 2490 quod
3151 2425 3261 2468 cor
3322 2404 3463 2487 ejus
3526 2425 3933 2490 nequaquam
3996 2404 4377 2469 accenderet
4436 2404 4520 2468 ad
4581 2405 4833 2489 divina,

1194 2518 1364 2603 cepit
1410 2515 1491 2579 ad
1541 2535 1699 2601 pure
1748 2513 2073 2599 theologie
2121 2514 2362 2576 fluenta
2409 2512 2561 2576 totis
2613 2511 2949 2575 desideriis
2991 2511 3320 2575 anhelare.
3353 2510 3586 2597 Igitur,
3619 2512 3844 2575 relicto
3877 2511 4094 2596 legum
4126 2511 4360 2594 studio,
4393 2519 4575 2578 tanto
4608 2513 4836 2579 ardore

1195 2646 1264 2689 se
1313 2622 1490 2688 dedit
1536 2621 1899 2686 divinarum
1945 2621 2280 2684 literarum
2328 2619 2585 2701 scholis,
2620 2619 2907 2705 ipsarum
2954 2618 3248 2683 notitiam
3295 2619 3558 2705 cupiens
3605 2618 3896 2704 adipisci,
3930 2626 4001 2682 nt
4046 2620 4111 2682 in
4158 2618 4401 2683 eisdem
4442 2642 4645 2706 parvo
4677 2627 4837 2686 tem-

1195 2753 1352 2818 pore
1400 2735 1852 2805 commoratus,
1887 2735 2019 2791 tam
2069 2727 2338 2791 scientie
2387 2726 2652 2791 floribus
2701 2747 2895 2811 quam
2944 2726 3300 2789 subtilitate
3349 2725 3591 2812 ingenii
3637 2725 3882 2812 pariter
3920 2725 4256 2792 ditaretur.
4291 2725 4419 2790 Sed
4452 2749 4598 2791 cum
4629 2728 4838 2793 adhuc

1194 2860 1312 2925 per
1354 2836 1636 2924 pueriles
1683 2842 1748 2899 et
1805 2834 2239 2899 adolescentie
2288 2833 2591 2897 transiret
2637 2854 2878 2915 annos,
2928 2853 3054 2898 non
3116 2833 3467 2897 earundem
3532 2840 3777 2898 etatum
3841 2833 4141 2898 lascivias
4208 2855 4327 2898 nec
4374 2835 4839 2920 negligentiam

1195 2945 1606 3025 sectabatur3
1644 2964 1758 3007 nec
1807 2942 2203 3027 perniciosas
2252 2939 2509 3004 fabulas
2558 2962 2678 3004 nec
2725 2939 3120 3025 vaniloquia,
3156 2961 3272 3004 nec
3315 2940 3509 3004 etiam
3557 2939 3945 3004 scurilitates
3991 2941 4395 3005 sectabatur:
4429 2941 4543 3006 sed
4590 2949 4841 3007 tantum

1196 3075 1274 3119 ea
1323 3074 1446 3138 que
1494 3051 1576 3115 ad
1624 3049 2097 3115 edificationem
2144 3048 2524 3112 dicebantur
2571 3047 2918 3133 diligenter
2964 3047 3358 3129 auscultans,
3394 3068 3521 3111 non
3568 3047 3875 3112 oblivioni
3922 3047 4241 3131 tradebat,
4276 3048 4404 3112 imo
4450 3049 4663 3113 tenaci
4708 3071 4841 3113 me-

1194 3161 1395 3224 morie
1444 3157 1891 3223 comendabat.
1939 3155 2258 3220 Auriebat
2307 3161 2460 3219 tnnc
2508 3175 2747 3240 aquam
2816 3154 3131 3240 sapientie
3197 3155 3500 3218 salutaris
3562 3154 3641 3218 de
3703 3154 3989 3219 fontibus
4040 3154 4397 3219 Salvatoris
4443 3156 4659 3222 animo
4705 3157 4842 3221 siti-

1195 3266 1436 3350 bundo,
1470 3287 1664 3352 quam
1708 3271 1935 3351 postea
1982 3270 2244 3348 gutture
2295 3261 2600 3325 mellifluo
2648 3261 2969 3326 eructavit
3016 3261 3099 3325 ad
3135 3262 3481 3325 utilitatem
3513 3269 3577 3326 et
3611 3262 3879 3327 comoda
3911 3261 4334 3347 singulorum.
4368 3262 4510 3328 Hec
4543 3270 4607 3327 et
4638 3265 4842 3329 multa

1195 3375 1327 3438 alia
1373 3373 1565 3437 laude
1613 3372 1812 3458 digua
1858 3371 1958 3435 vir
2006 3369 2397 3434 venerabilis
2443 3376 2508 3433 et
2557 3369 2697 3433 Deo
2745 3368 3018 3433 devotus
3066 3368 3508 3452 Benvenntus,
3543 3370 3650 3455 qui
3699 3369 3947 3433 civitati
3992 3369 4364 3434 Auximane
4412 3391 4581 3435 nunc
4624 3380 4843 3457 preest

1200 3482 1406 3548 officio
1451 3479 1783 3567 pastorali,
1832 3486 1898 3542 et
1942 3477 2153 3542 eidem
2202 3478 2266 3540 in
2315 3477 2551 3541 scholis
2599 3477 2810 3540 socius
2857 3476 3093 3559 extitit,
3142 3476 3427 3540 veridica
3477 3477 3845 3540 narratione
3892 3477 4217 3562 perhibuit
4235 3478 4334 3542 (2).

1797 3692 1862 3776 b)
1911 3691 2014 3756 De
2059 3692 2252 3756 beato
2300 3690 2555 3754 Joanne
2604 3712 2644 3753 a
2690 3690 2963 3772 Bacu10,
3014 3691 3220 3755 sancti
3270 3690 3567 3755 Silvestri
3612 3691 3865 3755 abbatis
3912 3691 4248 3777 discipu10.

1375 3803 1691 3867 Parentes
1738 3808 1955 3865 autem
2003 3801 2145 3886 ejus
2192 3806 2258 3863 et
2305 3799 2538 3863 fratres
2590 3798 3060 3883 gloriabantur,
3094 3798 3247 3883 quia
3277 3798 3357 3862 de
3390 3798 3691 3863 Johanne
3724 3798 3963 3861 bonum
4011 3798 4346 3863 dicebatur
4392 3799 4476 3863 ab
4523 3799 4843 3884 omnibns,

1198 3920 1265 3977 et
1312 3911 1482 3976 circa
1526 3909 1855 3974 Ecclesias
1901 3915 1966 3972 et
2012 3908 2257 3973 cultum
2322 3906 2615 3970 divinum
2677 3907 2821 3990 ejus
2886 3906 3156 3971 intentio
3219 3917 3283 3970 et
3345 3907 3749 3971 conversatio
3811 3907 4119 3970 attentius
4181 3907 4598 3972 versabatur:
4648 3915 4713 3973 et
4773 3917 4847 3972 ut

1199 4019 1486 4084 animum
1533 4039 1721 4081 suum
1767 4023 1986 4102 posset
2031 4015 2113 4079 ad
2162 4014 2549 4101 sapientiam
2598 4013 2980 4095 transferre,
3029 4035 3147 4100 pro
3193 4035 3383 4100 posse
3448 4013 3836 4078 secularium
3896 4014 4228 4078 hominum
4293 4015 4846 4080 conversationem

1197 4126 1424 4212 fugere
1473 4124 1819 4206 nitebatur,
1868 4122 2147 4188 orationi
2192 4129 2256 4186 et
2301 4121 2563 4186 lectioni
2608 4120 2905 4186 vacando
2953 4121 3274 4186 continue.
3309 4121 3702 4185 Animantur
3748 4120 4019 4207 predicti
4065 4129 4369 4207 parentes
4416 4129 4481 4187 et
4513 4122 4746 4187 fratres
4779 4124 4846 4187 in

1198 4233 1484 4298 studioso
1525 4231 1861 4313 Johaune3
1896 4238 1961 4294 et
2008 4229 2092 4293 ad
2138 4228 2656 4314 grammaticalia
2703 4227 3087 4314 capiendum
3135 4228 3303 4292 inter
3348 4248 3459 4291 eos
3506 4227 3862 4292 deliberato
3911 4228 4177 4292 consilio
4224 4228 4589 4294 Bononiam
4634 4237 4844 4294 trans-

1199 4341 1531 4404 miserunt.
1574 4337 1722 4420 Qui,
1757 4344 2021 4424 propter
2068 4337 2400 4400 literarum
2451 4343 2516 4400 et
2563 4335 3148 4421 grammaticalium
3209 4335 3493 4399 studium
3540 4334 3921 4421 pervigilem
3969 4356 4190 4399 curam
4236 4337 4449 4400 anime
4496 4358 4626 4401 non
4671 4345 4847 4424 post-

1198 4468 1466 4535 ponens,
1501 4445 2049 4532 predicationibus
2097 4452 2162 4508 et
2208 4443 2634 4526 sermonibus,
2669 4443 2780 4528 qui
2827 4442 3069 4506 fiebant
3115 4443 3181 4507 in
3227 4442 3678 4527 religiosorum
3725 4449 3790 4507 et
3832 4442 4107 4507 aliorum
4139 4444 4447 4527 ecclesiis,
4482 4466 4627 4509 cum
4659 4466 4848 4531 posse

1200 4556 1456 4637 aderat,
1505 4554 1729 4618 deesse
1777 4553 2075 4635 nolebat,
2125 4551 2238 4616 sed
2287 4551 2371 4615 ad
2417 4552 2562 4616 illos
2609 4551 2911 4616 currebat
2957 4558 3029 4616 ut
3073 4551 3156 4614 ad
3204 4550 3418 4615 cibum
3464 4550 3821 4616 famelicus.
3869 4550 4037 4614 Nam
4087 4552 4259 4616 circa
4303 4553 4586 4617 studium
4633 4574 4849 4638 gram-

1201 4661 1598 4727 maticalium
1660 4660 1752 4724 sic
1814 4681 2075 4746 operam
2139 4658 2315 4723 dedit
2376 4665 2448 4722 ut
2507 4659 2573 4721 in
2634 4658 2816 4722 brevi
2873 4665 3161 4744 tempore
3224 4657 3511 4744 ipsorum
3572 4658 4020 4722 sufficientiam
4083 4665 4461 4744 reportaret.
4512 4659 4640 4724 Sed
4702 4682 4848 4726 cum

1201 4771 1406 4835 multa
1454 4768 1693 4834 ibidem
1740 4789 1779 4832 a
1824 4766 2271 4833 conservanda
2318 4766 2600 4852 puritate
2648 4765 3046 4830 retrahentia
3093 4765 3341 4829 videret
3385 4765 3646 4846 invitus,
3680 4765 3851 4851 cepit
3890 4766 4139 4849 timere,
4173 4773 4244 4830 ut
4281 4766 4524 4850 debuit,
4558 4775 4622 4832 et
4653 4768 4851 4832 etiam

1199 4878 1488 4963 cogitare
1537 4897 1682 4939 cum
1729 4875 1924 4956 tedio,
1974 4873 2128 4959 quid
2177 4881 2347 4937 esset
2394 4872 2517 4937 sibi
2564 4873 2779 4958 potius
2826 4871 3218 4957 eligendum,
3268 4871 3568 4937 recedere
3624 4893 3706 4935 an
3754 4873 4014 4936 morari.
4061 4872 4136 4937 Si
4183 4873 4532 4956 recederet,
4581 4875 4851 4939 timebat

1200 4985 1516 5050 offensam
1563 4990 1905 5069 parentum
1952 4988 2017 5046 et
2066 4981 2365 5062 fratrum,
2400 4979 2506 5065 qui
2558 4980 2702 5065 ejus
2747 4979 3187 5065 procurabant
3231 4979 3541 5044 honorem
3588 4986 3652 5043 et
3699 4979 4073 5044 comodum:
4109 4981 4162 5044 si
4197 4988 4579 5064 remaneret,
4613 4982 4850 5048 damna

1199 5091 1501 5179 puritatis
1548 5097 1613 5154 et
1660 5111 1881 5153 casum
1929 5088 2141 5152 anime
2189 5086 2418 5151 fortius
2476 5086 2889 5151 formidabat.
2939 5084 3300 5172 Perplexus
3348 5086 3439 5151 sic
3487 5086 3703 5172 itaque
3751 5086 3833 5150 ad
3882 5087 4237 5153 orationem
4283 5109 4352 5151 se
4400 5087 4610 5171 dedit,
4652 5096 4725 5153 ut
4768 5090 4850 5154 de

1201 5200 1341 5264 celo
1387 5219 1583 5284 super
1644 5196 1765 5261 hoc
1828 5195 1949 5259 sibi
2014 5194 2352 5260 consilium
2414 5195 2796 5258 mitteretur.
2849 5193 3051 5278 Cujus
3115 5194 3389 5259 orationi
3451 5193 3577 5258 cito
3639 5194 4183 5280 appropinquavit
4241 5193 4461 5258 divina
4525 5197 4850 5262 miseratio

1198 5306 1278 5370 de
1326 5305 1644 5392 supernis,
1678 5325 1802 5390 que
1850 5302 2022 5367 latus
2070 5303 2213 5386 ejus
2261 5302 2629 5387 percutiens
2676 5301 2744 5365 in
2791 5302 2951 5366 tibia
2999 5301 3208 5387 ipsum
3257 5307 3657 5386 apostemate
3706 5302 3984 5387 pessimo
4024 5302 4411 5386 vulneravit,
4446 5311 4511 5368 et
4541 5303 4851 5369 excitavit

1202 5413 1488 5479 exterius
1537 5412 1620 5475 ad
1670 5411 1938 5475 meliora
1992 5416 2057 5474 et
2107 5409 2316 5495 magis
2361 5432 2478 5497 pro
2527 5410 2744 5474 anima
2793 5407 3158 5473 necessaria
3206 5407 3681 5493 requirendum.
3717 5408 3978 5493 Cogitat
4009 5408 4291 5494 prudens
4317 5410 4576 5493 juvenis
4609 5432 4677 5475 se
4705 5433 4851 5475 esse

1201 5520 1578 5586 exauditum
1628 5519 1707 5582 de
1756 5518 1916 5600 ce10,
1953 5524 2018 5582 et
2065 5518 2309 5603 gaudet
2353 5518 2642 5598 interius,
2677 5517 2828 5580 licet
2873 5516 2939 5580 iu
2988 5536 3254 5601 corpore
3302 5516 3590 5579 exterius
3637 5515 3876 5579 doloris
3910 5515 4206 5579 immensi
4235 5524 4564 5602 pungatur
4594 5518 4849 5583 aculeo:

1203 5628 1526 5716 patienter
1570 5633 1788 5690 tamen
1835 5632 2054 5712 portat
2101 5624 2390 5711 corporis
2439 5624 2876 5687 infirmitatem
2926 5630 2997 5687 ut
3044 5622 3256 5687 anime
3304 5622 3649 5687 sanitatem
3706 5628 4063 5687 conservet.
4116 5621 4348 5687 Studet
4392 5623 4511 5688 hec
4557 5624 4854 5689 celeriter

1365 5968 1444 6031 (1)
1485 5965 1837 6018 Praeclarum
1876 5963 2194 6017 Monasterii
2231 5963 2408 6016 sancti
2449 5961 2737 6015 Benedicti
2778 5961 2978 6013 fabria-
3088 5977 3227 6030 quae
3255 5961 3363 6013 iam
3390 5960 3731 6030 autographa
3756 5961 3811 6012 in
3839 5960 4059 6013 archivo
4085 5961 4261 6013 sancti
4283 5961 4569 6015 Benedicti
4595 5962 4854 6015 Fabriani

1206 6057 1389 6110 nensis
1409 6056 1694 6109 archivum
1716 6055 1858 6107 inter
1876 6053 2273 6107 MDCCCLXI.
2295 6058 2352 6106 et
2372 6050 2830 6105 MDCCCLXIII.
2852 6051 2977 6104 subฮ
3088 6050 3485 6103 asservabatur.
3524 6049 3673 6103 Obiit
3719 6053 3941 6103 sanctus
3997 6050 4260 6103 Silvester
4307 6052 4393 6103 die
4433 6054 4500 6103 26
4546 6052 4855 6105 novembris

1207 6150 1461 6212 tractum,
1499 6145 1649 6198 hand
1687 6143 2048 6213 deperditum,
2087 6144 2343 6196 creditur.
3094 6142 3258 6192 1267:
3287 6140 3510 6210 eiusque
3544 6139 3852 6205 historicus,
3878 6156 4022 6192 anno
4054 6143 4191 6193 1298
4224 6141 4330 6193 fuit
4355 6140 4543 6194 Abbas
4569 6140 4858 6195 Generalis

1364 6237 1443 6302 (2)
1472 6235 1559 6287 Ita
1579 6232 1909 6286 venerabilis
1930 6233 2180 6285 Andreas
2200 6232 2399 6284 Jacobi
2426 6232 2491 6285 de
2519 6231 2794 6284 Fabriano
2821 6247 2978 6284 coaeโ
3088 6229 3474 6296 renunciatus3
3513 6246 3578 6282 ac
3616 6229 3826 6282 Romae
3878 6229 3932 6281 in
3989 6231 4319 6283 monasterio
4365 6231 4541 6284 sancti
4586 6230 4856 6301 Gregorii,

1205 6341 1305 6377 vus
1344 6324 1474 6377 dicti
1500 6323 1680 6376 sancti
1706 6322 2011 6375 fundatoris
2038 6322 2094 6373 in
2133 6320 2253 6372 Vita
2279 6322 2457 6373 sancti
2482 6322 2730 6373 Silvestrt'
2751 6321 2983 6384 abbatis,
3094 6319 3247 6371 cuius
3285 6319 3661 6373 reformationi
3698 6320 3848 6372 iussu
3883 6319 4105 6372 Ioannis
4130 6319 4314 6373 XXII.
4341 6336 4565 6391 operam
4600 6322 4858 6388 navabat,

1206 6414 1325 6467 cod.
1365 6412 1621 6479 membr.,
1662 6426 1805 6464 anno
1861 6414 2016 6477 1280,
2054 6415 2116 6463 ut
2166 6410 2423 6475 creditur,
2461 6410 2790 6480 conscripto.
2829 6410 2982 6462 Haec
3097 6409 3332 6462 decessit
3368 6426 3510 6462 anno
3553 6412 3708 6475 1326,
3746 6410 3833 6462 die
3871 6410 4049 6478 prima
4086 6409 4322 6479 augusti.

1202 6503 1338 6555 Vita
1386 6501 1531 6572 typis
1582 6501 1799 6554 Bonelli
1852 6500 1999 6553 edita
2048 6500 2154 6552 fuit
2208 6501 2266 6551 in
2305 6499 2437 6553 urbe
2491 6500 2680 6553 aesina
2722 6515 2773 6551 a.
2819 6501 2984 6565 1772,
