5542 7775
1254 602 1408 672 234
2824 623 3303 674 MONUMENTA

1415 775 1583 841 Item
1628 798 1745 863 pro
1794 777 2086 862 exequiis
2137 776 2450 841 faciendis
2500 777 2921 863 relinquimus
2970 784 3227 841 centum
3261 778 3458 842 libras
3492 779 3977 844 bononenorum
4011 787 4077 844 et
4108 779 4268 844 duos
4301 779 4741 863 baldechinos,
4774 782 4882 865 qui

1236 890 1574 969 portentur
1620 883 1846 947 subtus
1893 891 1958 947 et
2004 906 2200 970 supra
2249 906 2481 970 corpus
2531 892 2820 948 nostrum
2869 885 2932 948 in
2982 884 3085 948 die
3132 885 3485 971 sepulture.

1414 990 1578 1054 Item
1627 990 1923 1054 volumus
1969 999 2034 1054 et
2082 992 2482 1073 mandamus,
2533 991 2703 1076 quod
2753 992 2817 1055 in
2869 991 2972 1056 die
3029 991 3357 1077 sepulture
3409 1000 3623 1056 nostre
3671 1000 4018 1077 erogentur
4064 994 4458 1080 pauperibus
4504 1002 4761 1058 centum
4809 994 4881 1057 li·

1237 1098 1350 1162 bre
1406 1098 1893 1162 bononenorum
1955 1098 2018 1161 in
2081 1098 2353 1163 ecelesia
2403 1098 2576 1163 beati
2638 1097 2961 1163 Dominici
3030 1099 3538 1184 congregandis3
3586 1107 3652 1164 et
3712 1099 3923 1186 siquid
3984 1101 4377 1186 superfuerit
4436 1101 4515 1165 de
4577 1101 4881 1187 predictis

1236 1212 1495 1270 centum
1556 1204 1737 1268 libris
1785 1205 1849 1268 in
1899 1204 2172 1269 ecclesia
2219 1204 2715 1287 distribuendis,
2767 1205 2927 1270 illud
2984 1205 3314 1270 residuum
3359 1214 3641 1292 ponatur
3686 1206 3750 1270 in
3798 1229 3992 1293 opere
4040 1208 4310 1273 ecclesie
4353 1208 4408 1271 si
4453 1207 4649 1272 fuerit
4695 1230 4880 1295 opor-

1236 1319 1483 1376 tunum.

1414 1419 1582 1483 Item
1629 1418 2053 1504 relinquimus
2100 1425 2165 1483 et
2211 1419 2507 1504 legamus
2558 1419 2901 1484 Sororibus
2950 1428 3169 1484 sancte
3218 1419 3494 1505 Agnetis
3542 1419 3621 1483 de
3670 1420 3965 1485 Bononia
4014 1421 4253 1507 podere
4300 1422 4380 1486 de
4443 1421 4880 1505 Oasaraltola,

1235 1528 1478 1593 eisdem
1526 1526 1730 1590 modis
1775 1533 1841 1590 et
1888 1526 2399 1591 condictionibus
2448 1548 2573 1612 que
2622 1525 3084 1610 eontine[n]tur
3125 1527 3189 1590 in
3236 1527 3660 1592 instrumento
3693 1528 4079 1611 donationis,
4114 1551 4307 1615 quam
4339 1529 4608 1594 fecimus
4640 1529 4880 1594 eisdem

1241 1635 1617 1700 Sorroribus
1665 1634 1832 1697 inter
1879 1633 2060 1698 vivos
2112 1683 2599 1699 ........

1421 1741 1587 1805 Item
1636 1740 1875 1827 podere
1924 1750 2213 1805 nostrum
2261 1741 2341 1805 de
2386 1742 2770 1807 Archuveco
2807 1743 2908 1806 vel
2955 1743 3262 1807 Frassino
3311 1743 3602 1827 legamus
3639 1742 4015 1807 Sorroribus
4047 1743 4351 1830 predictis
4392 1752 4613 1809 sancte
4658 1745 4880 1830 Agne-

1237 1850 1341 1930 tis,
1389 1848 1629 1912 eisdem
1679 1848 1885 1911 modis
1931 1856 1996 1912 et
2043 1849 2526 1914 condicionibus
2576 1870 2700 1935 que
2748 1850 3159 1915 continentur
3207 1850 3271 1913 in
3322 1850 3749 1914 instrumento
3797 1849 4170 1914 donacionis
4219 1851 4386 1915 inter
4446 1851 4627 1915 vivos
4688 1873 4881 1937 quam

1242 1956 1337 2020 eis
1384 1956 1653 2020 fecimus
1704 2003 2190 2021 ........

1417 2063 1584 2127 Item
1632 2062 2053 2148 relinquimus
2101 2071 2166 2127 et
2213 2064 2506 2148 legimus
2554 2084 2670 2150 pro
2719 2064 3043 2150 pietanzia
3090 2063 3394 2128 Fratrum
3442 2063 3931 2129 Predieatorum
3976 2063 4269 2129 Bononie
4318 2065 4381 2128 in
4416 2065 4519 2129 die
4552 2066 4881 2152 sepulture

1240 2178 1458 2235 nostre
1505 2169 1803 2233 facienda
1849 2191 1958 2234 xv.
2007 2170 2207 2234 libras
2254 2170 2738 2235 bononenorum
2790 2171 2928 2257 ipso
2977 2170 3081 2235 die
3127 2171 3414 2235 totaliter
3461 2170 3954 2257 expendendas,
4003 2179 4067 2235 et
4133 2172 4495 2236 celebretur
4556 2174 4752 2237 missa
4814 2174 4877 2237 in

1237 2286 1558 2343 conventu
1608 2325 2100 2342 ........

1415 2386 1583 2450 Item
1624 2386 1771 2469 jure
1822 2385 2022 2470 legati
2071 2386 2491 2470 relinquimus
2538 2385 2748 2450 eidem
2796 2385 3142 2450 conventui
3189 2385 3481 2450 Bononie
3530 2407 3729 2449 unum
3776 2394 4226 2472 paramentum
4286 2387 4675 2473 completum
4736 2408 4879 2450 cum

1237 2495 1429 2558 mitra
1475 2493 1703 2557 frisata
1751 2515 1897 2557 cum
1945 2492 2124 2557 frisio
2174 2515 2370 2557 aureo
2418 2494 2694 2558 brustito
2741 2502 2807 2557 et
2855 2493 3214 2558 faldistorio
3262 2493 3469 2578 nigro.

1415 2601 1582 2665 Item
1623 2601 1772 2684 jure
1820 2601 2018 2685 legati
2065 2601 2486 2685 relinquimus
2533 2600 2720 2664 fratri
2767 2600 3089 2685 Hgoni(¹)
3119 2599 3379 2664 Ordinis
3425 2600 3946 2683 Predieatorum,
3993 2601 4214 2687 nepoti
4262 2608 4523 2683 nostro,
4573 2601 4881 2686 legendas

1239 2708 1660 2790 Sanctorum,
1708 2714 1774 2771 et
1820 2707 2301 2789 Monaldinam,
2350 2716 2413 2772 et
2461 2730 2525 2771 x.
2575 2709 2851 2772 florenos
2899 2707 2978 2771 de
3028 2728 3186 2771 auro
3235 2707 3571 2771 annuatim
3618 2707 3925 2793 quamdiu
3972 2707 4244 2789 vixerit,
4293 2728 4454 2793 quos
4502 2707 4735 2771 debeat
4781 2729 4881 2771 re·

1237 2817 1452 2902 cipere
1500 2822 1565 2878 et
1608 2814 1850 2878 habere
1898 2813 1977 2878 de
2025 2814 2340 2878 fructibus
2388 2814 2865 2901 possessionum
2915 2821 3278 2900 emptarum
3324 2814 3534 2895 Luce,
3587 2835 3710 2899 que
3774 2822 3987 2901 empte
4051 2814 4314 2879 fuerunt
4368 2814 4447 2878 de
4494 2814 4769 2900 pecunia
4816 2816 4882 2878 in

1237 2922 1656 2987 elemosinam
1701 2922 1793 2985 eis
1842 2921 2062 2985 datam
2108 2942 2225 3007 pro
2276 2921 2619 2986 Sororibus
2668 2921 2747 2985 de
2796 2922 3070 3006 Angelis
3118 2921 3196 2984 de
3244 2921 3445 3004 Luca,
3480 2943 3625 2986 eum
3674 2921 4184 2986 condictionibus
4230 2928 4296 2985 et
4343 2921 4547 2986 modis
4590 2921 4702 3007 qui
4731 2943 4881 2986 con·

1237 3032 1525 3095 tineutur
1574 3030 1638 3092 in
1687 3037 2020 3094 contractu
2070 3029 2410 3115 emptionis
2460 3030 2745 3116 ipsarum
2791 3030 3289 3115 possessionum,
3339 3051 3452 3093 sen
3500 3029 3912 3094 concessione
3960 3078 4445 3095 ........

1417 3137 1584 3201 Item
1633 3136 1903 3201 ecclesie
1950 3137 2153 3200 sancti
2202 3136 2382 3201 Petri
2429 3136 2696 3221 Majoris
2744 3136 2824 3200 de
2873 3136 3054 3201 Luca
3102 3136 3330 3222 viginti
3378 3137 3577 3201 libras
3624 3137 3965 3201 luchenses
4010 3159 4127 3224 pro
4174 3159 4304 3201 una
4351 3138 4634 3223 planeta.

1419 3245 1584 3308 Item
1634 3243 2026 3330 pauperibus
2068 3243 2283 3308 Masse
2317 3244 2615 3325 Fiscalie,
2651 3243 2998 3308 cerviensis
3039 3243 3355 3309 diocensis
3373 3244 3472 3326 (2),
3507 3244 3877 3330 specialiter
3908 3244 4122 3308 Masse
4156 3244 4361 3326 Nove,
4394 3251 4650 3308 centum
4684 3243 4882 3306 libras

1238 3352 1725 3417 bononenorum
1773 3350 2269 3437 dispensandas,
2319 3373 2433 3437 per
2479 3372 2708 3415 manus
2772 3350 3018 3415 Prioris
3078 3358 3143 3414 et
3204 3351 3496 3415 Lectoris
3560 3351 3863 3415 Fratrum
3919 3351 4407 3416 Predieatorum
4453 3350 4533 3415 de
4580 3350 4881 3415 Ferraria

1240 3460 1349 3545 qui
1398 3480 1515 3545 pro
1564 3465 1853 3544 tempore
1900 3457 2160 3539 fuerint,
2204 3456 2464 3543 [ma]gis
2512 3458 2951 3543 indigentibus
2998 3458 3312 3522 dictorum
3362 3459 3649 3522 locorum
3696 3480 3813 3544 pro
3860 3458 4079 3523 anima
4125 3465 4345 3523 nostra
4392 3505 4880 3523 ........

1418 3566 1585 3630 Item
1631 3565 2026 3652 pauperibus
2073 3564 2305 3650 puellis
2353 3565 2431 3628 de
2480 3565 2712 3629 Cervia
2760 3565 3138 3629 maritandis
3185 3567 3290 3629 vel
3336 3566 3404 3628 in
3452 3566 3763 3651 religione
3811 3565 4153 3651 ponendis,
4203 3572 4461 3630 centum
4517 3564 4716 3628 libras
4779 3586 4883 3628 ra·

1240 3680 1620 3737 venatorum
1670 3671 2151 3737 distribuendas
2197 3679 2260 3736 et
2307 3672 2685 3736 dividendas
2732 3694 2850 3758 per
2898 3671 3345 3736 Guardianum
3406 3671 3709 3737 Fratrum
3756 3673 4079 3737 Minorum
4126 3680 4191 3736 et
4236 3672 4531 3737 Priorem
4579 3671 4883 3736 Fratrum

1239 3780 1810 3844 Heremitanorum
1853 3778 1932 3843 de
1967 3778 2199 3844 Cervia
2242 3786 2306 3844 et
2337 3779 2631 3844 Priorem
2662 3779 2967 3844 Fratrum
3001 3779 3489 3845 Predieatorum
3521 3779 3601 3843 de
3632 3779 3972 3863 Ravenna,
4008 3780 4117 3865 qui
4148 3801 4265 3866 pro
4297 3785 4587 3865 tempore
4620 3778 4881 3843 fuerint.

1418 3888 1584 3952 Item
1629 3888 2052 3952 conventibus
2099 3886 2401 3951 Fratrum
2448 3887 2942 3953 Predieatorum
2987 3888 3067 3952 de
3116 3887 3434 3952 Cremona
3489 3894 3555 3951 et
3616 3887 3695 3951 de
3759 3887 4011 3952 Mutina
4069 3887 4333 3953 cuilibet
4390 3886 4621 3972 viginti
4682 3886 4884 3951 libras

1237 3996 1746 4060 bononenorum.

1418 4102 1585 4167 Item
1632 4102 2056 4166 conventibus
2103 4100 2406 4164 Fratrum
2451 4101 2944 4166 Predieatorum
2993 4101 3072 4166 de
3123 4102 3445 4184 Ferraria,
3479 4101 3559 4165 de
3607 4102 3915 4184 Forlivio,
3948 4102 4029 4166 de
4076 4101 4326 4167 Cesena
4357 4109 4422 4165 et
4453 4100 4532 4165 de
4563 4101 4879 4166 Ravenna

1238 4211 1503 4276 cuilibet
1549 4209 1769 4273 decem
1818 4209 2021 4272 libras
2070 4208 2575 4273 bononenorum.

1419 4318 1583 4382 Item
1633 4315 1979 4381 conventui
2023 4315 2326 4380 Fratrum
2374 4315 2698 4381 Minorum
2745 4315 2825 4380 de
2875 4314 3108 4380 Cervia
3154 4325 3218 4380 et
3266 4317 3610 4381 conventui
3653 4317 3959 4381 Fratrum
3988 4317 4559 4382 Heremitanorum
4591 4318 4883 4402 ejusdem

1236 4433 1407 4490 terre
1456 4423 1720 4489 cuilibet
1765 4423 1990 4487 decem
2037 4422 2237 4486 libras
2286 4431 2763 4487 ravenstorum.

1414 4532 1582 4596 Item
1627 4531 1975 4613 conventuj
2024 4530 2328 4594 Fratrum
2374 4529 2864 4594 Predieatorum
2911 4529 2992 4594 de
3040 4529 3318 4594 Pistorio
3368 4530 3601 4615 viginti
3649 4529 3847 4594 libras
3894 4530 4295 4596 lucanorum.

1416 4640 1583 4704 Item
1629 4638 1975 4703 conventui
2020 4637 2326 4700 Fratrum
2372 4636 2866 4701 Predieatorum
2914 4637 2992 4700 de
3041 4637 3210 4701 Pisis
3260 4636 3693 4723 quadraginta
3738 4638 3938 4702 libras
3987 4638 4378 4724 pisanorum.

1417 4747 1584 4812 Item
1633 4745 2054 4810 conventibus
2102 4744 2404 4808 Fratrum
2453 4744 2777 4808 Minorum
2824 4745 2903 4808 de
2964 4744 3262 4809 Bononia
3324 4745 3795 4830 quinquaginta
3858 4745 4058 4809 libras
4121 4745 4642 4828 bononenorum,
4692 4752 4756 4809 et
4804 4744 4884 4808 de

1236 4855 1418 4920 Luca
1465 4853 1937 4939 quinquaginta
1983 4852 2183 4916 libras
2230 4851 2610 4915 lucanorum
2660 4899 3149 4916 ........

1418 4962 1586 5026 Item
1632 4960 1819 5024 fratri
1864 4959 2151 5024 Johanni
2196 4958 2558 5023 Faventino
2623 4957 2883 5022 Ordinis
2947 4958 3470 5042 Predieatorum,
3520 4959 3630 5044 qui
3692 4958 4042 5046 aliquando
4103 4959 4223 5024 fuit
4278 4959 4514 5024 Lector
4566 4958 4881 5040 Bononie,

1238 5068 1758 5156 vigintiquinque
1806 5066 2007 5131 libras
2056 5066 2561 5130 bononenorum.

1417 5176 1585 5240 Item
1635 5174 2011 5239 Guillielmo
2062 5172 2425 5256 Sornachij,
2476 5172 2957 5258 consanguineo
3004 5180 3069 5236 et
3114 5171 3421 5236 familiari
3466 5181 3706 5256 nostr0,
3742 5174 4213 5260 quinquaginta
4258 5175 4459 5239 libras
4515 5173 4886 5238 bononem.

1240 5305 1384 5347 rum
1431 5289 1496 5347 et
1545 5282 1930 5346 remittimus
1977 5281 2038 5345 ei
2088 5301 2310 5345 omnes
2358 5281 2637 5345 offensas
2677 5288 2741 5344 et
2773 5279 3214 5366 displicentiae
3262 5287 3327 5344 et
3366 5280 3578 5365 siquid
3610 5280 3976 5345 fraudasset
4008 5282 4255 5346 ratione
4289 5279 4882 5360 administrationis,

1241 5411 1434 5475 quam
1484 5389 1678 5473 longo
1728 5397 2017 5474 tempore
2065 5389 2268 5473 gessit
2313 5388 2379 5451 in
2428 5387 2616 5452 domo
2665 5394 2886 5450 nostra
2934 5409 2974 5450 a
3014 5388 3356 5471 juventute
3403 5409 3522 5451 sua
3582 5408 3785 5472 usquc
3848 5387 3930 5452 ad
3992 5395 4245 5474 tempus
4308 5387 4500 5471 hujus
4566 5386 4882 5472 scripture

1240 5496 1448 5578 facte3
1484 5503 1549 5560 et
1588 5495 1641 5558 si
1674 5494 2073 5559 inveniretur
2118 5495 2304 5559 nobis
2354 5496 2418 5559 in
2466 5495 2684 5580 aliquo
2732 5515 2874 5558 esse
2922 5494 3248 5579 obligatus
3295 5516 3379 5558 ex
3422 5515 3803 5580 quacunque
3837 5517 4034 5559 causa
4066 5516 4104 5558 a
4136 5502 4424 5581 tempore
4455 5493 4651 5577 hujus
4684 5493 4883 5578 scrip-

1241 5611 1383 5667 ture
1418 5603 1618 5685 facte,
1655 5601 1940 5666 totaliter
1985 5602 2195 5688 ipsum
2246 5602 2641 5666 absolvimus
2689 5623 2775 5666 ex
2822 5622 2990 5665 nunc
3037 5607 3228 5687 prout
3274 5623 3357 5665 ex
3402 5608 3577 5683 tunc,
3608 5602 3817 5688 ipsum
3866 5623 4007 5666 esse
4049 5602 4346 5666 volumus
4378 5600 4664 5665 totaliter
4696 5600 4883 5664 abso-

1240 5711 1468 5774 lutum.

1417 5818 1584 5882 Item
1633 5817 2053 5903 relinquimus
2103 5815 2481 5899 ThedericO,
2513 5816 2646 5881 filio
2692 5816 2935 5881 domini
2982 5815 3213 5899 Veltri,
3248 5823 3312 5880 et
3357 5815 3576 5901 Ugoni
3622 5823 3687 5880 et
3730 5815 4075 5899 Veltrutio,
4109 5816 4417 5880 fratribus
4464 5822 4530 5880 et
4575 5815 4723 5878 filiis
4770 5813 4883 5878 do·

1239 5925 1398 5989 mini
1444 5923 1797 6006 Francisci,
1845 5925 2045 5989 libros
2094 5931 2313 5988 nostro
2361 5923 2439 5987 de
2486 5921 2812 5987 Medicina
2862 5971 3347 5989 ........

1419 6032 1587 6096 Item
1634 6031 1861 6096 Veltro
1911 6029 2276 6114 Sornachij,
2326 6029 2710 6095 consobrino
2760 6038 2997 6112 nostr0,
3047 6037 3305 6095 centum
3353 6031 3551 6095 libras
3599 6030 3999 6095 lucanorum.

1418 6140 1586 6204 Item
1625 6161 1749 6226 pro
1797 6160 1991 6225 opere
2040 6138 2249 6202 sancti
2297 6137 2636 6204 Cristofori
2685 6138 2764 6202 de
2810 6138 3011 6220 Luca,
3061 6137 3282 6202 decem
3328 6137 3528 6201 libras
3576 6137 3975 6202 lucanorum.

1400 6391 1481 6454 (1)
1521 6388 1627 6441 Hic
1667 6388 1896 6457 legitur:
1938 6403 1967 6436 α
2007 6386 2189 6451 fratri
2223 6385 2288 6437 H
2317 6385 2542 6453 Huqom'
2586 6385 2757 6452 Uyom‘
2793 6405 2844 6439 ».

1399 6481 1478 6544 (2)
1518 6478 1623 6529 Sic.
