5542 7775
1338 613 1488 684 280

1461 789 1819 874 Sequuntur
1853 810 2040 873 usque
2081 788 2166 851 ad
2195 795 2375 873 caput
2413 785 2855 869 CLXXXII„
2879 787 3100 851 deinde

1334 899 1395 961 in
1449 898 1645 961 indice
1691 900 1818 981 ipso
1862 898 2270 981 &mitulorum
2317 896 2463 960 haec
2505 894 2843 959 habentur:

1456 1006 1555 1069 De
1613 1004 2095 1091 pollutionibus,
2145 1004 2566 1090 interrogatio
2613 1002 2961 1087 Augustini
3029 1009 3091 1065 et

1331 1114 1662 1200 responsio
1713 1112 2032 1197 Gregorii.

1459 1221 1529 1284 Si
1573 1228 1719 1307 post
1766 1220 2184 1302 inlusionem,
2227 1241 2349 1305 que
2398 1240 2513 1305 per
2559 1218 2879 1282 somnium
2925 1216 3090 1281 solet

1332 1327 1657 1409 accidere,
1707 1335 1778 1392 ut
1836 1327 2083 1414 Corpus
2144 1327 2407 1391 Domini
2469 1326 2740 1412 quilibet
2801 1324 3091 1411 accipere

1330 1436 1565 1518 valeat,
1601 1436 1725 1517 vel,
1768 1436 1820 1499 si
1869 1435 2168 1500 sacerdos
2216 1434 2318 1517 sit,
2365 1454 2550 1497 sacra
2598 1432 2883 1496 misteria
2930 1431 3093 1495 cele-

1327 1545 1568 1609 brare?

1453 1653 1815 1739 Responsio
1863 1652 2184 1738 Gregorii.

1452 1760 1772 1846 Equidem
1835 1760 2005 1825 hunc
2074 1760 2558 1824 Testamentum
2629 1767 2814 1822 vetus
2883 1756 3086 1842 legia,

1329 1868 1492 1932 sicut
1540 1868 1606 1931 in
1655 1868 1970 1953 superiori
2016 1875 2210 1954 caput
2251 1868 2390 1951 jam
2438 1866 2739 1948 diximus,
2772 1865 3090 1951 pollutum

1329 1976 1502 2059 dicit,
1546 1984 1610 2041 et
1657 1977 1779 2040 nisi
1827 1976 1996 2040 lotus
2044 1997 2214 2061 aqua
2257 1982 2323 2039 et
2369 1996 2572 2060 usque
2619 1974 2704 2039 ad
2749 1993 3091 2059 vesperum

1327 2086 1569 2150 intrare
1617 2084 1956 2150 ecclesiam
2001 2085 2392 2149 conceditur.
2435 2083 2620 2158 Quod
2655 2091 2872 2147 tamen
2906 2081 3094 2147 aliter

1325 2194 1602 2280 populus
1649 2192 2001 2279 spiritualis
2049 2191 2416 2276 intelligens
2463 2191 2583 2255 sub
2630 2189 2860 2254 eodem
2906 2188 3091 2251 intel·

1326 2301 1496 2366 lectu
1567 2301 1838 2387 accipiet
1895 2321 2021 2386 quo
2083 2300 2321 2385 prefati
2381 2320 2640 2381 sumus,
2686 2297 2841 2382 quia
2904 2295 3089 2381 quasi

1324 2431 1442 2496 per
1489 2410 1806 2473 somnium
1854 2407 2145 2471 illuditur
2192 2408 2301 2492 qui
2347 2413 2701 2492 temptatur
2745 2403 3088 2469 immundi-

1326 2519 1422 2582 cia
1471 2518 1643 2581 veris
1692 2515 2081 2601 imaginibus
2127 2516 2192 2578 in
2241 2515 2632 2599 cogitatione
2682 2513 3088 2598 inquinatur,

1325 2625 1438 2690 sed
1486 2624 1803 2688 lavandus
1850 2632 1948 2687 est
2002 2644 2210 2709 aqua,
2258 2631 2329 2686 ut
2392 2621 2615 2707 culpas
2679 2619 3088 2706 cogitationis

1325 2733 1607 2797 lacrimis
1655 2732 1911 2814 abluat3
1961 2738 2025 2795 et
2073 2731 2193 2793 nisi
2241 2730 2418 2816 prius
2451 2729 2618 2813 ignis
2650 2728 3090 2813 temptationis

1325 2841 1680 2921 recesserit,
1717 2861 1785 2903 se
1821 2861 1947 2903 non
1978 2860 2046 2902 se
2067 2838 2145 2904 (¹)
2171 2838 2354 2923 quasi
2386 2858 2589 2921 usque
2633 2836 2715 2900 ad
2747 2857 3088 2920 vesperum

1326 2958 1692 3034 cognoscat.
1724 2947 1852 3011 Sed
1885 2953 1980 3012 est
2014 2948 2076 3011 in
2111 2947 2338 3011 eadem
2373 2947 2687 3010 inlusione
2723 2944 3087 3009 necessaria

1325 3056 1515 3120 valde
1542 3056 1863 3137 discretio,
1890 3077 2013 3141 que
2045 3055 2366 3119 subtiliter
2397 3054 2656 3140 pensari
2688 3053 2942 3133 debeat,
2962 3062 3083 3116 etc.

1327 3164 1605 3229 Desinit:
1638 3184 1785 3227 ecce
1819 3163 2035 3248 itaque
2068 3169 2165 3226 est
2211 3162 2423 3243 hom0,
2459 3168 2529 3225 ut
2576 3162 2668 3225 ita
2715 3159 2945 3241 dicam,
2981 3181 3085 3223 ca-

1325 3273 1539 3359 ptivus
1587 3277 1650 3335 et
1698 3271 1894 3352 liber3
1944 3269 2107 3333 liber
2163 3290 2246 3332 ex
2295 3269 2550 3353 justitia
2598 3289 2793 3352 quam
2839 3266 3084 3351 diligit,

1325 3379 1617 3466 captivus
1665 3400 1746 3442 ex
1795 3377 2219 3441 delectatione
2268 3398 2460 3461 quam
2507 3382 2723 3461 portat
2769 3375 3030 3438 invitus.

1450 3485 1638 3560 Quod
1689 3485 1847 3549 nihil
1893 3485 2095 3570 prosit
2134 3484 2453 3549 sacerdoti
2486 3484 2680 3547 etiam
2714 3483 2765 3547 si
2799 3483 2963 3547 bene
2998 3483 3089 3546 vi-

1325 3601 1469 3676 vat,
1521 3594 1576 3656 si
1621 3593 1789 3656 male
1837 3593 2126 3656 viventes
2190 3591 2460 3655 tacendo
2512 3612 2638 3654 non
2687 3590 3085 3655 contradicit.

1450 3701 1637 3776 Quod
1684 3723 1838 3765 vero
1887 3701 2040 3765 dicit
2087 3699 2475 3786 Apostolus,
2524 3706 2596 3763 ut
2642 3720 2757 3763 nos
2814 3699 3086 3763 formam

1321 3810 1670 3875 debeamus
1718 3809 2024 3873 exhibere
2071 3807 2389 3892 fidelibus,
2436 3814 2557 3871 etc.

1445 3918 1620 3982 Haec
1653 3940 1810 4003 pars
1855 3917 1900 3981 I
1912 3917 1983 3981 V.
2019 3919 2309 4002 inscripta
2355 3925 2438 3981 est
2486 3919 2548 3980 in
2581 3919 2887 4001 superiori
2916 3937 3083 3980 mar-

1314 4030 1496 4109 yine:

1444 4135 1545 4199 De
1594 4133 1967 4221 presbiteris
2014 4140 2078 4196 et
2125 4132 2387 4217 reliquis
2435 4131 2808 4197 Ordinibus,

1450 4457 1652 4522 Codex
1697 4455 2032 4520 Vaticanus
2069 4478 2241 4519 num.
2279 4455 2452 4519 1378
2500 4457 2564 4519 in
2615 4454 2969 4519 membrana
3016 4458 3082 4519 in

1313 4568 1466 4650 folio
1510 4568 1772 4649 scriptus
1818 4563 1983 4627 XII.
2030 4564 2116 4628 cel
2161 4562 2364 4627 XIII.
2396 4564 2634 4627 saeculo
2679 4566 2939 4628 continet
2990 4563 3081 4628 hi-

1314 4677 1494 4760 spani
1544 4674 1902 4754 cuiusdam,
1953 4671 2323 4735 Laborantis
2383 4673 2660 4753 nomine,
2703 4672 2934 4756 qlossas
2989 4672 3075 4734 acl

1314 4782 1728 4846 Coilectionem
1790 4781 2184 4844 decretalium
2230 4778 2575 4844 Innocentii
2618 4778 2752 4842 III.
2799 4801 2839 4842 a
2898 4778 3079 4842 Petro

1307 4891 1733 4956 Beneventano
1787 4891 2230 4972 concinnatam.
2268 4887 2700 4952 Praemittitur
2745 4889 2813 4950 in
2863 4887 3078 4951 Codice

1305 4998 1648 5062 Innocentii
1702 4998 2042 5062 constitutio
2088 4997 2389 5060 uitiis-ersis
2435 4994 2754 5080 Mayistris
2800 5002 2854 5059 et
2895 4995 3077 5058 Scho-

1316 5105 1550 5170 laribus
1597 5105 1912 5168 Bononiae
1949 5101 2460 5168 commorantibus
2490 5103 2656 5165 data.
2689 5101 2797 5165 Ad
2826 5102 3080 5166 eandem

1317 5235 1451 5278 vero
1512 5212 2010 5276 Constitutionem
2071 5212 2372 5294 incipiunt
2436 5210 2701 5295 ylossae‚
2763 5208 2868 5272 ubi
2934 5209 3078 5274 haec

1312 5324 1474 5387 inter
1517 5328 1752 5384 caetera
1798 5320 2125 5404 lequntur:

1438 5428 1754 5494 Dominus
1802 5437 1866 5491 et
1927 5426 2367 5491 sanctissimus
2429 5448 2603 5513 papa
2662 5427 3078 5492 Innocentius

1313 5538 1652 5601 eminentis
1698 5536 1964 5600 scientie
2012 5542 2077 5599 et
2122 5535 2658 5622 perspicacissimi
2689 5536 2934 5621 ingenii
2966 5536 3075 5599 de-

1437 5793 1515 5852 (1)
1551 5788 1655 5840 Sic.
2926 5840 2931 5849 ,

1437 5883 1515 5944 (2)
1555 5879 1652 5930 Est
1691 5879 1744 5929 in
1785 5878 2103 5930 membrana
2141 5878 2194 5928 in
2226 5878 2302 5928 4.⁰
2329 5878 2498 5929 nitide
2537 5878 2792 5946 scriptus,
2819 5883 2980 5946 atque
3012 5895 3079 5931 ex

1308 5970 1690 6024 caractherum
1723 5967 1902 6020 forma
1925 5972 2132 6020 certam
2162 5968 2534 6020 coniecturam
2562 5967 2745 6019 facere
2773 5982 3078 6034 possumus,

1306 6062 1538 6114 eundem
1568 6060 1787 6112 saeculo
1817 6058 1974 6109 XIII.
2002 6058 2171 6110 fuisse
2212 6058 2599 6127 conscriptum.
2631 6058 2833 6109 Eorum
2877 6061 3078 6124 autem,

1306 6167 1446 6220 quae
1487 6151 1539 6201 in
1581 6150 1699 6217 ipso
1739 6149 2103 6212 continentur,
2143 6148 2246 6200 hoc
2285 6148 2562 6216 specimen
2604 6148 2813 6199 damus.

1432 6242 1509 6305 (3)
1549 6240 1650 6290 His
1700 6239 1879 6290 verbis
1928 6238 2214 6305 rhythmus
2261 6238 2589 6302 continetur,
2638 6255 2799 6306 quem
2865 6238 3071 6290 dividas

1305 6333 1521 6399 oportet
1559 6330 1662 6380 hoc
1698 6329 1887 6380 modo:

1683 6407 1746 6470 In
1789 6419 2072 6471 Trinitatis
2111 6420 2329 6472 nomine

1827 6509 2027 6561 Sancte
2067 6513 2122 6560 et
2159 6509 2433 6560 individue

2828 630 3475 681 MONUMBNTORUM

3226 788 3498 852 cretales
3545 789 3852 875 epistolas
3900 811 4101 875 usque
4143 789 4225 853 ad
4258 789 4414 853 XII.
4450 810 4689 853 annum
4724 810 4836 873 per
4869 809 4978 852 no-

3223 894 3478 977 tarium,
3513 897 3723 960 virum
3768 898 4108 983 providum
4155 903 4219 960 et
4266 896 4632 977 discretum,
4667 905 4729 959 et
4777 896 4979 981 magi-

3220 1009 3421 1066 strum
3470 1004 3792 1089 quondam
3840 1004 4153 1086 Bononie,
4188 1004 4306 1067 sub
4349 1005 4856 1090 competentibus
4903 1005 4979 1069 ti-

3220 1109 3371 1172 tulis
3403 1111 3793 1196 compilavit.
3824 1111 4032 1197 Super
4058 1133 4331 1198 quarum
4364 1112 4823 1198 compositione
4857 1134 4977 1198 ego

3217 1214 3575 1299 Laborans‚
3606 1219 3707 1282 vir
3737 1218 4067 1305 hispanus,
4103 1220 4165 1283 in
4215 1220 4614 1305 expositione
4665 1220 4979 1303 glossula·

3220 1344 3361 1387 rum
3409 1327 3664 1389 veniam
3710 1328 3966 1413 postulo
4014 1349 4054 1391 a
4100 1327 4361 1392 lectore.

3346 1431 3589 1497 Desinit
3631 1432 3832 1497 Codex
3865 1436 3929 1497 in
3960 1436 4086 1498 tit.:
4131 1434 4231 1499 De
4265 1435 4581 1498 sententia
4614 1456 4979 1499 exeommu-

3221 1543 3559 1608 nicationis
3606 1546 3962 1627 constitut.,
4013 1568 4166 1631 quae
4212 1549 4463 1631 incipit:
4508 1546 4690 1611 Idem
4744 1548 4977 1612 Docto·

3218 1650 3395 1715 ribus
3444 1652 3843 1717 decretorum
3878 1653 4190 1718 Bononie,
4224 1654 4401 1718 Inter
4444 1656 4593 1738 alia,
4641 1678 4796 1740 quae
4838 1659 4978 1720 stri-

3212 1761 3517 1843 9oniensis
3559 1761 4040 1846 archiepiscopus
4071 1765 4339 1847 proponi
4376 1763 4521 1847 fecit
4542 1814 4557 1845 ‚
4604 1786 4714 1826 nos
4775 1766 4976 1827 recoli-

3218 1887 3355 1931 mus
3403 1869 3797 1952 respondisse,
3842 1877 3947 1934 etc.

4057 2193 4139 2258 V.

3220 2441 3322 2504 Ea·
3365 2444 3559 2507 codice
3606 2443 4007 2509 Bibliothecae
4050 2444 4426 2529 barberinae,
4476 2470 4643 2511 num.
4686 2450 4975 2514 188102).

3341 2692 3567 2777 Incipit
3614 2697 3676 2757 in
3725 2695 3869 2759 haec
3918 2695 4131 2760 verba:

3450 2835 3511 2887 In
3554 2836 3835 2891 Trinitatis
3874 2841 4090 2891 nomine
4131 2843 4209 2904 (3)
4249 2848 4437 2894 sancte
4478 2848 4532 2894 et
4570 2844 4844 2895 individue

3306 2925 3507 2994 Incipit
3546 2927 3671 2979 hinc
3712 2928 3948 2981 feliciter
3987 2930 4142 2981 istius
4181 2931 4306 2983 libri
4342 2932 4510 2983 series

3303 3016 3479 3077 Quem
3517 3024 3738 3070 sanetus
3778 3035 3843 3071 ex
3886 3019 4049 3071 Italia
4088 3020 4382 3072 Anselmus
4408 3023 4679 3091 quondam
4711 3023 4971 3076 Pontifex
5008 3032 5015 3037 ’

3446 3106 3665 3160 Lucane
3706 3108 3811 3159 fuit
3852 3108 4116 3162 Ecclesie.

3301 3195 3400 3247 Vir
3437 3198 3675 3265 prudens
3714 3214 3777 3249 ac
3818 3199 4120 3252 catholicus
4162 3201 4213 3251 in
4256 3200 4469 3252 Christo
4511 3202 4613 3253 fide
4654 3202 4905 3254 fervidus

3304 3284 3518 3354 Carpsit
3558 3303 3625 3338 ex
3666 3294 3778 3340 toto
3818 3288 4099 3341 Canonum
4142 3290 4361 3341 Patrum
4405 3296 4714 3342 sanctorum
4744 3309 4974 3360 corpore

3306 3377 3537 3429 Utiliora
3575 3378 3839 3446 colligens
3878 3379 4103 3446 proficui
4144 3382 4221 3443 (4)
4262 3386 4507 3432 nostrum
4546 3381 4834 3448 providens

3303 3466 3371 3518 Et
3411 3467 3475 3518 de
3516 3467 3694 3519 causis
3733 3468 3982 3520 omnibus
4020 3469 4124 3520 sibi
4161 3470 4609 3521 convenientibus

3302 3556 3552 3625 Singulos
3591 3560 3895 3626 composuit
3934 3559 3987 3609 in
4029 3559 4129 3611 boc
4169 3560 4443 3612 volumine
4484 3561 4716 3612 codices.

3342 3701 3837 3766 Praemittuntur
3866 3703 4084 3766 deinde
4114 3706 4365 3767 nomina
4400 3726 4793 3768 romanorum
4814 3728 4980 3790 pon-

3212 3810 3443 3894 tificum
3473 3833 3513 3873 a
3552 3809 3718 3873 beato
3760 3809 3939 3874 Petro
3982 3812 4245 3896 apostolo
4286 3834 4475 3895 usque
4518 3813 4603 3875 ad
4655 3812 4979 3877 Urbanum

3211 3954 3297 3964 —-
3331 3920 3590 3982 natione
3636 3918 4080 4003 francigenam
4119 3941 4201 3982 ex
4242 3929 4425 4005 patre
4472 3920 4712 3985 Milone
4746 3922 4824 3986 de
4866 3945 4980 4009 op-

3206 4027 3358 4113 pido
3407 4028 3798 4110 Castilionis,
3846 4028 3952 4113 qui
4003 4026 4134 4091 scd.
4170 4048 4373 4092 annos
4404 4029 4525 4094 XI.
4570 4051 4818 4094 menses
4862 4031 4979 4095 IV.

3206 4135 3342 4199 dies
3388 4135 3535 4199 XV.
3584 4171 3671 4181 —-
3716 4135 3823 4199 ubi
3884 4137 4065 4199 etiam
4125 4138 4429 4200 nonnulla
4494 4141 4981 4221 interseruntur,

3200 4265 3354 4329 quae
3383 4244 3468 4307 ad
3496 4243 3811 4306 historiam
3842 4245 4291 4307 ecclesiasticam
4312 4247 4644 4328 pertinent.
4678 4245 4849 4309 Bina
4881 4248 4981 4312 hic

3207 4350 3537 4416 exscribam
3584 4352 3857 4436 exempla
3901 4353 4243 4435 speciminis
4286 4353 4440 4416 loco:

3333 4458 3682 4523 Zacharias
3730 4479 3934 4522 annos
3978 4458 4063 4522 X.
4113 4481 4363 4523 menses
4412 4459 4529 4524 lv.
4571 4460 4705 4524 dies
4756 4462 4957 4526 XIII.

3329 4566 3456 4630 Hic
3504 4566 3871 4630 francorum
3920 4588 4139 4651 regem
4186 4567 4522 4650 Karolum‚
4558 4568 4829 4632 fratrem
4863 4570 4975 4633 Pi-

3207 4674 3362 4760 pini,
3404 4674 3553 4737 feeit
3603 4674 3905 4738 clericum
3952 4681 4016 4738 et
4062 4675 4231 4738 misit
4282 4697 4430 4738 eum
4476 4675 4539 4739 in
4601 4676 4978 4741 cassinense

3208 4781 3666 4846 monasterium
3712 4782 3852 4845 fieri
3899 4782 4303 4846 monachum.
4356 4781 4474 4846 Oui
4514 4785 4707 4846 etiam
4746 4805 4977 4848 mona-

3205 4890 3399 4952 sterio
3447 4889 3617 4953 dona
3664 4889 3941 4974 plurima
4004 4911 4148 4954 cum
4205 4890 4546 4976 privilegio
4610 4892 4975 4976 apostolice

3208 4995 3392 5060 Sedis
3439 4996 3727 5060 contulit.
3762 4996 3890 5061 Hic
3922 4996 4004 5060 ob
4039 4997 4515 5062 infestationem
4546 4999 4835 5080 Aistulfl,
4872 5022 4975 5063 re.-

3204 5103 3304 5188 gis
3373 5102 3939 5189 longobardorum,
3996 5126 4272 5190 pergens
4338 5105 4701 5188 Franciam,
4779 5110 4977 5171 unxit

3201 5212 3526 5297 Pipinum‚
3562 5212 3826 5276 fratrem
3863 5213 4079 5278 Caroli
4110 5214 4302 5299 regis,
4337 5223 4403 5277 et
4434 5214 4593 5279 duos
4628 5215 4795 5278 filios
4832 5217 4980 5300 ejus

3203 5320 3270 5383 in
3318 5342 3503 5405 reges
3548 5319 3936 5384 francorum.
3972 5321 4099 5395 Qui
4130 5343 4247 5384 rex
4280 5322 4469 5385 simul
4503 5323 4768 5386 veniens
4823 5345 4976 5387 cum

3206 5448 3282 5492 eo
3331 5427 3608 5508 Italiam,
3644 5428 3909 5492 abstulit
3954 5428 4336 5492 Ravennam
4384 5437 4447 5492 et
4492 5429 4643 5492 XX.
4682 5430 4852 5493 alias
4890 5431 4981 5494 ci-

3130 5525 3138 5530 ’
3205 5535 3438 5598 vitates
3486 5534 3694 5598 eidem
3725 5535 4093 5621 Aistulpho,
4129 5543 4192 5599 et
4239 5535 4359 5599 sub
4403 5537 4549 5620 jure
4598 5538 4807 5600 sancti
4848 5539 4977 5602 Pe-

3726 5785 3927 5853 Incipit
3965 5785 4089 5836 hinc
4130 5784 4368 5837 feliciter

3724 5876 3888 5927 Istius
3927 5875 4051 5926 libri
4090 5876 4276 5940 series,

3725 5965 3899 6026 Quem
3940 5970 4160 6016 sanctus
4201 5981 4267 6017 ex
4308 5964 4473 6017 Italia

3722 6056 4015 6107 Anselmus
4055 6057 4326 6125 quondam
4366 6056 4621 6108 Pontifex

3722 6146 3943 6198 Lucane
3981 6145 4087 6197 fuit
4122 6145 4370 6197 Ecclesia

3721 6238 3819 6291 Vir
3858 6239 4113 6307 prudens,
4153 6244 4256 6291 etc.

3327 6425 3404 6486 (4)
3444 6421 3697 6485 Proficui,
3734 6419 3993 6471 mendose
4034 6436 4130 6487 pro
4162 6420 4482 6486 profectum.
