5542 7775
1278 611 1432 681 294

2789 625 3005 676 MONU
3019 624 3446 676 MENTORUM

1274 784 1782 871 patientissimus
1827 784 2051 869 vigilie
2085 790 2149 848 et
2189 783 2450 866 laboris,
2485 782 2740 847 assidue
2785 802 3052 867 operam
3175 778 3403 843 dendis
3464 779 3697 865 glossis
3768 780 4052 866 paternis
4124 791 4504 845 consecutus
4567 789 4699 862 est,
4747 803 4934 866 quam

1274 892 1471 975 dedit,
1521 892 1933 977 omniumque
1980 899 2301 956 sectarum
2334 890 2591 954 auditor
2623 889 2855 970 factus,
2890 887 3044 973 quid

1274 1020 1527 1085 queque
1559 998 1847 1080 sentiret,
1873 998 2363 1084 diligentissime
2398 997 2738 1061 intellexit.
2772 996 3044 1060 Factus·

1271 1128 1397 1192 que
1444 1105 1668 1170 doctor
1715 1106 2057 1189 maximus,
2103 1126 2230 1169 non
2271 1105 2455 1188 lucri,
2488 1104 2601 1168 sed
2649 1104 2826 1168 fama
2870 1102 3045 1189 cupi-

1271 1215 1391 1278 dus
1433 1215 1585 1298 jura
1632 1214 1849 1278 civilia
1902 1213 2196 1280 Bononie
2261 1213 2514 1300 publice
2578 1212 2796 1277 docuit
2856 1212 3043 1275 annis

1266 1322 1524 1386 circiter
1570 1321 2022 1407 quadraginta.
2073 1320 2364 1386 Tandem
2412 1342 2557 1385 cum
2613 1321 2811 1384 animi
2873 1326 3045 1384 esset

1268 1429 1572 1515 ingentis,
1622 1451 1905 1515 curaque
1954 1429 2049 1493 illi
2096 1428 2495 1515 permaxime
2543 1428 2784 1493 bonum
2832 1427 3041 1513 publi·

1275 1559 1420 1602 cum
1468 1539 1663 1622 foret,
1712 1537 1944 1624 spretis
1992 1536 2187 1602 lucris
2235 1546 2299 1601 et
2345 1538 2518 1601 omni
2565 1558 2721 1601 cura
2766 1535 3041 1600 forensis

1266 1647 1362 1710 rei
1408 1656 1604 1731 atque
1652 1646 1990 1711 familiaris
2030 1645 2309 1730 abjecta,
2342 1645 2628 1709 solitarie
2662 1645 2794 1708 vite
2827 1643 3038 1726 datus,

1266 1753 1631 1838 glossandis
1678 1753 1931 1839 legibus
1964 1753 2261 1817 civilibus
2294 1774 2559 1837 operam
2590 1752 2906 1816 concessit
2937 1773 3039 1815 as·

1265 1859 1538 1943 siduam,
1574 1861 1918 1947 multisque
1965 1861 2204 1946 vigiliis
2252 1867 2317 1924 et
2362 1860 2585 1924 labore
2635 1859 3036 1946 permaximo

1267 1975 1473 2033 totum
1520 1970 1811 2053 ejusdem
1857 1968 2036 2033 Juris
2085 1968 2335 2055 Corpus
2380 1990 2498 2055 per
2543 1970 2772 2033 breves
2822 1975 2886 2032 et
2933 1989 3036 2031 so-

1269 2076 1514 2141 lemnes
1559 2077 1809 2162 glossas
1856 2077 2336 2141 accuratissime
2383 2076 2876 2158 commentavit3
2913 2097 3036 2161 que

1267 2189 1444 2247 tante
1492 2184 1922 2267 auctoritatis,
1970 2185 2307 2269 gratisque
2368 2183 2547 2247 fuere
2605 2189 2675 2246 ut
2721 2204 3037 2247 consensu

1267 2290 1551 2354 omnium
1598 2291 1852 2378 publice
1900 2291 2450 2377 approbarentur3
2484 2297 2549 2354 et
2595 2290 2848 2377 spretis,
2884 2289 3037 2355 abo-

1262 2396 1524 2483 litisque
1585 2399 1844 2484 penitus
1907 2398 2085 2481 aliis,
2135 2398 2271 2463 sole
2312 2400 2505 2482 juxta
2551 2405 2767 2462 textus
2817 2398 3034 2482 legum

1262 2506 1557 2592 apposite
1604 2513 1786 2589 sunt,
1834 2513 1898 2570 et
1944 2505 2183 2592 ubique
2230 2513 2547 2570 terrarum
2595 2506 2732 2569 sine
2780 2514 3033 2570 contro-

1262 2614 1476 2678 versia
1522 2635 1640 2700 pro
1689 2614 1942 2699 legibus
1990 2614 2419 2697 celebrantur,
2453 2615 2544 2678 ita
2576 2621 2647 2677 ut
2694 2635 3033 2701 propemo-

1262 2721 1416 2785 dum
1466 2723 1647 2785 nefas
1693 2722 1809 2804 sit,
1857 2743 1983 2786 non
2031 2744 2215 2786 secus
2264 2743 2456 2808 quam
2502 2723 2744 2806 textui,
2795 2723 3028 2807 glossis

1262 2829 1560 2893 Accursii
1606 2830 1925 2894 contraire
1945 2878 1961 2910 ,
2009 2830 2173 2893 sicut
2206 2830 2471 2915 antiqua
2503 2829 2679 2893 fama
2709 2830 3031 2894 referente

1263 2938 1565 3022 comperi.
1618 2936 1877 3001 Stature
1939 2937 2237 3000 militaris
2297 2937 2681 3012 Accursius,
2730 2945 3030 3023 aspectus

1264 3043 1630 3129 gravissimi
1679 3051 1743 3108 et
1790 3044 2127 3109 reverendi
2173 3043 2286 3108 sed
2333 3044 2788 3108 considere-tivi
2835 3053 3030 3130 atque

1262 3151 1685 3235 melancoliei,
1733 3153 2001 3236 ejusque
2050 3152 2220 3238 quod
2268 3173 2522 3237 semper
2568 3174 2669 3216 me
2716 3151 3032 3217 ditaretur

1261 3258 1506 3344 ingenii
1552 3266 1616 3323 et
1662 3259 1968 3323 memorie
2014 3280 2212 3345 supra
2256 3259 2514 3323 modum
2564 3259 3029 3343 vivacissimus,

1261 3367 1393 3431 vite
1448 3388 1603 3430 vero
1672 3365 1884 3431 sobrie
1947 3373 2141 3451 atque
2203 3366 2593 3448 castissime,
2640 3388 3033 3452 quamquam

1268 3474 1471 3538 nitido
1519 3482 1583 3538 et
1628 3474 1944 3560 perpolito
1992 3474 2228 3537 vestitu
2275 3473 2724 3556 delectaretur,
2767 3496 2894 3560 quo
2940 3476 3034 3539 vi-

1265 3582 1526 3647 deretur
1573 3603 1918 3668 pomposus
1978 3589 2193 3645 tamen
2242 3582 2380 3646 sine
2426 3581 2716 3663 fastidi0,
2762 3604 2804 3645 a
2849 3583 3034 3667 cujus

1265 3689 1488 3754 habito
1563 3689 1976 3774 moribusque
2037 3690 2181 3773 ejus
2249 3689 2575 3753 auditores
2644 3710 2772 3754 non
2845 3712 3032 3754 secus

1263 3818 1459 3882 quam
1506 3819 1591 3861 ex
1638 3818 1746 3860 ore
1792 3796 2031 3862 diserto
2088 3797 2267 3880 leges
2312 3796 2570 3860 vivendi
2616 3797 3027 3863 hauriebant.

1260 3904 1556 3970 Mortuus
1598 3912 1696 3970 est
1736 3905 1865 3969 vite
1899 3927 2012 3969 sue
2045 3926 2214 3970 anno
2248 3906 2725 3991 septuagesimo
2759 3913 2824 3970 et
2856 3914 3031 3971 octa-

1259 4035 1378 4097 v0,
1427 4013 1635 4098 gratie
1682 4035 1836 4078 vero
1882 4013 2224 4077 millesimo
2271 4012 2709 4077 ducentesimo
2757 4035 3031 4099 sexage-

1258 4121 1419 4185 simo
1469 4121 1728 4206 quinto,
1777 4128 1841 4185 et
1886 4121 2180 4185 Bononie
2237 4121 2543 4185 eminenti
2591 4121 2885 4185 conditus
2933 4130 3032 4186 est

1259 4229 1554 4315 sepulcro
1600 4229 1666 4292 in
1707 4229 1923 4315 platea
1964 4228 2266 4292 Fratrum
2300 4228 2621 4292 Minorum
2654 4229 2859 4292 titulis
2893 4251 3025 4293 mo-

1259 4337 1548 4400 numenti
1618 4336 2025 4422 prescriptis,
2097 4335 2329 4421 quibus
2400 4335 2689 4400 redditur
2753 4337 3030 4423 posteris

1259 4443 1469 4529 qualis
1516 4449 1768 4507 constat
1813 4443 2012 4507 fuisse
2058 4444 2449 4508 viventibus.

1384 4658 1542 4744 Cap.
1589 4658 1673 4722 X.
1722 4658 1823 4723 De
1869 4658 2218 4723 Francisco
2265 4658 2558 4723 Accursii
2605 4659 2759 4723 filio.

1423 4820 1524 4884 De
1569 4819 1918 4884 Francisco
1968 4820 2263 4884 Accursii
2308 4820 2473 4903 filio,
2520 4819 2858 4885 defensore

1825 4927 2191 5012 glossarum
2236 4928 2460 5013 patris.

1377 5091 1764 5155 Franciscus
1810 5091 2108 5155 Accursii
2151 5091 2321 5154 filius
2361 5090 2622 5175 ingenio
2654 5098 2718 5155 et
2750 5090 3024 5176 diligen-

1252 5198 1344 5262 tia
1391 5220 1803 5285 nequaquam
1851 5197 2116 5263 inferior
2156 5206 2364 5285 patre,
2395 5205 2542 5285 post
2589 5207 2862 5263 mortem
2908 5220 3024 5285 pa·

1249 5307 1367 5370 tris
1412 5306 1705 5371 Bononie
1752 5306 2073 5371 laboriose
2120 5305 2338 5370 docuit
2376 5306 2528 5389 jura
2574 5306 2822 5389 civilia,
2872 5327 3022 5371 con-

1251 5414 1712 5478 flictationibus
1759 5413 2111 5478 innumeris
2159 5413 2507 5499 impetitus,
2543 5414 2879 5499 presertim
2911 5414 3026 5478 bo·

1250 5520 1669 5585 noniensibus
1715 5521 2121 5604 doctoribus,
2171 5521 2392 5585 livoris
2442 5520 2722 5602 insania,
2772 5521 3023 5605 glossas

1249 5627 1546 5692 Accursii
1593 5628 1975 5693 conantibus
2021 5628 2316 5709 abolere3
2366 5649 2443 5692 eo
2498 5627 2814 5714 siquidem
2862 5635 3022 5692 tem-

1246 5758 1404 5821 pore
1471 5735 1837 5801 Odofredus
1906 5758 1987 5800 ex
2060 5735 2261 5799 nobili
2330 5736 2704 5821 potentique
2775 5734 3022 5799 familia

1249 5843 1628 5909 bononiensi
1677 5851 1901 5925 natus,
1950 5843 2284 5928 multaque
2346 5843 2492 5928 lege
2538 5843 2863 5929 preditus,
2911 5844 3020 5929 qui

1244 5951 1442 6015 etiam
1488 5950 1914 6036 glossaverat,
1958 5957 2023 6015 et
2069 5951 2137 6014 in
2182 5950 2429 6014 lectura
2477 5972 2622 6014 cum
2668 5949 3019 6014 Francisco

1245 6059 1690 6124 concurrebat.
1740 6059 1867 6123 Hic
1929 6066 2002 6123 ut
2064 6058 2358 6122 Accursii
2416 6078 2645 6121 nomen
2695 6057 3018 6121 oblivione

1240 6165 1525 6250 deleret,
1586 6167 1727 6251 ejus
1797 6166 2047 6251 glossas
2117 6165 2481 6230 convellere
2550 6165 2701 6229 totis
2772 6164 3017 6228 viribus

1243 6275 1621 6340 conabatur.
1659 6273 1787 6338 Sed
1825 6272 2213 6337 Franciscus
2251 6273 2508 6358 paterni
2554 6271 2857 6337 defensor
2903 6293 3015 6336 no-

1241 6383 1431 6447 minis
1464 6381 1739 6468 publicis
1773 6379 2316 6467 disputationibus
2350 6387 2573 6443 contra
2606 6380 2818 6465 ipsum
2849 6401 3015 6443 sem-

1239 6514 1357 6578 per
1403 6491 1701 6573 obtinuit,
1735 6490 1905 6554 unde
1940 6511 2067 6554 non
2114 6489 2325 6553 minus
2370 6489 2632 6553 honoris
2679 6489 2745 6551 in
2794 6488 3013 6552 defen-

3172 895 3358 973 pater
3403 887 3468 951 in
3515 888 3994 974 componendis.
4041 887 4168 952 Hic
4213 887 4506 954 Bononie
4555 889 4716 973 objit
4771 912 4932 956 anno

3171 994 3379 1078 gratie
3446 995 3786 1059 millesimo
3856 997 4304 1060 trecentesimo
4377 1018 4581 1080 nono;
4631 998 4760 1062 vite
4825 1021 4931 1063 sue

3172 1110 3400 1166 octavo
3448 1111 3511 1166 et
3557 1103 3986 1188 sexagesimo,
4022 1111 4086 1168 et
4133 1104 4197 1167 in
4229 1111 4500 1191 paterno
4535 1105 4930 1192 sarcophago

3170 1209 3583 1295 consepultus
3630 1219 3748 1275 est.

3295 1424 3452 1512 Cap.
3500 1427 3622 1492 XI.
3671 1428 3772 1492 De
3819 1430 3992 1494 Dino
4040 1430 4119 1494 de
4167 1431 4502 1518 MoyseIIO.

3167 1586 3269 1651 De
3314 1587 3488 1652 Dino
3535 1590 3614 1653 de
3661 1590 3976 1676 Moysello
4024 1590 4284 1657 doctore
4349 1616 4583 1680 magno
4625 1597 4790 1680 juris
4847 1601 4928 1663 ci-

3291 1694 3458 1776 vilis,
3494 1697 3602 1781 qui
3650 1698 3904 1762 titulum
3952 1698 4031 1763 de
4073 1701 4431 1765 actionibus
4464 1704 4528 1766 in
4557 1704 4704 1787 jure
4738 1705 4926 1791 civili,

3292 1809 3356 1866 et
3403 1802 3482 1867 de
3531 1804 3772 1889 regulis
3812 1805 3978 1890 juris
4025 1808 4317 1872 canonici
4364 1814 4840 1876 commentavit.

3287 1964 3565 2030 Difficile
3613 1976 3710 2031 est
3755 1989 3892 2032 rem
3931 1969 4224 2034 eamdem
4271 1971 4623 2058 similisque
4667 1976 4928 2042 materie

3161 2093 3432 2160 persepe
3459 2075 3884 2140 tractantibus
3917 2078 4228 2160 ordinem,
4256 2081 4642 2166 modumque
4676 2081 4928 2148 dicendi

3163 2181 3467 2246 continuo
3493 2183 3766 2267 variare,
3795 2184 3948 2270 quin
3979 2186 4196 2271 sepius
4230 2186 4294 2250 in
4322 2188 4546 2251 eadem
4575 2189 4773 2253 verba
4805 2213 4928 2256 non

3162 2290 3454 2354 recidant
3498 2292 3698 2357 latine
3746 2294 3966 2379 lingue
4016 2294 4265 2382 inopia;
4300 2303 4482 2360 tanta
4530 2300 4698 2362 enim
4735 2300 4796 2362 in
4835 2300 4928 2365 his

3162 2396 3316 2461 viris
3364 2420 3612 2463 morum
3660 2401 4031 2484 similitudo,
4081 2411 4263 2466 tanta
4311 2403 4573 2488 ingenii,
4613 2406 4929 2472 doctrine·

3159 2526 3306 2590 que,
3352 2506 3647 2591 parilitas
3695 2515 3811 2590 est,
3845 2515 3916 2572 ut
3964 2531 4091 2574 uno
4137 2510 4328 2592 dieto,
4363 2513 4560 2576 ceteri
4591 2514 4932 2579 videantur

3159 2613 3361 2678 ferme
3394 2614 3581 2679 relati
3609 2664 3624 2679 .
3652 2665 3666 2680 .
3698 2665 3712 2680 .
3743 2665 3757 2679 .
3793 2616 4002 2700 Igitur
4023 2616 4235 2681 Dinus
4268 2618 4346 2682 de
4373 2619 4708 2705 Moyse110,
4736 2645 4928 2708 quem

3157 2720 3370 2786 locum
3417 2722 3721 2806 vulgares
3769 2723 4112 2788 verborum
4161 2727 4564 2812 propriorum
4599 2739 4930 2816 corrupto·

3158 2850 3260 2893 res
3307 2829 3654 2893 Macellum
3703 2831 4055 2916 appellant,
4090 2833 4300 2917 ignari
4334 2833 4545 2898 locum
4580 2837 4755 2900 mille
4791 2860 4930 2902 sca·

3158 2937 3543 3001 turientibus
3592 2937 3875 3002 fontibus
3903 2988 3918 3003 .
3948 2988 3962 3003 .
3993 2989 4008 3004 .
4038 2989 4053 3004 .
4101 2941 4280 3004 fluvii
4329 2942 4655 3007 alluvione
4705 2945 4929 3029 letari,

3155 3051 3302 3130 post
3348 3045 3731 3110 Accursium
3779 3054 3843 3110 et
3891 3046 4308 3112 Franciscum
4369 3051 4647 3114 mirabili
4710 3054 4930 3136 legum

3158 3152 3391 3216 claruit
3437 3153 3797 3240 disciplina.
3846 3155 3997 3219 Fuit
4044 3156 4380 3241 siquidem,
4429 3165 4500 3221 ut
4548 3159 4630 3222 ab
4678 3161 4930 3225 audito-

3158 3259 3337 3323 ribus
3384 3260 3516 3324 suis
3564 3263 3867 3347 comperi,
3905 3262 4073 3347 quod
4121 3271 4186 3327 et
4232 3265 4374 3347 ejus
4406 3266 4648 3351 scripta
4682 3275 4927 3331 testan-

3158 3373 3284 3448 tur,
3318 3368 3488 3432 bono
3535 3367 3929 3432 incredibilis
3963 3372 4266 3435 memorie
4299 3372 4650 3457 preclarus,
4686 3374 4932 3459 ingenii

3159 3495 3314 3540 vero
3358 3475 3838 3561 preclarissimi,
3871 3498 3998 3562 quo
4035 3477 4098 3540 in
4130 3487 4380 3542 secreta
4418 3479 4636 3565 legum
4683 3483 4930 3567 prisca·

3162 3601 3304 3647 rum
3351 3605 3537 3648 nemo
3578 3584 3805 3664 actius,
3836 3583 4346 3671 profundiusque
4378 3590 4764 3672 penetravit.
4801 3591 4928 3657 Hic

3159 3691 3362 3756 multo
3409 3699 3696 3777 tempore
3757 3692 3966 3776 legem
4031 3694 4357 3778 professus
4402 3695 4659 3780 publice
4709 3697 4930 3764 docuit

3158 3798 3224 3862 in
3272 3799 3532 3863 civitate
3577 3798 3892 3880 Bononie,
3928 3800 4381 3887 auditoresque
4415 3803 4649 3867 multos
4693 3813 4760 3869 et
4807 3808 4929 3870 uti-

3159 3928 3282 3992 que
3326 3907 3872 3993 prestantissimos
3921 3908 4197 3994 reliquit.
4246 3909 4452 3973 Fama
4513 3913 4633 3975 viri
4697 3913 4928 3998 hujus,

3159 4036 3303 4079 cum
3349 4014 3432 4077 ad
3479 4036 3800 4079 summum
3855 4018 4219 4101 pontificem
4273 4016 4684 4083 Bonifacium
4733 4021 4928 4088 Vm.

3155 4123 3575 4208 pervenisset,
3622 4122 3888 4209 ipseque
3950 4132 4214 4210 cuperet
4277 4126 4501 4211 quinto
4563 4138 4628 4191 et
4697 4130 4931 4196 ultimo

3156 4230 3596 4295 Decretalium
3665 4230 3829 4295 libro
3900 4253 4211 4295 novorum
4285 4255 4602 4298 canonum
4667 4246 4928 4301 sextum

3159 4338 3461 4423 adjicere,
3488 4346 3572 4422 et,
3600 4360 3722 4423 que
3743 4338 3876 4423 juri
3909 4341 4216 4404 canonico
4255 4341 4641 4408 videbantur
4675 4344 4929 4428 deesse,

3157 4446 3478 4532 supplere,
3514 4446 3823 4510 accersito
3870 4446 4061 4529 Dino,
4107 4447 4169 4511 in
4218 4447 4372 4534 ipsis
4421 4451 4776 4516 condendis
4827 4476 4929 4517 or·

3157 4553 3582 4640 dinandisque
3626 4553 3942 4635 Decretis,
3984 4555 4124 4638 ejus
4169 4557 4473 4643 precipue
4523 4580 4722 4644 opera
4773 4582 4929 4623 usus

3154 4670 3294 4745 est;
3342 4683 3618 4749 eumque
3687 4668 4031 4748 propterea
4099 4664 4537 4729 cardinalatus
4606 4666 4931 4752 dignitate

3153 4770 3556 4854 cogitaverat
3599 4791 3967 4850 munerare,
4016 4770 4332 4857 signaque
4380 4773 4759 4838 intentionis
4811 4775 4930 4839 hu·

3146 4877 3431 4962 jusmodi
3464 4884 3689 4962 aperta
3721 4884 4210 4941 monstraverat.
4240 4877 4389 4961 Sed,
4416 4901 4560 4943 cum
4594 4888 4734 4944 tum
4770 4883 4929 4946 alie·

3151 5006 3256 5068 n0,
3296 4992 3435 5049 tum
3481 5005 3595 5047 sue
3641 4984 3852 5047 anime
3901 4984 4198 5047 vertisset
4244 4986 4512 5049 consilio
4558 4987 4929 5072 diligentis·

3150 5092 3349 5155 simus
3381 5090 3709 5174 Pontifex,
3737 5099 4077 5176 propterea
4111 5100 4407 5177 oportere
4433 5093 4642 5156 virum
4677 5095 4930 5159 lecture

3149 5198 3492 5285 perutilem
3554 5199 3636 5262 ab
3698 5198 3904 5284 ipsam
3966 5220 4096 5262 non
4155 5199 4519 5283 discedere,
4570 5202 4929 5267 multorum

3150 5307 3518 5372 auditorum
3580 5304 3837 5385 damno,
3885 5306 4223 5392 ipsumque
4285 5308 4570 5372 moribus
4625 5308 4930 5375 Ecclesie

3149 5435 3381 5501 parum
3411 5414 3548 5478 fore
3582 5412 3997 5495 conformem,
4031 5435 4069 5477 a
4100 5416 4430 5500 proposito
4463 5416 4761 5499 resilivit,
4792 5440 4929 5481 tna·

3149 5521 3422 5607 gnisque
3489 5520 3792 5584 laudibus
3861 5520 4417 5603 commendatum,
4480 5523 4930 5610 donatumque

3149 5629 3522 5693 muneribus
3554 5629 3878 5715 persuasit
3901 5629 4040 5693 viro
4075 5628 4283 5693 redire
4307 5628 4694 5713 Bononiam,
4726 5642 4794 5695 et
4823 5654 4931 5695 ve-

3149 5737 3237 5800 ris
3271 5757 3502 5800 vacare
3535 5736 3764 5799 studiis
3797 5744 3862 5799 et
3892 5735 4219 5799 doctrinis.
4255 5735 4485 5817 Dinus,
4512 5758 4625 5822 spe
4659 5738 4932 5823 abjecta

3146 5850 3486 5929 expectate
3532 5842 3888 5927 dignitatis,
3924 5842 4115 5927 idque
4148 5842 4229 5906 ad
4265 5843 4569 5927 injuriam
4603 5866 4931 5909 revocans

3146 5952 3428 6014 maximo
3476 5950 3687 6014 cordis
3744 5971 3991 6013 merore
4039 5948 4368 6014 confectus
4417 5950 4538 6014 iter
4585 5952 4930 6036 ingressus

3146 6057 3229 6120 ad
3276 6057 3573 6139 reditum,
3614 6066 3758 6144 post
3807 6057 3942 6120 dies
3987 6078 4227 6142 paucos
4274 6057 4543 6140 itineris,
4578 6063 4930 6143 repentino

3142 6166 3367 6229 morbo
3416 6173 3747 6251 correptus
3796 6165 4039 6228 interiit
4096 6171 4299 6227 morte
4362 6186 4519 6229 sane
4581 6165 4926 6250 inaudita,

3143 6273 3256 6337 sed
3304 6295 3428 6359 que
3475 6274 3641 6337 solet
3683 6272 4041 6336 illustribus
4088 6272 4243 6335 viris
4290 6272 4355 6335 in
4406 6271 4689 6335 naturali
4742 6275 4929 6338 exitu

3144 6401 3284 6443 esse
3318 6380 3692 6465 persimilis3
3718 6380 3771 6443 is
3805 6378 4064 6465 quidem
4097 6378 4268 6444 dicto
4305 6381 4368 6443 in
4401 6388 4772 6444 commeatu
4797 6431 4814 6444 .
4838 6431 4852 6445 .
4875 6430 4890 6445 .
4913 6430 4926 6444 .

3141 6487 3518 6574 appulisset,
3553 6496 3867 6573 nocteque
3901 6495 4105 6551 mesto
4153 6487 4420 6550 nimium
4467 6486 4693 6551 animo
4744 6488 4931 6552 labo-
