5542 7775
1610 616 2074 667 SPECTANTIA
2130 616 2234 666 AD
2292 615 2806 666 PROFESSORES
2863 615 3074 666 JURIS
3133 614 3400 664 CIVILIS
4216 591 4308 663 81

859 773 1025 837 Item
1074 774 1350 859 reliquid
1395 774 1742 838 conventui
1789 773 2060 837 fratrum
2109 773 2189 838 de
2238 772 2537 837 Carmine
2585 772 2664 836 de
2711 771 3010 836 Bononia
3057 778 3334 858 quatuor
3372 769 3600 834 corbas
3647 769 3781 832 vini
3813 768 4100 855 quolibet
4147 789 4316 833 anno

684 903 799 966 pro
848 881 1161 945 sacrificio
1210 881 1505 945 faciendo
1555 881 1634 945 de
1683 881 1911 946 eodem
1959 881 2109 945 vino
2156 889 2221 945 et
2267 880 2476 945 vinea.

861 988 1028 1052 Item
1073 989 1347 1075 reliquid
1395 990 1738 1054 conventui
1786 990 2059 1053 fratrum
2107 987 2458 1053 Servorum
2505 988 2584 1052 de
2632 995 2857 1052 sancta
2901 987 3111 1051 Maria
3159 988 3237 1051 de
3285 985 3581 1050 Bononia
3627 984 3915 1070 quolibet
3970 1003 4139 1047 anuo
4187 989 4318 1046 tres

683 1096 911 1160 corbas
958 1096 1093 1160 vini
1137 1096 1217 1160 de
1265 1096 1492 1161 eadem
1539 1098 1730 1160 vinea
1776 1118 1893 1183 pro
1941 1095 2252 1160 sacrificio
2301 1095 2622 1160 faciende.

859 1202 1025 1266 Item
1071 1203 1348 1288 reliquid
1394 1204 1738 1268 conventui
1785 1203 2057 1267 fratrum
2101 1202 2590 1268 Predicatorum
2653 1202 2733 1266 de
2796 1202 3091 1267 Bononia
3157 1201 3444 1287 quolibet
3491 1222 3660 1264 anno
3710 1198 4073 1285 quindecim
4119 1197 4318 1262 libras

572 1300 578 1307 ’
683 1309 1170 1374 bononenorum
1215 1332 1333 1397 pro
1382 1311 1556 1374 mille
1606 1311 1815 1374 missis
1863 1310 2149 1376 dicendis
2197 1309 2483 1395 quolibet
2530 1331 2699 1374 anno
2746 1331 2865 1396 pro
2913 1309 3130 1373 anima
3177 1308 3378 1395 ipsius
3425 1308 3666 1373 domini
3711 1307 3988 1372 Alberti.

860 1418 1027 1482 Item
1075 1418 1353 1504 reliquid
1401 1419 1745 1483 conventui
1792 1418 2065 1483 fratrum
2111 1417 2433 1481 Minorum
2481 1417 2558 1481 de
2607 1417 2906 1481 Bononia
2952 1417 3238 1502 quolibet
3285 1437 3453 1480 anno
3486 1422 3731 1502 septem
3763 1415 3962 1479 libras
3994 1421 4058 1479 et
4090 1413 4314 1478 decem

684 1525 898 1590 soldos
945 1526 1432 1592 bononenorum
1477 1548 1594 1612 pro
1642 1526 2010 1612 quingentis
2057 1524 2267 1589 missis
2316 1524 2650 1589 cantandis
2696 1524 2916 1610 parvis
2963 1546 3080 1611 pro
3121 1525 3337 1588 anima
3369 1524 3568 1610 ipsius
3601 1522 3842 1587 domini
3872 1521 4125 1587 Alberti
4160 1542 4317 1607 quo-

681 1632 839 1696 libet
884 1654 1073 1697 anne.

862 1739 1030 1804 Item
1076 1740 1354 1826 reliquid
1401 1740 1746 1805 conventui
1794 1741 2066 1804 fratrum
2110 1739 2678 1805 Heremitanorum
2726 1739 2934 1803 sancti
2981 1739 3202 1804 Iacobi
3264 1746 3462 1803 strate
3526 1739 3730 1803 sancti
3779 1738 4019 1803 Donati
4066 1739 4143 1802 de
4190 1738 4319 1802 Bo-

686 1847 881 1910 nonia
929 1848 1216 1933 quolibet
1263 1869 1433 1912 anno
1482 1848 1762 1933 quinque
1811 1847 2009 1911 libras
2058 1848 2540 1911 bononenorum
2588 1867 2704 1932 pro
2752 1847 3055 1911 trecentis
3103 1855 3166 1912 et
3228 1847 3493 1931 triginta
3556 1855 3830 1932 quatuor
3892 1846 4101 1909 missis
4165 1867 4316 1909 can-

686 1954 899 2018 tandis
944 1956 1161 2041 parvis
1212 1978 1327 2041 pro
1374 1955 1591 2019 anima
1640 1955 1838 2041 ipsius
1884 1954 2127 2019 domini
2173 1954 2427 2019 Alberti
2473 1976 2589 2039 pro
2639 1954 2928 2040 quolibet
2977 1975 3167 2018 anno.

863 2062 1031 2126 Item
1076 2062 1352 2148 reliquid
1414 2063 1759 2127 conventui
1819 2062 2092 2125 fratrum
2148 2061 2227 2125 de
2289 2060 2587 2125 Carmine
2650 2061 2728 2125 de
2796 2061 3055 2125 civitate
3116 2060 3408 2125 Bononie
3471 2062 3758 2147 quolibet
3819 2081 3987 2124 anno
4050 2060 4318 2145 triginta

687 2169 901 2234 soldos
947 2169 1431 2233 bononenorum
1482 2192 1597 2255 pro
1646 2176 1903 2233 centum
1949 2168 2158 2232 missis
2206 2167 2541 2231 cantandis
2588 2168 2806 2254 parvis
2853 2189 2971 2254 pro
3021 2169 3236 2232 anima
3283 2168 3480 2254 ipsius
3528 2168 3771 2231 domini
3816 2167 4092 2232 Alberti.

866 2275 1033 2339 Item
1078 2276 1353 2361 reliquid
1400 2276 1745 2340 conventui
1790 2276 2064 2340 fratrum
2113 2275 2462 2340 Servorum
2506 2283 2726 2339 sancte
2777 2275 2979 2340 Marie
3037 2275 3114 2339 de
3162 2275 3458 2340 Bononia
3513 2275 3782 2361 triginta
3842 2274 4056 2339 soldos
4118 2275 4317 2340 bono·

689 2403 1000 2447 nenorum
1048 2383 1334 2469 quolibet
1381 2405 1552 2448 anno
1599 2405 1717 2469 pro
1764 2391 2021 2447 centum
2069 2382 2277 2446 missis
2325 2382 2660 2446 cantandis
2706 2383 2924 2469 parvis
2971 2404 3085 2468 pro
3136 2384 3352 2446 anima
3400 2383 3597 2469 ipsius
3647 2383 3886 2446 domini
3933 2383 4208 2447 Alberti.

867 2489 1033 2554 Item
1079 2491 1355 2576 reliquid
1401 2513 1516 2576 pro
1565 2491 1781 2554 anima
1827 2490 2067 2554 domini
2102 2490 2476 2555 Oddoffredi
2509 2490 2710 2575 patris
2743 2490 2863 2573 sui,
2898 2496 2962 2554 et
2994 2490 3249 2554 domine
3282 2489 3534 2554 Iuliane
3577 2491 3799 2554 matris
3833 2512 3966 2571 sue,
4001 2498 4065 2553 et
4097 2490 4316 2553 fratris

687 2595 1021 2661 Ricardini
1084 2599 1184 2662 sui
1246 2598 1503 2680 fratriS,
1552 2605 1615 2662 et
1676 2597 1946 2662 Niehole
1994 2598 2121 2661 filie
2170 2619 2281 2660 sue
2345 2605 2409 2661 et
2471 2597 2708 2660 sororis
2754 2597 3073 2661 Lazarine
3122 2599 3357 2661 sororis
3405 2619 3554 2679 sue,
3605 2611 3668 2661 et
3714 2597 3968 2662 domine
4016 2598 4321 2680 Azoline,

689 2705 1011 2788 quondam
1058 2706 1278 2769 uxoris
1326 2727 1471 2788 sue,
1519 2727 1636 2792 pro
1689 2706 1899 2769 missis
1944 2706 2162 2791 parvis
2209 2704 2578 2786 cantandis,
2629 2704 2872 2768 scilicet
2920 2726 3035 2789 pro
3085 2705 3384 2768 trecentis
3448 2706 3714 2790 triginta
3780 2713 4055 2790 quatuor
4108 2705 4317 2769 missis

688 2815 1025 2880 cantandis
1085 2814 1371 2899 quolibet
1434 2835 1603 2878 anno
1658 2812 1964 2877 fratribus
2012 2812 2534 2876 Predicatoribus
2582 2812 2660 2875 de
2710 2812 3007 2876 Bononia
3067 2819 3324 2876 centum
3369 2813 3585 2877 soldos
3631 2813 4134 2893 bononenorum,
4187 2813 4318 2875 fra-

689 2924 894 2988 tribus
940 2921 1298 2986 Minoribus
1346 2943 1463 3007 pro
1511 2921 1815 2985 trecentis
1862 2919 2129 3005 triginta
2191 2928 2466 3005 quatuor
2523 2919 2731 2982 missis
2785 2918 3003 3004 parvis
3066 2919 3400 2982 cantandis
3463 2920 3732 3005 reliquid
3797 2920 4082 3005 quolibet
4145 2939 4314 2982 anno

689 3038 944 3094 centum
991 3028 1206 3093 soldos
1254 3028 1738 3093 bononenorum
1783 3027 2070 3114 quolibet
2117 3048 2307 3108 ann0‚
2357 3026 2665 3089 fratribus
2710 3026 3151 3089 IIerennitanis
3200 3027 3477 3090 civitatis
3525 3027 3815 3092 Bononie
3863 3050 3977 3112 pro
4026 3027 4319 3092 ducentis

689 3137 898 3202 missis
959 3136 1177 3223 parvis
1241 3135 1576 3200 cantandis
1630 3135 1907 3221 reliquid
1953 3134 2419 3220 quinqueginta
2467 3133 2681 3197 soldos
2729 3133 3214 3198 bononenorum
3269 3134 3555 3218 quolibet
3615 3157 3817 3216 anne,
3867 3137 4172 3201 fratribus
4237 3138 4317 3203 de

692 3244 989 3309 Carmine
1037 3243 1116 3307 de
1162 3242 1460 3306 Bononia
1506 3265 1623 3328 pro
1671 3250 1927 3306 centum
1974 3242 2183 3306 missis
2231 3241 2566 3306 cantandis
2614 3240 2830 3326 parvis
2878 3241 3153 3325 reliquid
3201 3241 3714 3327 vigintiquinque
3771 3243 3983 3308 soldos
4037 3244 4318 3309 bonone·

693 3373 939 3417 norum.
986 3351 1073 3415 Et
1119 3349 1410 3437 predicta
1455 3350 1676 3435 legata
1722 3371 1839 3435 pro
1887 3349 2096 3413 missis
2144 3349 2429 3413 dicendis
2478 3357 2610 3412 tam
2656 3369 2773 3434 pro
2823 3349 3038 3412 anima
3086 3348 3284 3433 ipsius
3339 3349 3579 3412 domini
3629 3350 3911 3430 Alberti,
3962 3373 4156 3436 quam
4202 3375 4318 3438 pro

693 3459 906 3522 anima
954 3458 1155 3545 patris
1202 3466 1266 3521 et
1313 3457 1535 3521 matris
1583 3465 1647 3521 et
1693 3457 1965 3521 aliorum
1999 3478 2260 3520 suorum
2294 3464 2709 3538 mortuorum,
2745 3477 2869 3540 que
2907 3456 3134 3519 relicta
3180 3465 3328 3519 sunt
3375 3458 3794 3521 conventibus
3839 3458 4316 3543 Religiosorum

692 3565 1293 3651 suprascriptorum,
1343 3563 1547 3628 voluit
1593 3571 1657 3627 et
1702 3563 1975 3648 precipit
2037 3563 2207 3648 quod
2254 3562 2531 3626 debeant
2576 3562 2740 3626 solvi
2788 3562 2866 3625 (10
2928 3562 3343 3647 pensionibus
3405 3564 3691 3647 quolibet
3752 3584 3921 3628 anuo
3983 3565 4317 3629 domorum

693 3693 954 3735 suarum
1015 3693 1139 3756 que
1185 3669 1383 3734 habet
1423 3670 1616 3754 juxta
1673 3670 1916 3734 curiam
1967 3669 2270 3734 Comunis
2316 3669 2644 3751 Bononie,
2693 3677 2757 3732 et
2821 3668 3064 3733 habent
3134 3670 3421 3754 becharij
3483 3670 3566 3733 ab
3629 3692 3705 3734 co
3763 3670 3845 3733 ad
3907 3672 4320 3756 pensionem3

693 3789 758 3843 et
803 3777 1067 3843 mandat
1129 3777 1325 3842 etiam
1371 3785 1435 3841 et
1480 3778 1719 3859 voluit,
1770 3778 1939 3862 quod
1985 3776 2275 3860 becharij
2324 3777 2610 3861 quolibet
2657 3798 2827 3841 anno
2873 3777 3052 3840 illam
3100 3779 3526 3861 quantitatem
3571 3777 3876 3864 pecunie,
3926 3800 4119 3863 quam
4171 3779 4321 3844 reli-

694 3887 847 3973 quid
894 3887 1317 3951 conventibus
1363 3884 1746 3972 supradictis
1792 3906 1908 3971 pro
1958 3884 2167 3948 missis
2215 3883 2521 3967 dicendis,
2556 3906 2683 3949 non
2730 3883 3010 3948 debeant
3058 3884 3306 3948 solvere
3339 3883 3682 3949 heredibus
3715 3886 3866 3968 suis,
3910 3892 4008 3949 set
4039 3886 4319 3951 debeant

690 3995 940 4059 solvere
987 4000 1300 4079 perpetuo
1346 3994 1483 4057 sine
1532 3994 1837 4079 temporis
1899 3992 2304 4079 prefinitione
2366 3992 2653 4077 quolibet
2714 4013 2884 4055 anno
2949 3993 3010 4055 in
3074 3992 3369 4057 kalendis
3425 3993 3736 4075 februarij
3784 3993 4322 4058 Procuratoribus

694 4101 967 4166 fratrum
1009 4101 1499 4166 Predicatorum
1546 4108 1609 4164 et
1655 4100 2001 4183 Minorum,
2051 4100 2162 4186 qui
2207 4109 2357 4164 sunt
2402 4100 2505 4163 vel
2554 4122 2668 4184 pro
2716 4108 3003 4186 tempore
3052 4107 3273 4181 erunt,
3325 4121 3483 4184 quos
3537 4122 3686 4164 suos
3733 4100 3888 4164 facit
3937 4101 4321 4166 Commissa-

694 4209 824 4273 rios
870 4216 1121 4273 tautum
1169 4207 1340 4272 circa
1386 4208 1676 4295 predicta
1723 4208 1941 4291 legata
1987 4207 2297 4272 solvenda
2344 4215 2409 4271 et
2467 4207 2886 4292 exequenda,
2936 4208 3096 4271 dans
3144 4215 3208 4272 et
3256 4208 3611 4272 concedens
3658 4208 3960 4294 predictis
4005 4209 4323 4273 Procura-

695 4316 939 4380 toribus
987 4315 1257 4379 liberam
1305 4314 1630 4379 licentiam
1672 4321 1737 4379 et
1776 4323 2157 4401 potestatem
2205 4315 2464 4400 petendi
2511 4315 2813 4399 exigendi
2863 4336 2901 4378 a
2934 4315 3255 4399 becharijs
3288 4322 3535 4379 tautam
3575 4316 3842 4401 pecunie
3876 4316 4321 4400 quantitatem,

695 4430 1008 4509 quantum
1054 4422 1288 4486 sufficit
1335 4421 1469 4506 a[d]
1517 4422 1690 4486 dicta
1738 4422 1958 4507 legata
2002 4422 2331 4487 solvenda.
2380 4422 2660 4507 Reliqua
2706 4444 2858 4508 pars
2904 4422 3229 4507 pensionis
3277 4423 3566 4487 solvatur
3610 4422 3954 4486 heredibus
4002 4424 4153 4487 suis.

870 4529 1036 4593 Item
1084 4529 1358 4614 reliquid
1406 4529 1662 4593 domine
1711 4527 1900 4593 Clare
1949 4529 2257 4594 ducentas
2302 4529 2502 4594 libras
2551 4529 3036 4593 bononenorum
3084 4529 3255 4593 ultra
3302 4538 3558 4594 centum
3589 4529 3788 4593 libras
3819 4530 4323 4615 bononenorum,

696 4659 855 4723 quas
903 4658 1099 4723 supra
1147 4637 1205 4700 ei
1253 4637 1550 4723 reliquid.

874 4744 1042 4809 Item
1087 4744 1362 4830 reliquid
1418 4745 1555 4808 iure
1616 4744 2035 4809 institutionis
2100 4744 2443 4809 Francisce
2507 4745 2813 4831 neptisu)
2846 4766 2995 4828 sue,
3044 4744 3173 4809 filie
3222 4744 3546 4830 quondam
3592 4744 3846 4808 domine
3895 4746 4164 4810 Nichole
4212 4768 4325 4812 sue

696 4851 825 4917 filie
872 4852 1092 4919 decem
1140 4852 1340 4917 libras
1386 4852 1894 4916 bononenorum,

874 4958 1040 5023 Item
1090 4958 1413 5024 Saraceno
1463 4959 1681 5045 nepoti
1727 4981 1865 5041 sue,
1906 4960 2038 5023 filio
2085 4960 2370 5045 predicte
2418 4959 2673 5024 domine
2719 4960 2990 5024 Nichole
3039 4981 3153 5024 sue
3200 4960 3351 5042 filie,
3394 4961 3541 5044 jure
3589 4959 4002 5023 institutionis
4048 4961 4323 5047 reliquid

696 5066 927 5152 viginti
975 5065 1189 5131 soldos
1234 5065 1741 5131 bononenorum.
1986 5048 1999 5053 ,

875 5172 1045 5237 Item
1090 5180 1277 5258 rogat
1322 5172 1592 5237 heredes
1639 5195 1787 5238 suos
1834 5180 1905 5237 ut
1950 5173 2274 5256 VandinO,
2308 5174 2413 5239 cui
2457 5174 2690 5238 dicitur
2735 5172 2966 5256 Dinus,
2999 5173 3131 5238 filio
3180 5172 3507 5255 Gasdiole,
3542 5174 3653 5258 qui
3697 5182 3984 5238 moratur
4031 5176 4095 5239 in
4134 5176 4324 5241 (10100

699 5303 844 5346 011111
892 5280 1030 5366 ipso
1077 5280 1333 5344 domino
1366 5280 1659 5362 Albert0,
1691 5290 1763 5344 ut
1795 5280 2073 5345 debeant
2104 5281 2312 5344 eidem
2353 5281 2507 5345 dare
2541 5281 2830 5367 quolibet
2862 5301 3029 5345 anno
3075 5302 3278 5367 usque
3322 5302 3448 5366 quo
3479 5280 3778 5345 habuerit
3812 5281 4324 5369 vigintiquinque

699 5409 923 5469 annos,
958 5409 1073 5473 pro
1120 5387 1441 5451 alimentis
1489 5394 1632 5451 octo
1681 5387 1909 5452 corbas
1957 5387 2281 5471 frumenti,
2316 5397 2458 5452 octo
2497 5389 2725 5453 corbas
2773 5389 2907 5452 viui
2951 5395 3017 5452 et
3063 5388 3286 5453 decem
3331 5388 3528 5452 libras
3572 5388 4056 5453 bononenorum
4102 5391 4166 5454 in
4217 5412 4327 5477 pe·

697 5494 889 5559 cunia
936 5516 1051 5580 pro
1100 5494 1495 5558 vestimentis
1542 5501 1607 5558 et
1653 5494 2135 5559 chalciamentis
2182 5502 2247 5559 et
2294 5495 2692 5560 habitatione
2741 5496 2942 5582 ipsius
2988 5495 3297 5560 Vandini.

875 5601 1040 5665 Item
1086 5600 1293 5665 Paulo
1339 5601 1470 5666 filio
1518 5602 1761 5666 domini
1808 5602 2137 5668 Francisci
2183 5602 2283 5666 sui
2328 5602 2444 5666 filii
2490 5603 2854 5689 prelegavit
2903 5624 3123 5668 omnes
3171 5603 3369 5667 libros
3417 5625 3566 5668 suos
3612 5604 3878 5688 legales,
3922 5604 4165 5669 scilicet
4213 5605 4328 5668 Di-

695 5716 951 5794 gestum
999 5718 1204 5791 vetus,
1239 5709 1411 5795 quod
1459 5718 1554 5772 est
1605 5710 1667 5773 in
1717 5710 1966 5773 duobus
2010 5710 2444 5776 voluminibus
2492 5732 2638 5775 cum
2668 5711 3012 5797 Apparatu
3058 5711 3300 5775 domini
3330 5711 3650 5796 Accursij,
3685 5712 4117 5794 Infertiatum,
4154 5713 4325 5798 quod

696 5823 794 5878 est
838 5816 903 5879 in
954 5816 1160 5880 tribus
1206 5816 1662 5898 voluminibus,
1711 5817 1955 5881 scilicet
2002 5817 2413 5882 Infortiatum
2459 5818 2524 5881 in
2572 5817 2822 5882 duobus
2869 5818 3327 5900 voluminibus,
3374 5826 3440 5883 et
3485 5828 3614 5884 tres
3661 5827 3877 5906 partes
3925 5819 3988 5882 iu
4036 5819 4165 5884 alio
4215 5842 4325 5885 vo-

697 5922 959 6005 lumine,
1008 5932 1072 5987 et
1119 5945 1339 5988 omnes
1387 5946 1530 5988 cum
1578 5925 1917 6010 Apparatu
1967 5924 2207 5989 domini
2252 5926 2569 6009 Accursij.
2620 5926 2786 5989 Item
2833 5925 3175 6011 Digestum
3222 5925 3515 6009 Novum,
3565 5926 3732 6012 quod
3796 5935 3892 5990 est
3955 5927 4019 5990 in
4080 5927 4330 5992 duobus

699 6030 1132 6095 voluminibus
1180 6038 1244 6095 et
1290 6052 1435 6095 cum
1480 6031 1823 6116 Apparatu
1869 6032 2110 6095 domini
2156 6033 2473 6117 Accursij.
2521 6033 2689 6097 Item
2737 6033 3039 6097 Codicem
3086 6034 3259 6118 quod
3306 6041 3404 6097 est
3459 6034 3522 6097 in
3584 6034 3834 6097 duobus
3896 6035 4328 6099 voluminibus

701 6159 847 6201 cum
893 6138 1233 6223 Apparatu
1282 6137 1524 6201 domini
1569 6139 1888 6223 Accursij.
1923 6138 2090 6202 Item
2138 6139 2527 6223 Institutam,
2561 6147 2626 6205 et
2672 6148 2802 6204 tres
2851 6140 3049 6205 libros
3098 6141 3371 6223 Codicis,
3405 6141 3515 6226 qui
3546 6150 3694 6204 sunt
3728 6141 3790 6204 in
3823 6163 3951 6205 uno
3983 6142 4328 6206 volumine.

701 6243 871 6309 Item
920 6243 1185 6308 Sumam
1230 6245 1493 6309 Azouis.
1541 6246 1706 6310 Item
1754 6245 2101 6310 Lecturam
2149 6246 2422 6312 Codicis.
2471 6245 2637 6312 Item
2682 6248 3030 6312 Lecturam
3087 6248 3342 6334 Digesti
3387 6248 3678 6331 Veteris,
3726 6248 4070 6312 Lecturam
4116 6249 4327 6313 Infor-

864 6477 941 6542 (1)
984 6475 1087 6527 Sic.

1080 6686 1217 6724 1011.
1260 6688 1323 6724 11.
1498 6738 1503 6743 ⁴
4109 6682 4168 6730 ll
