5542 7775
1415 616 1563 687 142
2991 632 3470 683 monum-:nm

1404 795 1716 890 barone,
1777 793 2118 889 magister
2172 791 2502 866 Julianus
2577 792 2663 865 de
2720 791 3092 884 Preuntis,
3153 790 3491 886 medicus,
3551 788 3774 863 Fulco
3830 789 3917 862 de
3975 788 4449 885 Tencarariis,
4505 787 4773 862 Paulus
4829 790 5011 891 Masi,

1404 918 1746 992 Nicolaus
1794 919 1881 992 de
1918 917 2247 1014 Burellis,
2289 916 2630 990 Nicolaus
2669 917 2755 990 de
2793 916 3195 1012 Magnanis,
3236 915 3550 989 Jacobus
3597 914 3682 987 de
3721 914 4125 1010 Magnanis,
4184 912 4423 987 Guido
4477 922 4548 987 et
4603 914 4892 989 Nannes
4941 919 5014 993 (16

1403 1043 1784 1140 Scanellis,
1843 1042 2267 1118 Bunasellus
2323 1043 2410 1116 de
2465 1041 2906 1137 Bunasellis,
2965 1041 3390 1114 Franciscus
3445 1048 3517 1114 et
3575 1040 3890 1114 Jacobus
3943 1039 4418 1135 Mascaronis,
4477 1038 4792 1113 Thomas
4843 1041 5014 1117 Tan-

1402 1170 1635 1266 credi,
1696 1168 2071 1242 Thorellus
2135 1167 2223 1242 de
2299 1166 2689 1262 Thorellis,
2751 1165 3017 1240 Paulus
3092 1174 3164 1239 et
3237 1164 3579 1239 Nicolaus
3656 1164 3743 1237 de
3819 1164 4378 1260 Zambeccariis,
4453 1164 5011 1264 Bartholomeus,

1401 1294 1769 1369 Johannes
1825 1302 1898 1367 et
1952 1292 2174 1366 Fulco
2230 1293 2317 1365 de
2373 1291 2737 1389 Zapolin0,
2780 1292 3094 1364 Jacobus
3150 1299 3221 1364 et
3274 1289 3561 1363 Blasius
3615 1289 3703 1363 de
3741 1287 4044 1384 Unzola,
4085 1287 4633 1362 Bartholomeus
4672 1298 4746 1362 et
4779 1290 5014 1367 Petrus

1402 1421 1489 1494 de
1545 1421 1807 1494 Sancto
1862 1419 2207 1513 Alberto,
2248 1416 2516 1492 Paulus
2554 1416 2641 1490 de
2680 1415 3063 1512 Albirolis,
3108 1415 3570 1489 Benvenutus
3626 1415 3716 1488 de
3774 1413 4030 1510 Ticiis,
4088 1413 4426 1509 Jacobus,
4487 1414 4905 1489 Franciscus
4953 1428 5015 1492 et

1401 1546 1660 1620 Petrus
1716 1545 1804 1618 de
1860 1543 2289 1640 Manzolino,
2348 1542 2725 1616 Bertucius
2782 1542 2869 1614 de
2926 1541 3492 1636 Pavanensibus,
3553 1541 3868 1614 Jacobus
3924 1546 3996 1612 et
4051 1537 4439 1611 Berthinus
4495 1539 4582 1612 de
4638 1540 5012 1640 Angelinis,

1401 1671 1718 1746 Sandrus
1757 1670 1844 1744 de
1884 1670 2146 1744 Sancto
2185 1669 2426 1764 Petr0,
2460 1668 2721 1741 Bertus
2760 1667 2847 1740 de
2887 1665 3310 1761 Serravalle,
3343 1666 3660 1739 Jacobus
3700 1673 3772 1739 et
3809 1663 4196 1737 Pavolinus
4226 1663 4312 1736 de
4342 1662 4743 1761 Canonicis,
4777 1665 5017 1742 Paulus

1401 1805 1473 1870 et
1528 1798 1788 1870 Petrus
1844 1796 1931 1869 de
1987 1794 2397 1888 Octobonis,
2438 1794 2697 1866 Petrus
2753 1792 3048 1865 Rubeus
3103 1799 3175 1864 et
3213 1790 3553 1864 Nicolaus
3591 1791 3677 1863 de
3716 1788 4083 1885 Albirolis,
4126 1788 4439 1862 Thomas
4478 1790 4564 1862 de
4603 1790 5012 1889 Bagnarola,

1399 1921 1867 1995 Rombolinus
1922 1929 1994 1994 et
2050 1920 2315 1993 Corsus
2370 1919 2457 1992 de
2513 1916 2980 2012 Rombolinis,
3031 1916 3311 2012 Facius,
3351 1915 3665 1989 Berthus
3721 1923 3792 1988 et
3848 1913 4395 1988 Bartholomeus
4450 1914 4537 1987 de
4593 1914 5012 2013 Bonromeis,

1400 2047 1766 2122 Johannes
1823 2047 1909 2120 de
1965 2044 2432 2141 Baratheriis,
2491 2043 2916 2116 Franciscus
2963 2042 3050 2115 de
3106 2040 3621 2137 MezavillaniS,
3684 2041 3925 2114 Simon
3982 2040 4069 2112 de
4128 2040 4604 2138 Spcrzonatis.

1610 2261 2145 2359 Archiepiscopo
2203 2258 2731 2331 mediolanensi.

1616 2386 1818 2477 Quod
1878 2385 2321 2483 praedictum
2379 2405 2789 2480 processum
2847 2379 3160 2477 publicet
3215 2379 3286 2452 in
3345 2379 3634 2453 civitate
3691 2378 4102 2452 Mediolani.
4163 2378 4430 2451 Datum
4471 2388 4810 2477 utsupra
4854 2380 5013 2475 (IV.

1397 2535 1622 2586 nonas
1678 2510 2009 2607 ianuarii,
2067 2533 2254 2583 anno
2312 2505 2595 2601 111.<¹))

1620 2725 2149 2823 Archiepiscopo
2206 2722 2606 2796 Ravennae.

1602 2851 1711 2924 De
1769 2851 2019 2924 eadem
2073 2874 2149 2922 re
2209 2856 2280 2920 et
2336 2849 2466 2921 sub
2524 2848 2775 2920 eadem
2831 2846 3003 2920 data
3026 2843 3131 2920 (2).

1601 3064 2013 3137 Florentino
2067 3069 2129 3136 et
2188 3062 2506 3135 imolensi
2560 3062 2891 3159 episcopis
2946 3066 3007 3133 et
3064 3060 3343 3133 Hectori
3388 3062 3752 3158 provincie
3811 3059 4346 3133 Romandiolae.

1603 3190 1806 3280 Quod
1866 3212 2273 3286 processum
2330 3187 2775 3284 praedictum
2830 3186 2902 3260 in
2958 3186 3103 3259 suis
3139 3185 3579 3259 dioecesibus
3618 3193 3691 3258 et
3731 3185 4096 3281 provincia
4136 3184 4520 3281 publicent,
4563 3194 4634 3259 et
4674 3195 5014 3282 quatenus

1386 3341 1632 3390 secure
1689 3314 2076 3412 publicatio
2133 3314 2454 3411 ejusdem
2509 3312 2662 3386 fieri
2717 3320 3027 3408 nequeat
3083 3311 3155 3384 in
3211 3311 3503 3384 civitate
3572 3310 3978 3406 Bononiae,
4039 3310 4108 3382 in
4181 3311 4639 3384 vicinioribus
4714 3311 4889 3385 locis
4956 3311 5018 3384 id

1384 3450 1666 3537 agatur,
1712 3441 2040 3538 quodque
2096 3439 2388 3512 tandem
2458 3438 2972 3535 possessionem
3030 3437 3363 3532 civitatis,
3424 3436 3803 3509 comitatus
3859 3443 3932 3509 et
3987 3435 4351 3509 districtus
4406 3437 4864 3510 bononiensis
4916 3461 5017 3510 re-

1385 3567 1651 3665 cipiant
1707 3566 1991 3639 nomine
2047 3563 2410 3637 Ecclesiae
2469 3587 2804 3636 romanae
2863 3570 3175 3635 teneant.
3235 3562 3506 3635 Datum
3564 3570 3644 3635 ut
3700 3585 3915 3658 supra
3946 3558 4048 3636 (³).

1607 3796 2002 3895 Communi,
2082 3796 2538 3870 Universitati
2595 3801 2657 3867 et
2720 3794 2983 3894 Populo
3037 3796 3343 3867 civitatis
3397 3800 3674 3867 nostrae
3732 3792 4196 3868 bononiensis.

1598 3924 1865 3999 Paulus
1922 3925 2009 3997 de
2066 3922 2435 4016 Liazariis,
2496 3922 2945 3995 decretorum
3000 3920 3361 4017 magister,
3403 3918 3945 4015 Machagnanu's
4001 3919 4089 3992 de
4145 3920 4579 4016 Azzoguidis
4636 3930 4708 3994 et
4772 3924 5020 3996 Petrus

1380 4051 1468 4124 de
1525 4050 1953 4148 Bompetris‚
2015 4048 2254 4140 legum
2311 4048 2661 4142 doctores,
2722 4055 3042 4120 oratores
3097 4054 3168 4120 et
3224 4045 3464 4119 nuncii
3537 4053 3754 4142 atque
3822 4044 4148 4119 concives
4204 4045 4606 4142 Bononiae,
4667 4072 4818 4122 una
4872 4073 5020 4121 cum

1382 4176 1710 4250 Rolando
1763 4175 2120 4272 quondam
2160 4172 2510 4246 Johannis
2566 4171 2653 4244 de
2710 4171 3074 4266 Fantucis,
3117 4172 3434 4269 syndicO,
3476 4179 3936 4269 procuratore
3976 4179 4049 4243 et
4083 4171 4340 4244 nuncio
4378 4172 4667 4269 speciali
4708 4174 5021 4270 ejusdem

1380 4301 1714 4397 civitatis,
1757 4298 2111 4398 supplices
2169 4306 2240 4371 et
2299 4296 2727 4371 humillimas
2765 4296 2837 4368 in
2876 4296 3157 4394 publico
3207 4296 3622 4370 consistorio
3661 4295 3944 4369 domino
3985 4295 4226 4394 Papae
4265 4307 4747 4394 porrexerunt
4786 4322 5022 4396 preces

1380 4451 1510 4526 pro
1566 4424 2016 4523 impetranda
2071 4424 2281 4497 venia
2339 4423 2651 4496 criminis
2720 4421 2953 4495 laesae
3027 4421 3423 4518 majestatis
3501 4446 3544 4494 a
3599 4421 4164 4494 Bononiensibus
4239 4429 4487 4495 contra
4561 4423 5020 4521 apostolicam

1377 4552 1633 4626 Sedem
1690 4549 1902 4650 paulo
1959 4557 2126 4623 ante
2186 4548 2562 4622 commissi.
2622 4547 3098 4646 Quapropter,
3141 4545 3527 4643 recognitis
3582 4547 3779 4643 prius
3835 4546 4036 4642 actis,
4079 4547 4322 4643 gestis,
4364 4549 4760 4646 promissis,
4803 4550 5019 4648 pactis

1375 4687 1446 4753 et
1502 4678 1712 4751 factis
1769 4677 1860 4750 ab
1916 4674 2167 4748 iisdem
2226 4673 2652 4771 supradictis
2708 4674 3140 4770 oratoribus,
3201 4696 3518 4745 summus
3575 4671 3914 4745 Pontifex
3970 4671 4061 4744 ad
4117 4681 4538 4770 perpetuam
4593 4675 4698 4746 rei
4760 4700 5020 4749 memo-

1372 4804 1554 4878 riam
1611 4802 1959 4899 quasdam
2015 4799 2442 4900 apostolicas
2499 4798 2742 4872 literas
2800 4823 2892 4871 ex
2947 4798 3386 4894 benignitate
3443 4806 3516 4870 et
3571 4797 3886 4893 ingenita
3945 4796 4428 4871 misericordia
4501 4808 4573 4872 et
4645 4799 5022 4875 clementia

1374 4929 1768 5024 concessit,
1829 4951 2132 5024 quarum
2189 4924 2401 5024 plena
2457 4924 2785 4997 executio
2842 4947 2930 4997 ne
2988 4924 3059 4996 in
3114 4922 3407 5022 ancipiti
3463 4929 3905 5018 remaneret,
3966 4923 4250 4995 eosdem
4306 4931 4625 4996 oratores
4681 4927 5021 5000 certiores

1374 5055 1569 5151 fecit,
1630 5078 1760 5152 pro
1816 5052 2273 5149 implemento
2331 5050 2813 5123 conditionum
2869 5050 2960 5122 ab
3017 5047 3283 5122 eisdem
3339 5047 3887 5120 Communitatis
3937 5047 4218 5120 nomine
4276 5048 4828 5148 promissarum,
4889 5052 5021 5124 Bo-

1371 5181 1660 5255 noniam
1718 5178 2095 5252 missurum
2156 5177 2579 5273 magistrum
2636 5174 3043 5270 Guigonem
3098 5173 3185 5248 de
3243 5174 3505 5248 Sancto
3563 5172 3949 5269 Germano,
4000 5174 4388 5270 notarium,
4449 5183 4522 5248 et
4586 5177 5022 5274 apostolicae

1373 5305 1575 5380 Sedis
1633 5304 1994 5399 nuncium,
2036 5326 2277 5375 coram
2333 5326 2471 5398 quo
2529 5324 2772 5374 omnes
2828 5298 3321 5396 adimplendae
3378 5307 3587 5371 erunt
3644 5298 4082 5371 conditiones
4138 5307 4209 5372 et
4267 5300 4612 5397 promissa
4667 5311 4894 5398 pacta
4946 5326 5022 5376 ac

1372 5432 1462 5504 ab
1522 5429 1642 5502 illo
1701 5428 1958 5503 deinde
2015 5426 2386 5522 honorum,
2432 5426 2861 5521 dignitatum
2917 5433 2987 5498 et
3042 5423 3505 5498 absolutionis
3562 5423 3946 5497 obtinenda
3983 5423 4470 5520 reintegratio.
4510 5424 4791 5499 Datum
4833 5428 5023 5500 Ave-

1371 5556 1605 5651 nione,
1665 5554 1974 5628 secundo
2032 5553 2189 5625 idus
2247 5552 2579 5645 octobriS,
2639 5574 2826 5623 anno
2884 5557 3139 5646 quarto
3170 5547 3272 5622 (4).

1584 5788 1934 5885 Maqistro
2013 5786 2328 5882 Guiyoni
2398 5786 2482 5858 cle
2544 5785 2799 5858 Sancto
2863 5787 3255 5880 Germane,
3314 5787 3590 5858 notario
3663 5791 3894 5856 nostro
3913 5842 3934 5879 ,
3990 5785 4403 5881 apostolicae
4462 5783 4669 5857 Sedis
4737 5788 5017 5858 nuncio,

1582 5914 1669 5987 In
1727 5912 1862 5986 hac
1919 5910 2219 6009 epistola
2276 5910 2600 5984 Nuncius
2655 5909 2734 5983 fit
2784 5910 3043 5983 certior
3079 5910 3267 5983 inter
3305 5919 3590 5984 caetera
3627 5908 3999 6009 privilegia
4036 5909 4602 5983 Bononiensibus
4653 5935 5018 6006 concessa,

1367 6040 1672 6115 alterum
1731 6039 2005 6112 versari
2060 6038 2133 6111 in
2190 6062 2274 6110 eo
2325 6037 2513 6133 quod
2569 6037 2782 6109 iidem
2837 6036 3323 6109 Bononienses
3360 6037 3434 6108 in
3471 6036 3938 6132 Potestatem,
3981 6034 4476 6133 Capitaneum,
4518 6034 5019 6131 Defensorem,

1529 6399 1608 6464 (1)
1646 6396 1926 6462 Ronconi,
1965 6413 2053 6466 op.
2092 6396 2186 6448 cit.
2212 6434 2226 6461 ‚
2264 6396 2369 6448 vol.
2408 6395 2487 6462 1.‚
2526 6411 2573 6448 c.
2615 6398 2716 6447 239
2757 6413 2801 6447 r.
3412 6394 3489 6458 (3)
3528 6392 3657 6445 Loc.
3697 6393 3818 6458 cit„
3857 6409 3905 6445 o.
3945 6394 4047 6445 239
4087 6410 4138 6444 v.

1529 6489 1608 6554 (2)
1645 6487 1775 6539 Loc.
1815 6488 1940 6552 cit.,
1981 6502 2027 6538 c.
2069 6488 2171 6539 239
2211 6504 2255 6538 r.
3412 6485 3490 6549 (4)
3529 6482 3659 6537 Loc.
3698 6482 3820 6547 cit„
3859 6498 3906 6535 c.
3946 6485 4048 6535 239
4089 6500 4139 6535 ν.
4179 6499 4209 6535 6
4248 6485 4352 6535 240
4390 6501 4432 6535 r.
