5542 7775
2182 667 2571 717 APPENDIX
2625 667 2932 718 ALTERA

722 831 916 905 raret,
947 824 1178 909 sitique
1211 832 1506 909 preterea
1540 823 1918 909 inexpiabili
1951 829 2264 905 ureretur,
2292 828 2493 886 strato

721 931 993 1017 hospitis
1043 952 1337 1016 surgens,
1380 952 1450 994 os
1498 931 1564 994 in
1614 951 1749 1012 vas,
1785 952 1910 1016 quo
1960 951 2130 1016 aqua
2175 930 2493 1013 hauritur,

722 1039 1005 1122 immisit,
1041 1040 1301 1102 situlam
1335 1038 1639 1124 vulgares
1681 1039 2033 1124 appellant,
2068 1060 2143 1102 eo
2193 1037 2360 1123 quod
2410 1038 2494 1101 si·

722 1147 837 1209 tim
885 1147 1075 1227 levet,
1112 1167 1431 1231 maneque
1473 1147 1666 1228 facto,
1700 1153 1994 1232 repertus
2026 1155 2125 1209 est
2155 1146 2395 1209 inserto
2429 1144 2495 1208 in

721 1254 981 1317 situlam
1030 1255 1239 1339 capite
1293 1255 1573 1317 animam
1614 1254 1977 1318 exhalasse.
2013 1253 2264 1317 Occasu
2297 1253 2496 1338 igitur

721 1362 913 1449 periit
960 1361 1249 1447 profecto
1298 1369 1479 1425 tanto
1531 1360 1669 1425 viro
1719 1361 2184 1445 indignissimo,
2229 1381 2357 1424 non
2405 1367 2496 1423 ta-

720 1490 866 1533 men
916 1469 1053 1532 sine
1080 1516 1276 1533 .....
1315 1468 1477 1531 Cum
1525 1467 1629 1532 hic
1670 1474 1935 1554 propter
1967 1489 2065 1551 ea,
2100 1488 2223 1552 que
2256 1466 2496 1553 scripta

717 1574 784 1638 in
827 1576 974 1659 jure
1025 1574 1411 1659 reliquerat,
1462 1575 1527 1637 in
1589 1575 1902 1638 honorem
1947 1573 2270 1638 Bonifacii
2315 1572 2494 1637 Juris

722 1681 1031 1746 Canonici
1079 1681 1340 1766 regulas
1382 1688 1899 1763 commentasset,
1934 1680 2303 1766 exemplum
2335 1702 2491 1745 sane

716 1789 1130 1853 utilissimum
1180 1796 1277 1852 est
1325 1788 1678 1852 clarissime
1727 1788 1990 1852 scientie
2036 1789 2214 1869 viris,
2248 1795 2319 1851 ut
2357 1788 2489 1852 suis

716 1898 1034 1961 contentis
1081 1897 1346 1960 secretis
1394 1903 1498 1961 etc.

840 2112 996 2197 Cap.
1045 2111 1204 2176 XII.
1253 2110 1353 2175 De
1403 2110 1691 2175 Tadde0.

769 2274 869 2338 De
918 2274 1181 2339 Taddeo
1229 2273 1476 2360 phisico
1527 2274 1765 2359 insigni
1813 2280 1877 2337 ct
1925 2279 2428 2338 commentatore

1058 2382 1406 2446 multorum
1450 2381 1765 2446 librorum
1812 2381 2147 2445 medicine.

836 2544 1349 2608 Commemoravi
1394 2544 1803 2625 florentinos,
1855 2564 2013 2629 quos
2061 2543 2314 2628 Legum
2362 2541 2484 2607 Ca-

711 2673 1079 2737 nonumque
1126 2651 1360 2738 peritia
1406 2651 1562 2716 fecit
1595 2652 1901 2715 illustres.
1938 2650 2248 2736 Superest
2278 2658 2351 2714 ut
2382 2672 2481 2714 re-

712 2758 955 2840 feram,
1007 2760 1116 2844 qui
1179 2781 1261 2821 ex
1318 2758 1583 2844 reliquis
1632 2759 1866 2823 nostris
1917 2758 2228 2822 medicine
2277 2765 2483 2821 artem

711 2867 962 2931 curioso
1010 2866 1181 2929 fame
1215 2866 1429 2929 sonitu
1460 2864 1721 2929 fuerunt
1755 2866 2054 2929 assecuti.
2088 2865 2268 2929 Inter
2300 2886 2479 2951 quos,

712 2975 822 3058 qui
870 2980 1089 3037 nostra
1131 2972 1442 3036 memoria
1472 2972 1703 3038 haberi
1731 2974 1998 3059 possint,
2035 2973 2277 3058 primus
2310 2971 2481 3036 Tad-

711 3081 868 3145 deus
915 3081 1221 3167 physicus
1269 3080 1623 3143 maximum
1679 3080 1955 3145 obtinuit
2011 3081 2479 3166 principatum,

708 3190 978 3274 ejusque
1026 3189 1291 3252 scientie
1337 3188 1622 3274 palmam
1670 3189 2042 3273 promeruit.
2092 3187 2220 3251 Hic
2254 3187 2480 3250 obscu-

708 3296 796 3359 ris
844 3295 1221 3381 parentibus
1276 3295 1606 3359 Florentie
1670 3303 1858 3359 natus
1920 3302 2051 3377 est,
2100 3295 2241 3358 loco
2305 3294 2480 3358 haud

706 3404 980 3466 multum
1029 3403 1292 3466 distanti
1342 3424 1380 3466 a
1427 3402 1631 3466 veteri
1679 3403 1898 3489 platea
1957 3401 2476 3484 Predicatorum,

708 3531 1040 3596 annosque
1087 3511 1362 3596 pueritie
1410 3517 1474 3574 et
1522 3509 1954 3574 adolescentie
1994 3532 2108 3573 sue
2141 3510 2378 3594 segnis,
2413 3516 2478 3572 et

707 3619 892 3703 quasi
938 3618 1153 3681 animo
1203 3623 1614 3682 consternato
1655 3617 1910 3701 abjecte
1943 3617 2253 3698 exercuit,
2287 3625 2351 3681 et
2383 3615 2477 3680 vi-

705 3726 966 3789 lissimis
1014 3724 1267 3789 deditus
1316 3726 1720 3807 ministeriis,
1771 3732 2130 3811 questuque
2177 3723 2475 3808 ignobili,

708 3832 818 3897 diu
865 3834 1346 3920 pauperrimam
1385 3834 1587 3898 vitam
1629 3832 2118 3919 squalidamque
2151 3832 2476 3919 produxit.

706 3941 996 4027 Cumque
1037 3943 1175 4025 jam
1225 3943 1288 4004 in
1337 3941 1473 4005 dies
1522 3942 1892 4005 maturisset
1939 3962 2089 4006 suos
2136 3948 2201 4005 et
2248 3940 2328 4004 ad
2364 3962 2476 4004 an-

706 4071 858 4112 num
908 4071 1109 4134 usque
1165 4049 1568 4134 trigesimum
1614 4049 1955 4113 tenebroso
2004 4048 2326 4134 oppilatus
2376 4070 2477 4113 ce·

705 4156 892 4221 rebro
924 4156 1342 4242 pervenisset,
1379 4177 1582 4241 eoque
1617 4156 1872 4220 interim
1904 4157 2091 4242 quasi
2129 4156 2476 4242 consopitis

704 4265 999 4329 sensibus
1045 4264 1325 4347 vigilans
1373 4264 1783 4346 dormitaret,
1832 4270 1898 4328 et
1942 4263 2008 4327 in
2056 4263 2220 4327 atrio
2269 4263 2475 4328 sancti

703 4372 1041 4437 Michaelis
1104 4373 1169 4434 in
1235 4370 1395 4436 Orto
1444 4371 1906 4434 minutissimas
1969 4371 2307 4454 candelas,
2357 4372 2474 4434 im-

702 4485 976 4566 portune
1025 4500 1093 4542 se
1142 4478 1538 4564 emptoribus
1582 4478 1906 4563 ingerens,
1956 4476 2353 4560 venditaret,
2402 4486 2476 4542 ut

702 4586 851 4651 inde
899 4586 1332 4650 miserabilem
1381 4586 1586 4649 aleret
1631 4585 1868 4667 vitam3
1917 4585 2164 4649 exactis
2209 4584 2472 4649 tandem

702 4694 888 4757 annis
922 4695 1209 4778 triginta,
1245 4692 1614 4779 grossisque
1647 4692 2042 4779 consumptis
2073 4693 2471 4776 humoribus,

707 4822 868 4886 quos
914 4801 1230 4864 medicine
1278 4799 1468 4886 periti
1514 4800 1741 4864 volunt
1788 4800 2042 4885 pigram
2089 4808 2310 4864 tenere
2357 4821 2471 4864 na-

703 4914 916 4971 turam
962 4907 1302 4993 animeque
1352 4908 1758 4993 operationes
1806 4907 2142 4993 ipsamque
2191 4908 2471 4993 comple-

703 5015 1002 5097 xionem,
1053 5036 1176 5099 que
1224 5016 1719 5078 instrumentum
1767 5015 1909 5097 ejus
1965 5024 2063 5078 est
2123 5015 2469 5100 impedire,

703 5121 833 5208 qui,
884 5127 1270 5207 cooperante
1320 5127 1571 5203 natura,
1612 5121 1679 5184 in
1726 5128 2013 5206 tempore
2061 5121 2473 5185 resolvuntur

702 5229 1040 5314 ipsumque
1120 5227 1443 5291 hominem
1511 5249 1628 5293 suo
1697 5227 2052 5291 intellectui
2124 5228 2472 5293 restituunt

704 5343 1056 5422 aptumque
1104 5335 1381 5400 reddunt
1428 5335 1891 5422 complexionis
1946 5335 2466 5419 instrumentum,

701 5445 797 5507 uti
845 5450 986 5507 erat
1030 5444 1351 5529 ineptum;
1401 5442 1705 5507 Taddeus
1752 5443 1937 5528 quasi
1970 5442 2136 5506 alter
2167 5449 2230 5507 et
2264 5464 2470 5507 novus

701 5551 894 5616 homo
957 5559 1371 5636 experrectus
1435 5572 1693 5632 somno,
1742 5559 1806 5614 et
1862 5551 2047 5636 quasi
2093 5550 2171 5613 de
2219 5550 2470 5636 perdito

700 5665 1100 5722 restauratus
1133 5659 1413 5744 ingenio,
1443 5658 1766 5744 querende
1793 5658 2057 5722 scientie
2092 5659 2261 5744 cepit
2293 5679 2470 5723 amo-

701 5787 771 5830 re
816 5766 1130 5850 flagrare;
1166 5773 1231 5829 et
1278 5766 1461 5851 quasi
1494 5774 1757 5829 renatus
1789 5787 1949 5851 puer
1982 5765 2064 5828 ad
2097 5764 2471 5829 discendum

700 5873 909 5959 prima
941 5872 1261 5936 elementa
1295 5893 1567 5958 propere
1601 5872 1949 5936 festinavit.
1987 5872 2469 5936 Grammaticen

701 5979 932 6044 deinde
981 5980 1162 6044 brevi
1209 5987 1498 6066 tempore
1561 5979 1734 6043 felici
1800 6001 1954 6043 usus
1981 6028 2172 6044 .....
2224 5979 2467 6045 didicit.

697 6086 914 6152 Parvo
964 6085 1194 6150 deinde
1243 6087 1492 6171 quesite
1533 6087 1769 6150 viatico
1800 6086 2163 6150 Bononiam
2194 6086 2466 6173 appulit,

699 6193 813 6259 ubi
859 6214 1068 6279 egena
1114 6200 1453 6257 contentus
1500 6193 1636 6257 vita
1683 6194 1820 6257 sine
1868 6193 2338 6258 intermissione
2370 6215 2470 6258 se-

700 6300 891 6366 dulus
939 6300 1152 6365 studio
1199 6301 1564 6365 liberalium
1605 6300 1842 6365 artium
1889 6302 2221 6387 omnisque
2262 6301 2470 6388 philo·

826 6534 904 6601 (1)
945 6533 1051 6586 sic.

4234 647 4388 718 295

2623 822 2848 908 sophie
2897 844 3012 908 per
3057 821 3225 886 diem
3273 830 3468 908 atque
3516 828 3768 886 noctem
3800 823 4077 904 vacavit,
4109 828 4393 909 tempus·

2624 951 2748 1015 que
2811 930 2981 1016 quod
3043 952 3160 1016 per
3228 931 3467 993 malam
3528 929 4042 1016 complexionem
4089 930 4393 995 amiserat

2622 1060 3006 1124 recuperare
3055 1040 3265 1103 studio
3314 1046 3378 1102 et
3419 1038 3755 1125 diligentia
3786 1039 4187 1125 permaxima
4219 1048 4389 1103 sata-

2622 1146 2840 1231 gebat,
2877 1148 2965 1210 ita
3015 1156 3086 1211 ut
3133 1148 3287 1210 hore
3335 1153 3730 1210 momentum
3769 1146 4091 1232 perditum
4137 1147 4215 1210 iri
4262 1168 4390 1211 non

2623 1254 2883 1337 sineret,
2917 1262 3249 1341 totumque
3297 1276 3365 1319 se
3411 1255 3476 1318 in
3510 1254 3863 1340 disciplinis
3896 1255 4229 1318 concessit.
4263 1254 4389 1319 Po·

2623 1369 2860 1424 stremo
2909 1362 3154 1426 studuit
3199 1361 3516 1426 Medicine
3564 1368 3631 1426 et
3676 1383 3798 1447 que
3847 1362 3929 1425 ad
3962 1383 4216 1426 onlnem
4248 1364 4390 1447 ejus

2621 1470 2887 1533 scientie
2935 1479 3185 1556 partem
3240 1470 3638 1556 pertinerent
3699 1471 4178 1535 accuratissime
4242 1493 4388 1557 per-

2622 1583 2966 1660 scrutatus,
2993 1578 3499 1641 solemnissimus
3528 1577 3684 1640 artis
3713 1575 3954 1641 Doctor
3979 1577 4244 1642 effectus
4269 1586 4386 1663 est,

2620 1685 3063 1769 susceptisque
3110 1706 3196 1748 ex
3241 1683 3502 1769 publico
3552 1683 3827 1767 salariiS,
3861 1684 4246 1749 medicinam
4279 1686 4389 1749 diu

2615 1789 2910 1854 Bononie
2958 1791 3174 1855 docuit
3220 1797 3284 1854 et
3330 1790 3809 1855 accuratissime
3849 1791 4249 1877 practicavit.
4281 1792 4387 1857 Ex

2615 1898 2840 1983 primis
2887 1898 3201 1984 siquidem
3253 1897 3704 1962 modernorum
3752 1898 3893 1980 fuit,
3929 1900 4038 1984 qui
4086 1899 4242 1963 artis
4290 1921 4386 1965 se·

2615 2005 2973 2070 cretissima
3005 2006 3124 2069 sub
3151 2012 3486 2069 auctorum
3511 2004 3697 2070 dictis
3731 2007 4001 2070 latentia
4036 2009 4382 2093 aperuerit,

2615 2119 2809 2198 atque
2857 2114 3332 2195 monstraverit,
3381 2134 3739 2198 agrumque
3765 2162 3780 2177 .
3811 2162 3826 2176 .
3856 2161 3870 2176 .
3900 2162 3914 2177 .
3960 2120 4023 2177 et
4071 2115 4382 2180 incultum

2613 2220 2923 2284 sulcando
2971 2220 3205 2284 futuris
3263 2221 3608 2284 feminibus
3669 2221 3925 2307 optimis
3989 2223 4381 2308 preparavit.

2611 2327 2741 2393 Hic
2790 2350 3176 2414 quamquam
3229 2328 3599 2393 adventitiis
3646 2329 3877 2414 spretis
3925 2328 4141 2411 lucris,
4177 2330 4382 2414 glorie

2611 2435 2883 2521 cupidus
2952 2443 3017 2501 et
3083 2435 3384 2518 honoris,
3434 2435 3941 2499 commentandis
4014 2437 4383 2502 auctoribus

2612 2542 2928 2607 medicine
2978 2564 3242 2630 operam
3289 2543 3639 2626 concessit3
3675 2565 3802 2629 qua
3850 2545 3914 2607 in
3957 2565 4025 2608 re
4060 2551 4236 2608 tante
4270 2567 4383 2610 au-

2611 2651 2927 2714 ctoritatis
2975 2650 3172 2714 fuisse
3221 2651 3496 2714 relatum
3543 2658 3660 2732 est,
3702 2658 3773 2714 ut
3821 2672 3943 2737 que
3985 2673 4101 2737 pro
4149 2652 4381 2737 glossis

2609 2758 2951 2822 ordinariis
2998 2757 3410 2841 haberentur,
3459 2780 3584 2844 que
3633 2759 3917 2844 operosis
3966 2760 4280 2825 medicine
4302 2762 4380 2825 (1)

2607 2866 3044 2930 voluminibus
3091 2867 3385 2952 apposite
3433 2865 3650 2949 fuere,
3700 2873 3878 2930 tante
3939 2867 4004 2930 in
4066 2889 4144 2930 ea
4191 2867 4378 2932 disci-

2607 2973 2788 3059 plina
2834 2973 3293 3059 reputationis,
3343 2981 3581 3057 quante
3637 2974 3702 3036 in
3767 2973 4019 3057 legibus
4082 2975 4379 3040 civilibus

2606 3081 2926 3163 Accursii,
2972 3081 3074 3144 cui
3121 3089 3184 3143 et
3231 3079 3368 3166 ipse
3416 3088 3993 3166 contemporaneus
4040 3081 4180 3145 fuit.
4229 3083 4377 3148 Duo

2608 3188 2926 3273 siquidem
2974 3189 3252 3252 civitatis
3299 3195 3515 3252 nostre
3563 3188 3816 3274 sydera,
3851 3210 3975 3272 que
4008 3187 4169 3253 duas
4212 3189 4378 3255 inter

2611 3296 2895 3380 reliquas
2929 3295 3230 3360 celsiores
3261 3296 3680 3381 utilioresque
3714 3294 3796 3359 ad
3829 3296 4381 3360 conservationem

2605 3403 2887 3466 humane
2938 3409 3166 3467 nature
3214 3411 3420 3485 artes,
3470 3410 3608 3467 tum
3654 3402 3717 3465 in
3766 3402 4052 3466 maxima
4098 3404 4376 3489 caligine

2606 3509 2997 3593 laborantes,
3026 3509 3215 3575 facile
3249 3510 3591 3575 redderent
3622 3517 3687 3574 et
3718 3519 3998 3597 apertas.
4023 3511 4152 3575 Hic
4186 3511 4375 3577 homo

2606 3638 2751 3680 cum
2783 3639 2981 3702 penes
3023 3618 3211 3681 italos
3245 3617 3430 3703 quasi
3476 3618 3642 3681 alter
3671 3618 3965 3704 Ypocras
4007 3618 4374 3703 haberetur,

2605 3726 3053 3811 egrotantibus
3123 3748 3238 3812 per
3305 3727 3563 3791 Italiam
3634 3727 4022 3811 ubicumque
4101 3727 4375 3792 dominis

2603 3833 3072 3920 temporalibus
3121 3833 3554 3921 divitibusque
3604 3832 3686 3898 ad
3734 3855 3955 3898 curam
3993 3836 4375 3901 enormitate

2605 3943 2827 4006 salarii
2876 3942 3249 4007 vocabatur.
3298 3942 3587 4028 Cumque
3645 3964 3760 4028 per
3805 3941 3943 4005 dies
3999 3964 4148 4006 suos
4203 3966 4375 4008 sum·

2604 4072 2746 4114 mus
2794 4049 3102 4113 Pontifex
3150 4050 3213 4112 in
3261 4050 3556 4114 morbum
3600 4071 3766 4136 pene
3814 4049 4076 4114 letalem
4116 4051 4373 4116 incidis-

2605 4166 2723 4240 set,
2763 4164 2830 4221 et
2875 4157 3209 4221 Taddeum
3258 4157 3341 4220 ad
3388 4158 3528 4240 ejus
3577 4178 3801 4220 curam
3847 4158 4147 4221 accersiri
4195 4180 4374 4223 man·

2603 4264 2841 4346 dasset‚
2874 4264 3082 4351 deque
3115 4265 3344 4328 diurno
3378 4265 3615 4329 salario
3658 4265 3917 4330 minime
3949 4287 4066 4352 per
4097 4267 4374 4332 arbitros

2600 4372 2993 4454 conveniret,
3021 4371 3286 4436 Taddeo
3319 4393 3435 4458 per
3467 4372 3636 4435 diem
3669 4380 3927 4436 centum
3960 4394 4189 4438 aureos
4223 4395 4368 4459 pcr-

2598 4480 2902 4543 tinaciter
2947 4479 3351 4565 postulante,
3399 4479 3593 4565 idque
3652 4479 3962 4543 Pontifex
4008 4480 4371 4563 miraretur,

2601 4587 2917 4652 concessit
2977 4587 3238 4651 tandem
3300 4587 3364 4650 in
3432 4594 3653 4651 votum
3719 4587 4002 4671 Taddei,
4054 4588 4371 4654 desiderio

2599 4694 2934 4777 sanitatis;
2984 4715 3257 4780 cumque
3305 4694 3388 4757 ad
3435 4694 3646 4780 ipsum
3694 4693 3996 4758 Taddeus
4043 4696 4372 4781 pervenis-

2600 4808 2718 4885 set,
2754 4802 2848 4865 illi
2881 4801 3066 4887 Papa
3098 4802 3268 4887 cepit
3309 4801 3614 4865 duritiam
3652 4808 3717 4865 et
3764 4802 4104 4865 avaritiam
4152 4802 4369 4867 mode·

2600 4909 2878 4973 stissime
2912 4907 3329 4994 exprobrare,
3365 4909 3468 4972 cui
3500 4908 3607 4971 ille
3641 4908 3840 4971 animi
3879 4916 4207 4995 stuporem
4253 4909 4371 4973 fin-

2599 5038 2781 5102 gens,
2831 5015 3047 5098 miror,
3091 5015 3319 5101 inquit,
3353 5037 3499 5079 cum
3545 5015 3690 5078 aliis
3737 5022 4120 5100 prevocatus
4169 5015 4370 5081 domi-

2600 5123 2699 5187 nis
2745 5130 2810 5187 et
2850 5122 3143 5207 tyrannis
3175 5122 3555 5208 plerumque
3587 5143 3705 5208 per
3737 5122 3907 5186 diem
3939 5121 4152 5187 aureis
4186 5124 4370 5209 quin-

2599 5230 2934 5316 quaginta,
2982 5229 3087 5293 vel
3135 5229 3429 5315 pluribus
3477 5229 3753 5293 donatus
3807 5229 4080 5313 fuerim3
4128 5235 4199 5293 tu
4261 5231 4373 5316 qui

2596 5337 3094 5403 christianorum
3126 5337 3447 5400 maximus
3480 5358 3548 5400 es
3582 5336 3878 5400 dominus
3911 5343 4170 5401 centum
4204 5359 4369 5402 mer-

2598 5444 2805 5509 cando
2832 5444 2910 5510 (2)
2935 5445 3298 5529 negaveris,
3331 5444 3599 5531 pulchre
3647 5465 3802 5508 sane
3836 5452 3901 5508 et
3932 5445 4218 5509 modeste
4267 5467 4369 5510 ar-

2598 5574 2806 5638 guens
2839 5553 3182 5616 avaritiam
3214 5552 3273 5616 cl
3279 5600 3556 5616 ......
3603 5552 4005 5637 Factumque
4054 5552 4202 5616 inde
4250 5560 4368 5636 est,

2598 5667 2671 5723 ut
2716 5666 2780 5723 et
2842 5660 3106 5723 sanitati
3169 5659 3455 5724 redditus
3514 5681 3800 5723 summus
3845 5660 4183 5743 Pontifex,
4232 5661 4367 5725 sive

2598 5788 2751 5832 cure
2799 5767 3050 5849 merito,
3098 5767 3233 5831 sive
3279 5766 3618 5853 purgande
3665 5766 4048 5853 suspicionis
4095 5767 4367 5832 avaritie

2597 5875 2855 5956 intuitu,
2889 5873 3191 5939 Taddeus
3236 5874 3459 5939 decem
3508 5874 3790 5938 millibus
3838 5875 4052 5939 aureis
4095 5874 4366 5939 donare·

2595 5990 2721 6064 tur,
2756 6004 2917 6068 quos
2965 6003 3186 6045 omnes
3233 5982 3334 6045 vir
3381 5988 3601 6046 sancte
3640 5982 3792 6064 vite,
3828 6003 3970 6045 cum
4004 5981 4366 6046 Bononiam

2595 6090 2989 6176 repedasset,
3024 6090 3090 6153 in
3136 6090 3676 6153 constructionem
3716 6089 4134 6175 hospitalium
4167 6096 4232 6154 et
4263 6111 4366 6154 ce-

2595 6198 2936 6262 nobiorum
2983 6197 3269 6283 piissime
3330 6197 3677 6282 errogavit.
3723 6196 3854 6261 Hic
3913 6198 4366 6282 octogenarius

2595 6304 2891 6369 Bononie
2962 6312 3252 6368 mortuus
3316 6311 3415 6367 est
3475 6310 3541 6368 et
3600 6304 3911 6389 sepultus.
3961 6303 4366 6368 Admirabile

2722 6537 2802 6602 (2)
2842 6538 2930 6587 An
2967 6551 3050 6586 me
3084 6536 3418 6587 revocando?
