5542 7775
1253 627 1402 698 258
2101 660 2105 665 ·
2831 647 3311 698 MONUMENTA

1248 802 1614 867 hominibus
1661 802 1942 867 scribere
1993 802 2467 867 mandantibus.
2500 806 2605 877 (ζ’
2635 802 3079 867 Interfuerunt
3126 803 3421 868 dominus
3482 803 3807 868 Heni-icus
3852 804 4144 869 Bononie
4193 804 4587 892 Episcopus,
4638 807 4886 872 donnus

1246 909 1467 975 Judex
1512 910 2013 996 archipresbiter
2059 910 2264 974 sancti
2310 910 2509 993 Petri,
2553 911 2864 995 magister
2914 910 3287 975 Tancredus
3335 909 3759 995 decretorum,
3795 920 3988 998 atque
4029 912 4338 997 magister
4368 912 4705 978 Rolandus
4744 937 4887 1001 pre-

1247 1017 1494 1103 positus
1541 1016 1831 1082 Ecclesie
1880 1016 2272 1099 ravennatis,
2323 1024 2387 1081 et
2434 1018 2743 1103 magister
2789 1016 3107 1081 Martinus
3154 1025 3218 1081 et
3264 1017 3515 1081 donnus
3563 1018 3901 1101 Albertus,
3950 1019 4242 1083 canonici
4305 1021 4510 1084 sancti
4567 1020 4747 1084 Petri
4808 1022 4886 1086 de

1246 1124 1506 1189 civitate
1555 1124 1867 1208 Bononio,
1902 1123 2153 1188 donnus
2186 1123 2470 1189 Jacobus
2518 1124 3009 1189 archidiaconus
3056 1145 3397 1207 ravennas,
3439 1134 3503 1189 et
3551 1125 3801 1190 donnus
3851 1125 4180 1191 Gerar-dus
4227 1130 4590 1213 propositus
4630 1128 4884 1211 Ymolc,

1247 1237 1313 1295 et
1359 1230 1610 1295 donnus
1656 1231 1966 1295 Albertus
2014 1231 2332 1317 presbiter
2376 1240 2441 1296 et
2489 1231 2838 1296 cardinalis
2886 1231 3219 1314 Ravenne,
3254 1240 3319 1295 et
3365 1232 3682 1318 presbiter
3726 1232 4217 1298 Bonencontrus
4264 1234 4469 1297 sancti
4510 1234 4758 1321 Ypoliti
4806 1235 4885 1300 d‘e

1248 1338 1508 1403 civitate
1554 1338 1868 1421 Bononie,
1903 1345 1966 1402 et
2000 1338 2335 1403 Carbonus
2377 1339 2686 1421 notarius,
2722 1346 2915 1424 atque
2961 1338 3209 1403 Parens
3258 1340 3546 1403 notarius
3591 1339 3962 1422 Potestatis‚
3998 1347 4061 1404 et
4101 1339 4543 1405 Bernardinus
4592 1342 4888 1407 Nicholai

1248 1452 1313 1510 et
1359 1446 1400 1511 J
1406 1446 1715 1510 acobinus
1762 1444 2093 1531 Pelegrini
2139 1451 2203 1508 et
2241 1444 2598 1509 Ubertinus
2631 1445 2710 1509 de
2741 1445 2993 1509 Mutina
3027 1453 3092 1509 et
3122 1445 3468 1531 Pelegriuo
3502 1446 3581 1510 de
3615 1444 3805 1511 Gisso
3838 1454 3902 1511 et
3935 1446 4283 1511 Guililnms
4311 1448 4388 1512 (1)
4415 1455 4479 1512 et
4512 1448 4886 1513 Grimaldus

1249 1553 1538 1619 notarius
1585 1553 1760 1618 curie
1820 1552 2124 1618 Comanis
2186 1552 2478 1616 Bononie
2536 1559 2601 1616 et
2648 1552 2761 1637 alij
2828 1552 3275 1638 quamplures,
3324 1552 3403 1616 de
3467 1553 3699 1639 quibus
3760 1554 4213 1641 suprascriptis
4275 1554 4401 1619 duo
4464 1555 4887 1620 instrumenta

1248 1662 1489 1748 scripta
1537 1666 1716 1741 suut,
1764 1681 1998 1743 unum,
2048 1659 2218 1746 quod
2282 1660 2479 1724 habet
2526 1658 2820 1724 dominus
2869 1659 3448 1745 Archiepiscopus,
3498 1668 3563 1724 et
3624 1659 3793 1724 istud
3840 1682 3955 1748 pro
4006 1660 4344 1725 Communi
4399 1662 4713 1744 Bononie,
4761 1684 4887 1727 uno

1249 1767 1604 1854 eodemque
1650 1774 1893 1832 tenore.

1427 1875 1546 1957 (L.
1580 1875 1624 1957 †
1659 1874 1753 1957 S.)
1800 1874 1943 1960 Ego
1990 1874 2302 1956 Pascalis,
2352 1873 2518 1937 sacri
2565 1873 2795 1959 palatii
2842 1875 3151 1957 notarius,
3183 1873 3284 1938 his
3341 1874 3603 1939 interfui
3633 1881 3718 1956 et,
3753 1882 4051 1962 utsupra
4099 1875 4356 1960 legitur,
4390 1875 4696 1940 mandato
4736 1876 4887 1939 dicti

1248 1981 1490 2047 domini
1536 1981 1794 2047 Rodolfi
1842 1982 2090 2047 comitis
2122 1981 2415 2046 Bononie
2446 1981 2819 2063 Potestatis‚
2855 1988 2919 2045 et
2952 1981 3265 2067 parabola
3296 1988 3361 2045 et
3392 1982 3726 2046 voluntate
3758 1982 4087 2047 hominum
4123 1982 4390 2047 Consilii
4422 1983 4770 2069 subscripsi
4787 1984 4884 2047 (2).

2988 2283 3147 2348 XII.

2757 2480 2952 2561 1219,
3001 2479 3088 2542 28
3134 2481 3365 2543 martii.

2119 2676 2222 2739 Ex
2269 2684 2424 2740 tom.
2471 2675 2761 2740 XXVII.
2816 2674 2961 2739 cod.
3010 2676 3160 2760 dipl.
3210 2675 3377 2740 Eccl.
3426 2675 3601 2755 bom,
3650 2697 3823 2740 num.
3871 2674 4016 2740 XL.

1424 2889 1756 2954 Honorius
1804 2910 1973 2975 papa
2023 2889 2148 2953 ΙΙΙ.
2170 2889 2247 2954 (3)
2298 2889 2486 2955 Clero
2534 2899 2599 2953 et
2649 2889 2887 2976 populo
2937 2890 3215 2953 civitatis
3265 2897 3328 2953 et
3376 2889 3649 2953 diocesis
3697 2889 4132 2953 bononiensis.

1429 2996 1592 3061 Cum
1639 2996 1874 3061 dilecto
1921 2997 2052 3061 filio
2102 2997 2411 3082 magistro
2460 2997 2708 3079 Gratia,
2745 2997 3081 3082 capellano
3118 3004 3333 3060 nostro
3367 2996 3820 3060 archidiacono
3868 3004 4106 3079 vestm,
4141 2996 4519 3060 duxerimus
4553 2996 4890 3081 indulgen-

1250 3104 1424 3187 dum,
1457 3110 1548 3186 ut,
1597 3126 1724 3169 non
1773 3104 2068 3168 obstante
2117 3105 2336 3190 aliqua
2383 3104 2845 3169 consuetudine
2895 3126 3018 3189 que
3075 3105 3399 3168 canonicis
3448 3104 3666 3167 obviat
3701 3103 3803 3167 vel
3850 3103 4121 3188 derogat
4154 3104 4483 3173 institutis,
4518 3102 4793 3168 officium
4826 3112 4891 3167 et

1243 3211 1760 3295 jurisdictionem
1820 3211 2411 3293 archidiaconatus,
2461 3211 2625 3275 sicut
2672 3210 2753 3274 ad
2804 3233 2952 3274 eum
2999 3210 3353 3275 secundum
3399 3211 3709 3275 canonica
3767 3210 4059 3274 instituta
4114 3209 4218 3273 vel
4266 3210 4692 3296 approbatam
4740 3231 4890 3274 con-

1252 3319 1658 3383 suetudinem
1706 3319 2105 3404 dignoscitur
2150 3319 2494 3404 pertinere,
2545 3318 2745 3382 libere
2795 3339 2870 3381 ac
2918 3318 3228 3404 plenarie,
3264 3319 3560 3382 submoto
3607 3316 3952 3402 cujuslibet
4000 3317 4343 3401 contrari0,
4390 3317 4588 3381 etiam
4636 3326 4892 3404 aposto-

1250 3425 1375 3491 lico
1419 3426 1771 3508 obstacu10,
1804 3425 2200 3512 presentium
2246 3425 2429 3489 vobis
2478 3426 2861 3489 auctoritate
2910 3426 3323 3512 precipiendo
3371 3425 3753 3488 mandamus
3801 3431 4118 3511 quatenus
4161 3423 4368 3488 eidem
4418 3423 4892 3505 archidiacono,

1242 3533 1348 3597 vel
1396 3535 1538 3619 ejus
1585 3534 1849 3615 vicariO,
1885 3533 1951 3597 in
2000 3533 2123 3597 hiis
2172 3554 2295 3619 que
2343 3531 2425 3596 ad
2474 3533 2753 3597 officium
2802 3539 2868 3597 et
2907 3533 3421 3617 jurisdictionem
3472 3532 4032 3597 archidiaconatus
4080 3532 4178 3595 sui
4222 3531 4300 3595 de
4343 3533 4490 3617 jure
4523 3532 4629 3595 vel
4660 3553 4895 3619 appro-

1243 3640 1400 3704 bata
1447 3640 1910 3705 consuetudine
1959 3640 2281 3726 pertinere
2329 3648 2681 3704 noscuntur
2727 3640 3045 3704 obediatis
3094 3639 3356 3722 devote,
3405 3661 3481 3704 ac
3527 3639 3857 3703 humiliter
3912 3639 4280 3703 intendatiS.
4328 3637 4638 3724 Alioquin
4700 3661 4895 3704 nove-

1243 3747 1382 3811 ritis
1431 3747 1601 3834 quod
1649 3748 2056 3831 sententiam,
2092 3768 2287 3833 quam
2329 3747 2496 3811 idem
2546 3746 3038 3811 archidiaconus
3081 3746 3553 3811 rationabiliter
3584 3746 3804 3810 tulerit
3836 3745 3901 3809 in
3933 3746 4229 3828 rebelles,
4264 3752 4474 3809 ratam
4507 3745 4895 3810 habebimus

1234 3860 1301 3920 et
1347 3855 1680 3941 faciemus,
1731 3863 1995 3921 auctore
2041 3855 2344 3937 Domino,
2392 3854 2855 3920 inviolabiliter
2903 3855 3256 3919 observari.

1423 3963 1669 4029 Datum
1713 3964 2025 4028 Laterani
2073 3963 2296 4049 quinto
2345 3962 2659 4026 kalendas
2707 3963 2952 4048 aprilis,
3001 3963 3413 4049 pontificatus
3460 3963 3662 4027 nostri
3711 3983 3880 4026 anno
3929 3962 4141 4026 tertio·

2980 4267 3176 4331 XIII.

2763 4463 2959 4546 1219,
3008 4464 3095 4526 22
3141 4464 3377 4547 apt-ilie.

2533 4659 2638 4723 Ex
2686 4659 2914 4723 eodem
2963 4667 3157 4740 tomo,
3206 4679 3380 4722 num.
3428 4657 3610 4722 XLI.

1422 4876 1756 4941 Honorius
1803 4874 2031 4940 III.(4)
2067 4874 2378 4960 magistro
2428 4872 2651 4938 Gratie
2700 4872 3040 4959 capellano
3090 4880 3327 4954 nostro,
3375 4870 3853 4936 Archidiacono
3900 4869 4301 4935 bononiensi.

1423 4984 1521 5048 Ne
1565 4985 1718 5069 jura
1765 4983 2180 5047 bononiensis
2228 4981 2516 5046 Ecclesie
2565 4981 2972 5062 minuantur,
3022 4980 3077 5043 si
3126 5001 3250 5043 non
3298 4981 3380 5043 sit
3427 4980 3536 5065 qui
3600 4978 3966 5064 specialiter
4029 4977 4270 5041 habeat
4318 4997 4539 5040 curam
4599 4977 4777 5061 ejus,
4828 4976 4895 5039 in

1247 5092 1548 5179 Capitulo
1595 5091 1888 5177 ejusdem
1933 5089 2225 5154 Ecclesie
2273 5089 2532 5176 plenam
2581 5094 2646 5152 et
2693 5088 2965 5151 liberam
3014 5087 3636 5151 administrationem
3685 5085 4113 5172 spiritualium
4162 5090 4228 5148 et
4272 5083 4723 5169 temporalium
4775 5083 4900 5147 tibi

1243 5202 1501 5287 tuisque
1549 5200 2028 5265 successoribus
2072 5199 2395 5282 duximuS,
2430 5197 2813 5262 auctoritate
2849 5197 3260 5283 presentium,
3296 5194 3794 5276 concedendam,
3828 5201 3900 5256 ut
3932 5199 4001 5256 tu
4036 5192 4331 5277 idemque
4365 5212 4766 5255 successores
4798 5190 4899 5254 tui

1245 5309 1770 5372 administrantes
1818 5308 1883 5371 in
1932 5306 2156 5371 eadem
2206 5306 2521 5386 Ecclesia,
2571 5326 2714 5369 cum
2765 5325 3027 5368 necesse
3078 5303 3292 5385 suerit,
3337 5301 3676 5387 corrigatis
3722 5309 3787 5364 et
3834 5300 4194 5365 reformetis
4240 5321 4317 5362 ac
4364 5298 4682 5379 statuatis,
4729 5297 4902 5361 sicut

1247 5437 1499 5502 queque
1547 5438 1663 5502 pro
1711 5422 2000 5501 tempore
2048 5435 2165 5478 suo
2214 5412 2645 5498 cognoveritis
2694 5411 2901 5476 officio
2950 5411 3276 5496 indigere:
3326 5409 3851 5491 contradictoreS,
3901 5408 3955 5471 si
4003 5408 4111 5492 qui
4158 5406 4419 5488 fuerint,
4468 5405 4571 5469 vel
4619 5404 4900 5468 rebelles

1244 5544 1363 5609 per
1424 5545 1729 5588 censuras
1792 5521 2297 5602 ecclesiasticas,
2347 5519 2644 5584 submota
2709 5518 3186 5605 appellatione,
3237 5516 3722 5604 compescendo.
3770 5515 3955 5579 Nulli
4016 5535 4172 5598 ergo
4236 5513 4494 5577 omnino
4562 5511 4899 5575 hominum

1244 5630 1441 5694 liceat
1487 5631 1655 5695 hanc
1704 5631 2012 5716 paginam
2061 5635 2277 5692 nostre
2325 5627 2754 5692 concessionis
2804 5625 3177 5710 infringere,
3213 5624 3317 5688 vel
3349 5624 3407 5688 ei
3456 5645 3617 5687 ausu
3651 5622 3994 5687 temerario
4027 5619 4379 5702 contraire3
4415 5619 4467 5683 si
4502 5618 4644 5705 quis
4677 5625 4901 5681 autem

1248 5737 1371 5802 hoc
1418 5743 1738 5802 attentare
1787 5735 2254 5823 presumpserit
2300 5734 2813 5820 indignationem
2878 5731 3331 5818 omnipotentis
3379 5731 3501 5794 Dei
3552 5751 3626 5794 ac
3674 5730 4011 5793 beatorum
4058 5727 4240 5791 Petri
4288 5735 4353 5790 et
4398 5726 4589 5790 Pauli
4638 5731 4901 5810 aposto-

1246 5844 1460 5910 lorum
1505 5846 1646 5909 eius
1693 5867 1762 5910 se
1810 5843 2064 5909 noverit
2112 5842 2540 5906 incursurum.

1423 5953 1668 6017 Datum
1715 5952 1921 6017 Rome
1969 5949 2139 6037 apud
2192 5956 2488 6014 sanctum
2533 5948 2824 6030 Petrum,
2868 5948 3115 6011 decimo
3162 5945 3479 6009 kalendas
3527 5945 3705 6030 maij,
3754 5943 4167 6031 pontificatus
4215 5941 4416 6005 nostri
4464 5960 4632 6003 anno
4680 5938 4900 6003 tertio.

1409 6168 1429 6211 ί
1583 6169 1592 6180 “
1622 6205 1636 6219 ,

1404 6169 1488 6324 (g
1523 6166 1900 6325 {icmarginoe
1943 6270 1971 6302 «
2014 6253 2310 6305 Promis-sio
2345 6252 2496 6318 facta
2537 6249 2947 6315 Archa’episcopo
2982 6248 3231 6300 Ravenne
3261 6264 3368 6315 pro
3404 6248 3518 6298 illa's
3555 6247 3650 6313 qui
3682 6245 3888 6296 vadunt
3926 6243 4001 6293 ad
4036 6240 4467 6307 recuperandum
4504 6238 4727 6290 Terram
4756 6239 4905 6290 San·

1245 6352 1388 6399 cmm
1406 6364 1485 6502 (Ξ)
1525 6435 1610 6486 Ex
1648 6452 1761 6505 reg.
1800 6433 1874 6485 II.
1914 6432 2142 6485 Honorii
2183 6429 2318 6497 111.‚
2359 6447 2445 6499 ep.
2487 6432 2608 6496 372,
2649 6429 2745 6480 sol.
2788 6430 2874 6490 78,
2916 6425 3243 6491 MCCXIX„
3283 6424 3519 6476 xxvn.
3558 6422 3757 6475 martii.

1405 6527 1485 6592 (4)
1525 6524 1610 6577 Ex
1647 6542 1762 6594 reg.
1802 6523 1875 6575 11.
1916 6521 2143 6574 Honorii
2183 6521 2319 6584 111„
2360 6538 2447 6589 ep.
2489 6523 2610 6582 410,
2649 6518 2745 6569 fol.
2788 6520 2873 6581 85,
2914 6514 3243 6566 MCCXIX..
3284 6513 3467 6566 XXII.
3506 6513 3710 6582 aprilis.
