5542 7775
2002 608 2099 657 nn
2155 606 2419 657 THOMA
2473 606 3071 658 mrnovA'rACCm
4303 587 4346 653 ἴ)

905 760 1219 846 Magister
1264 761 1552 825 Joannes
1598 760 1983 825 Franciscus
2031 760 2109 824 de
2157 760 2446 842 ArditiiS‚
2496 761 2730 824 artium
2779 769 2844 825 et
2890 761 3245 825 medicinae
3295 761 3537 842 doctor,
3589 760 3982 825 undecimus.

904 868 1218 932 Dominus
1253 867 1536 932 Thomas
1569 866 2340 953 Constantinopolitanus,
2367 867 2587 952 legum
2618 867 2860 950 doctor,
2895 868 3221 933 habitator
3252 868 3508 932 Pisauri
3540 875 3604 932 et
3637 868 3986 932 advocatus
4021 865 4355 950 Gamerae,

1084 975 1166 1037 sit
1215 975 1280 1038 in
1328 974 1549 1039 ordine
1595 973 2031 1038 duodecimus.

904 1080 1220 1145 Dominus
1264 1080 1482 1145 Julius
1528 1081 1607 1144 de
1654 1080 2048 1144 Alexandris
2095 1080 2508 1166 pisaurensis,
2558 1080 2776 1166 legum
2822 1080 3065 1165 doctor,
3114 1082 3648 1147 decimustertius.

906 1188 1222 1253 Dominus
1268 1187 1563 1274 Angelus
1609 1187 1689 1250 de
1737 1186 2175 1251 Clementibus
2224 1187 2303 1252 de
2350 1186 2646 1269 Pisauro,
2696 1188 2915 1272 legum
2961 1188 3204 1270 doctor,
3254 1189 3830 1275 decimusquartus.

904 1294 1217 1381 Magister
1264 1293 1666 1380 Augustinus
1714 1294 1793 1357 de
1834 1293 2128 1380 Angelis,
2163 1294 2577 1381 pisaurensis,
2626 1295 2955 1359 habitator
2998 1294 3311 1378 Venetiis,
3360 1295 3585 1360 doctor
3630 1304 3920 1378 venetus,
3956 1294 4212 1359 incedat
4258 1317 4358 1360 se·

1083 1402 1361 1468 cundum
1410 1410 1662 1488 tempus
1709 1403 1808 1466 sui
1856 1401 2224 1467 doctoratus
2280 1402 2766 1489 assumptionis,
2817 1409 3008 1489 prout
3055 1424 3252 1489 supra
3313 1404 3378 1467 in
3426 1404 3698 1468 caeteris
3745 1403 4077 1469 decretum
4122 1404 4355 1468 extitit.

903 1614 1235 1679 Addentes
1282 1615 1474 1700 quod,
1509 1615 1565 1679 si
1606 1616 1747 1701 quis
1793 1615 1942 1679 huic
1992 1623 2209 1680 nostro
2256 1614 2514 1680 decreto
2563 1615 3034 1698 contrafecerit,
3082 1616 3366 1680 incurrat
3413 1616 3491 1680 de
3541 1616 3711 1681 facto
3745 1617 3811 1680 in
3845 1638 4119 1703 poenam
4150 1616 4360 1702 vigin-

731 1722 1064 1808 tiquinque
1130 1722 1512 1787 ducatorum
1575 1730 1833 1787 nostrae
1897 1722 2209 1787 Gamerae
2277 1722 2844 1809 applicandorum,
2901 1731 2966 1787 et
3026 1722 3321 1787 similiter
3379 1723 3628 1809 quoties
3698 1724 4040 1809 contigerit
4104 1723 4359 1788 nomine

731 1835 949 1892 nostro
998 1850 1109 1892 eos
1156 1829 1416 1893 evocari
1461 1828 1718 1912 debere,
1754 1835 1824 1893 ut
1869 1830 2257 1893 conveniant
2304 1830 2520 1915 aliquo
2567 1830 2633 1893 in
2680 1830 2844 1912 1666,
2879 1829 3232 1894 secundum
3272 1829 3444 1915 quod
3490 1831 3892 1915 contingeret
3936 1829 4074 1894 fieri
4123 1829 4201 1894 de
4248 1851 4361 1894 no-

729 1943 862 2001 stro
907 1934 1250 2018 mandate,
1300 1936 1353 1999 si
1402 1936 1544 2021 quis
1591 1958 1675 2000 ex
1722 1937 1816 1999 eis
1863 1957 1991 2000 non
2040 1937 2472 2022 comparuerit
2518 1958 2595 2001 eo
2641 1937 2708 2000 in
2755 1937 2931 2019 loce,
2981 1943 3133 2001 tunc
3180 1942 3245 2000 et
3291 1958 3368 2001 eo
3417 1957 3610 2020 casu,
3660 1936 4063 2022 intelligatur
4107 1943 4359 2001 eontra-

732 2042 986 2108 venisse
1034 2043 1182 2107 huic
1232 2049 1451 2108 nostro
1500 2042 1781 2126 decret0‚
1817 2049 1882 2107 et
1922 2043 1985 2107 in
2034 2043 2327 2107 eamdem
2372 2065 2648 2130 poenam
2694 2044 3060 2126 incurrisse,
3095 2043 3217 2108 nisi
3256 2043 3336 2108 de
3386 2045 3694 2109 canonico
3744 2044 4201 2130 impedimento
4247 2066 4363 2130 per

729 2150 889 2215 duos
937 2149 1201 2214 idoneos
1250 2157 1446 2214 testes
1495 2150 1868 2236 probaverit
1914 2149 2173 2215 domino
2218 2150 2537 2215 Potestati
2584 2159 2803 2215 nostro
2852 2151 3130 2216 civitatis
3176 2150 3454 2234 Pisauri,
3489 2151 3600 2237 qui
3646 2172 3762 2237 pro
3810 2159 4096 2237 tempore
4145 2150 4357 2234 fuerit,

730 2257 837 2322 vel
884 2257 1016 2340 alii,
1051 2258 1154 2322 cui
1201 2257 1651 2321 mandabimus
1697 2257 1945 2321 dictam·
1982 2258 2427 2344 probationem
2473 2257 2610 2321 fieri
2660 2258 2932 2340 debere;
2981 2265 3046 2322 et
3088 2257 3358 2343 quilibet
3403 2258 3604 2344 possit
3651 2280 3956 2323 accusare
4004 2265 4069 2323 et
4114 2258 4358 2323 denun-

730 2364 924 2447 ciare,
971 2372 1036 2429 et
1082 2366 1143 2429 ei
1189 2364 1490 2429 credatur
1537 2386 1683 2429 cum
1728 2366 1870 2448 ejus
1911 2366 2281 2448 juramento
2347 2371 2412 2429 et
2469 2386 2598 2429 uno
2659 2364 2829 2429 bono
2876 2371 3074 2446 teste;
3123 2372 3187 2429 et
3246 2365 3484 2429 habeat
3544 2366 3802 2430 tertiam
3848 2372 4099 2453 partem
4147 2366 4356 2431 dictae

730 2492 977 2558 poenae
1024 2472 1089 2534 in
1137 2478 1411 2557 utroque
1459 2471 1775 2535 dictorum
1822 2492 2107 2536 casuum.

906 2686 984 2749 In
1034 2685 1271 2750 Christi
1321 2685 1679 2751 Salvatoris
1726 2695 1791 2750 et
1835 2686 2100 2751 Domini
2144 2687 2376 2769 nostri,
2426 2687 2695 2773 ejusque
2757 2686 3183 2751 Beatissimae
3237 2686 3467 2751 Matris
3512 2687 3802 2773 Virginis
3859 2686 4105 2751 Mariae
4153 2687 4356 2752 nomi-

727 2792 949 2875 nibus,
1001 2814 1210 2857 ameu.
1260 2792 1453 2857 Anno
1502 2814 1541 2856 a
1587 2793 1944 2858 Nativitate
1992 2793 2283 2877 ejusdem
2329 2793 2593 2859 Domini
2639 2800 2705 2858 et
2748 2794 2876 2859 Dei
2923 2794 3126 2858 nostri
3172 2794 3333 2859 Jesu
3389 2793 3627 2860 Christi
3683 2793 4023 2858 millesimo
4071 2795 4359 2879 quatrin-

724 2899 1080 2984 gentesimo
1145 2900 1564 2986 nonagesimo
1612 2901 1837 2983 tertio,
1894 2900 2255 2965 Indictione
2325 2900 2700 2984 undecima,
2751 2908 3040 2987 tempore
3089 2900 3489 2966 Sanctissimi
3537 2901 3800 2965 Domini
3847 2902 4051 2965 nostri
4094 2901 4358 2966 Domini

724 3005 1086 3096 Alexandri
1132 3006 1373 3071 Divina
1421 3007 1829 3094 providentia
1874 3007 2098 3094 Papae
2148 3008 2353 3091 Sexti,
2396 3015 2460 3071 et
2505 3008 2608 3072 die
2655 3008 2971 3094 vigesima
3018 3009 3242 3094 quinta
3287 3008 3687 3090 Decembris,
3723 3009 3789 3072 in
3832 3008 3935 3072 die
3982 3008 4357 3073 Nativitatis

722 3113 1014 3198 ejusdem
1062 3114 1421 3179 Salvatoris
1469 3115 1709 3198 nostri,
1759 3115 2269 3201 suprascriptum
2317 3114 2668 3180 Decretum
2722 3115 3003 3202 praefati
3062 3115 3477 3179 illustrissimi
3523 3115 3787 3180 Domini
3849 3115 4052 3180 nostri
4112 3114 4357 3179 editum

725 3242 921 3307 super
964 3221 1421 3307 praecedentia
1468 3222 1875 3287 dominorum
1919 3222 2195 3286 militum
2244 3229 2309 3286 et
2356 3223 2723 3305 doctorum,
2772 3223 3011 3287 lectum
3055 3230 3121 3287 et
3167 3223 3566 3310 publicatum
3613 3223 3735 3286 fuit
3781 3223 3860 3287 de
3911 3222 4356 3287 commissione

726 3333 792 3392 et
836 3327 1142 3393 mandato
1189 3329 1469 3414 praefati
1517 3328 1933 3393 illustrissimi
1979 3329 2242 3393 Domini
2291 3330 2491 3393 nostri
2537 3329 2890 3394 monitione
2938 3329 3421 3414 elegantissima
3470 3330 3535 3395 S.
3569 3330 3633 3394 J.
3668 3329 4121 3395 dominationis
4169 3350 4355 3415 prae-

725 3433 989 3499 cedente
1026 3433 1218 3518 facta,
1253 3434 1680 3521 infrascriptis
1729 3434 2002 3500 dominis
2051 3435 2419 3501 doctoribus
2466 3437 2915 3522 praesentibus
2963 3443 3028 3500 et
3072 3436 3607 3521 intelligentibus,
3641 3458 3758 3522 per
3789 3458 3889 3501 me
3923 3437 3966 3502 J
3970 3458 4244 3502 oannem
4276 3437 4355 3501 de

726 3541 1087 3623 Germanis,
1126 3541 1601 3606 Cancellarium
1651 3542 2021 3607 Communis
2066 3543 2325 3607 Pisauri
2370 3552 2435 3609 et
2480 3544 2803 3608 notarium
2850 3543 3128 3630 praefati
3175 3544 3591 3607 illustrissimi
3635 3544 3899 3609 Domini
3931 3545 4009 3608 de
4042 3544 4240 3609 verbo
4272 3544 4357 3608 ad

724 3647 995 3713 verbum
1040 3649 1107 3712 in
1156 3648 1431 3714 Camera
1479 3649 1736 3714 Jardini
1784 3649 2120 3715 domorum
2166 3650 2553 3715 residentiae
2602 3650 2881 3737 praefati
2936 3651 3352 3715 illustrissimi
3411 3650 3674 3716 Domini
3737 3652 3937 3716 nostri
3983 3653 4051 3715 in
4098 3651 4356 3716 civitate

716 3754 995 3839 Pisauri,
1030 3756 1094 3820 in
1129 3757 1498 3844 praesentia
1544 3756 1860 3822 dictorum
1893 3758 2397 3823 clarissimorum
2435 3758 2841 3822 dominorum
2873 3759 3226 3840 doctorum,
3262 3757 3597 3823 videlicet:
3634 3759 3930 3845 magistri
3961 3759 4354 3823 Zacchariae

726 3863 996 3950 physici,
1046 3863 1289 3928 domiui
1335 3863 1650 3930 Ludovici
1699 3863 1778 3930 de
1829 3864 2202 3951 Singualdis
2250 3865 2329 3930 de
2379 3864 2786 3947 Candelaria,
2836 3865 3078 3931 domini
3120 3865 3299 3953 Dyni
3346 3866 3426 3931 de
3473 3866 3873 3952 Zegnarolis,
3907 3865 4150 3932 domini
4194 3865 4356 3931 Vin-

724 3971 917 4034 centii
964 3971 1043 4035 de
1089 3970 1444 4055 Fidelibus,
1479 3972 1773 4058 magistri
1820 3971 2106 4059 Ippoliti,
2140 3972 2382 4038 domini
2413 3974 2456 4038 J
2460 3974 2685 4038 oannis
2726 3973 3043 4038 Matthiae
3076 3973 3155 4037 de
3189 3973 3231 4038 J
3236 3973 3488 4049 anotiis,
3523 3973 3816 4059 magistri
3847 3973 3889 4038 J
3894 3974 4119 4038 oannis
4150 3973 4355 4038 Fran·

723 4077 877 4142 eisci
923 4078 1002 4143 de
1051 4078 1363 4160 Arditiis,
1413 4079 1656 4144 domini
1703 4080 1991 4144 Thomae
2055 4081 2134 4146 de
2184 4080 2782 4168 Constantinopoli,
2830 4081 3074 4147 domini
3119 4081 3279 4146 Julii
3341 4081 3757 4168 Magagnini,
3804 4087 3870 4146 et
3915 4081 4069 4146 dicti
4114 4080 4356 4147 domiui

724 4185 967 4271 Angeli
999 4185 1352 4250 Clementis
1384 4187 1896 4273 praedictorum3
1930 4189 2378 4274 praesentibus
2412 4190 2873 4276 spectabilibus
2907 4196 2972 4254 et
3005 4189 3376 4254 clarissimis
3409 4189 3779 4254 doctoribus
3813 4188 4069 4253 domino
4101 4189 4145 4254 J
4148 4210 4355 4253 oanne

721 4291 1069 4357 Francisoo
1119 4292 1518 4379 Capinsacco
1551 4293 1630 4357 de
1663 4293 1980 4378 Arimino,
2015 4316 2192 4360 onor.
2226 4295 2538 4361 Praetore
2587 4297 2866 4361 civitatis
2897 4296 3176 4379 Pisauri,
3210 4295 3467 4361 domino
3500 4297 3540 4361 J
3547 4317 3755 4361 oanne
3785 4295 3998 4360 Maria
4030 4296 4108 4360 de
4147 4296 4356 4383 Dynis

726 4421 902 4464 onor.
928 4400 1190 4465 Vicario
1237 4400 1527 4486 generali
1575 4400 1981 4486 gabellarum
2030 4402 2401 4467 Communis
2448 4404 2726 4486 Pisauri,
2759 4404 3108 4469 Francisco
3155 4404 3343 4469 Betio
3391 4405 3701 4489 magistro
3750 4404 4017 4487 Domus,
4053 4413 4117 4470 et
4149 4405 4353 4470 Fran-

722 4507 891 4572 cisco
939 4508 1265 4594 quondam
1312 4508 1556 4572 domini
1602 4508 1855 4572 Nicolai
1903 4510 1982 4573 de
2028 4510 2299 4593 Palude,
2350 4512 2597 4576 civibus
2655 4519 2719 4576 et
2773 4511 3246 4576 habitatoribus
3293 4512 3571 4594 Pisauri,
3613 4512 3883 4577 testibus
3932 4513 4013 4576 ad
4062 4512 4355 4599 supradi-

724 4621 893 4678 ctam
938 4615 1445 4700 publicationem
1496 4614 1813 4680 dictorum
1861 4617 2264 4681 decretorum
2313 4618 2680 4703 hujusmodi
2731 4619 2974 4684 vocatis
3020 4625 3086 4682 et
3133 4619 3500 4705 specialiter
3546 4620 3811 4704 rogatis.

900 4828 1044 4914 Ego
1093 4830 1263 4894 idem
1311 4830 1600 4895 Joannes
1648 4831 1727 4896 de
1777 4831 2139 4916 Germanis,
2174 4833 2331 4898 civis
2381 4842 2445 4898 et
2492 4834 2819 4898 habitator
2864 4833 3120 4897 Pisauri
3162 4840 3226 4898 et
3260 4833 3699 4898 Cancellarius
3746 4835 4063 4921 publicus,
4098 4843 4353 4921 aposto-

722 4936 846 5000 lica
894 4944 958 5000 et
1004 4937 1328 5024 imperiali
1376 4939 1762 5003 auctoritate
1821 4940 2144 5024 notarius,
2193 4940 2539 5027 praedictis
2603 4941 2900 5005 omnibus
2946 4949 3010 5005 et
3057 4941 3363 5026 singulis,
3411 4950 3481 5005 ut
3548 4942 3999 5028 praemittitur,
4048 4964 4355 5029 praesens

722 5043 834 5127 fui,
884 5052 948 5108 et
994 5065 1073 5108 ea
1119 5051 1386 5130 rogatus
1434 5046 1748 5129 scribere,
1799 5047 2025 5134 scripsi
2074 5056 2139 5112 et
2187 5048 2533 5134 publicavi,
2583 5050 2968 5134 signumque
3016 5069 3228 5113 meum
3277 5049 3568 5136 apposui.

3672 5156 3846 5222 Loco
3895 5158 3940 5238 †
3984 5157 4173 5243 signi.

932 5369 1067 5443 IX.
1128 5370 1243 5442 Ita
1300 5380 1540 5443 autem
1595 5369 2209 5468 Diplovataccium
2268 5373 2583 5446 Joannes
2642 5373 2908 5447 Sfortia
2964 5372 3257 5446 charum
3315 5373 3594 5470 habuit,
3639 5385 3714 5447 ut
3772 5376 3863 5447 ad
3920 5376 4072 5472 ejus
4129 5376 4352 5449 domi-

719 5492 954 5566 cilium
1028 5494 1311 5567 Pisauri
1379 5493 1804 5568 firmandum
1878 5521 2166 5594 operam
2238 5498 2512 5570 dederit
2598 5507 2676 5570 ut
2747 5498 3171 5571 Franciscus
3241 5498 3548 5593 Bezius,
3609 5499 3863 5573 nobilis
3936 5500 4352 5573 florentinus

718 5616 1181 5692 Catharinam
1238 5645 1281 5692 a
1338 5618 1557 5693 Curte
1615 5620 2017 5718 privignam
2073 5646 2370 5719 eamque
2428 5623 2897 5720 praedivitem
2952 5623 3205 5720 nuptui
3246 5623 3446 5696 daret
3486 5623 3802 5696 Thomae
3843 5634 4121 5720 nostr03
4165 5626 4351 5722 quod

718 5742 1002 5837 quidem
1060 5742 1360 5816 feliciter
1417 5744 1714 5840 contigit
1788 5745 1861 5817 in
1936 5746 2261 5843 sequenti
2328 5772 2514 5820 anno
2586 5745 3425 5821 MCCCCLXXXXIV.
3488 5748 3668 5820 Cum
3741 5758 3979 5822 autem
4053 5750 4351 5823 Pisauro

718 5865 960 5962 pulsus
1022 5867 1274 5941 deinde
1331 5868 1582 5942 fuisset
1637 5871 1976 5968 Joannes,
2018 5897 2237 5969 opera
2282 5872 2480 5944 ducis
2530 5871 2932 5968 Valentini,
2973 5871 3148 5945 nihil
3203 5874 3406 5946 triste
3465 5873 3720 5946 accidit
3775 5873 4350 5971 Diplovatacci03

719 5991 859 6064 imo
917 6018 1081 6065 eum
1136 5993 1522 6068 honoribus
1579 5996 1780 6068 auxit
1835 6021 2061 6070 novus
2118 5998 2469 6096 princepS,
2511 5998 2795 6071 virtutis
2854 5999 3007 6095 ejus
3066 6007 3136 6071 et
3194 5999 3556 6072 doctrinae
3613 6023 3852 6072 amore
3892 6009 4165 6097 captus.
4208 6000 4352 6073 Re-

720 6127 1059 6215 cuperato
1116 6145 1156 6192 a
1216 6121 1494 6194 Joanne
1553 6121 2166 6219 Sfortia,imperi0
2241 6132 2402 6221 post
2477 6132 2778 6197 mortem
2835 6122 3233 6197 Alexandri
3292 6124 3457 6220 VL,
3518 6123 3830 6197 Thomas
3887 6126 4135 6198 eodem
4199 6124 4352 6199 loco

720 6242 854 6314 fuit
912 6244 1102 6341 apud
1160 6244 1428 6342 ipsum3
1488 6246 1677 6342 quod
1733 6246 2017 6342 quidem
2073 6248 2464 6321 maximum
2538 6273 2691 6321 esse
2763 6248 2974 6321 debet
3048 6249 3202 6346 ejus
3275 6249 3705 6343 integritatis
3779 6274 3864 6323 ac
3937 6250 4353 6347 prudentiae

722 6367 1226 6443 testimonium.
1289 6370 1425 6442 Sed
1485 6370 1821 6467 principis
1877 6372 2183 6465 gratiam
2247 6372 2598 6446 amicitiae
2672 6373 2965 6471 ejusque
3039 6350 3285 6447 officiis
3342 6375 3627 6447 minime
3685 6374 4037 6447 antetulit.
4099 6375 4352 6471 Itaque
