5542 7775
1243 620 1393 692 262
2816 640 3296 691 nouom-:Nu

1414 794 1591 858 Nulli
1639 816 1795 880 ergo
1844 795 2102 859 omuino
2149 794 2483 858 hominum
2531 795 2722 859 liceat
2768 795 2936 860 hanc
2967 795 3274 882 paginam
3308 801 3523 859 nostre
3558 795 4058 859 confirmationis
4092 794 4443 882 infringere
4476 795 4580 860 vel
4613 797 4672 860 ei
4705 818 4866 860 ausu

1239 903 1580 967 temerario
1630 902 1985 985 contraire3
2020 902 2072 965 si
2107 901 2248 987 quis
2289 910 2506 966 autem
2554 902 2676 966 hoc
2723 909 3043 966 attentare
3090 903 3571 989 presumpserit,
3605 903 4115 990 indignationem
4149 904 4603 990 omnipotentis
4636 904 4757 969 Dei
4791 925 4867 968 ac

1238 1010 1575 1074 beatorum
1620 1009 1798 1073 Petri
1848 1017 1911 1073 et
1958 1009 2149 1072 Pauli
2198 1009 2636 1095 apostolorum
2684 1010 2823 1073 eius
2870 1032 2938 1074 se
2986 1010 3237 1074 noverit
3284 1011 3709 1075 incursurum.

1414 1117 1658 1182 Datum
1704 1117 2014 1181 Laterani
2062 1115 2499 1181 sextodecimo
2545 1115 2863 1181 kalendas
2911 1118 3087 1203 maij,
3136 1118 3547 1203 pontificatus
3594 1117 3797 1182 nostri
3844 1139 4013 1182 anno
4061 1117 4304 1204 quinto.

2971 1437 3122 1503 XX.

2766 1653 2960 1736 1221,
3014 1654 3098 1716 13
3144 1655 3324 1717 iunii.

2533 1867 2636 1931 Ex
2684 1867 2912 1932 eodem
2959 1875 3153 1949 tomo,
3204 1890 3375 1933 num.
3426 1868 3565 1933 LV.

1410 2084 1746 2149 Honorius
1789 2083 2014 2147 III.(¹)
2047 2083 2368 2170 Episcopo
2417 2090 2481 2147 et
2528 2083 2828 2169 Capitulo
2875 2083 3277 2148 bononiensi.

1413 2192 1700 2276 Dignum
1748 2198 1844 2254 est
1892 2197 1962 2253 ut
2007 2211 2123 2253 nos
2172 2190 2514 2253 inveniatis
2569 2196 2901 2276 promptos
2951 2190 3032 2253 ad
3080 2190 3394 2275 gratiam,
3436 2190 3546 2276 qui
3592 2212 3705 2255 vos
3753 2191 3821 2254 in
3867 2191 4208 2255 devotione
4257 2192 4442 2257 Sedis
4488 2195 4862 2281 Apostolice

1234 2322 1471 2386 pronos
1518 2299 1814 2384 satagitis
1862 2298 2190 2379 exhibere,
2242 2305 2311 2361 ut
2358 2298 2685 2361 exhibitus
2732 2298 2915 2360 vobis
2964 2297 3150 2362 favor
3196 2319 3309 2362 vos
3358 2298 3659 2362 ostendas
3706 2298 3986 2363 existere
4033 2299 4350 2385 gratiosos
4384 2309 4447 2365 et
4479 2302 4602 2388 ipsi
4634 2305 4861 2389 magis,

1234 2429 1308 2471 ac
1357 2408 1566 2492 magis
1614 2405 1926 2470 studeatis
1975 2426 2088 2469 vos
2138 2405 2406 2469 reddere
2455 2405 2663 2489 gratie
2711 2405 3014 2490 aptiores.
3063 2404 3315 2469 Vestris
3364 2406 3581 2492 itaque
3628 2406 4205 2497 supplicationibus
4251 2407 4541 2473 inclinati
4589 2413 4865 2476 auctori-

1233 2522 1364 2580 tate
1411 2515 1595 2578 vobis
1640 2514 2036 2600 presentium
2077 2512 2506 2595 indulgemus,
2541 2520 2612 2576 ut
2644 2512 3046 2598 quamprimo
3079 2513 3695 2577 Archidiaconatum
3741 2514 4199 2578 bononiensem
4234 2537 4466 2581 vacare
4500 2519 4860 2603 contigerit,

1233 2621 1443 2707 ipsum
1491 2620 1660 2684 iufra
1705 2627 1958 2705 tempus
2006 2641 2044 2681 a
2086 2619 2232 2702 jure
2281 2619 2463 2682 vobis
2510 2618 2833 2682 indultum
2864 2618 2943 2681 de
2976 2640 3253 2704 persona
3300 2620 3553 2702 idonea,
3588 2641 3711 2705 que
3744 2626 3924 2684 tanto
3957 2628 4273 2706 congruat
4304 2623 4484 2687 oneri
4515 2630 4581 2687 et
4611 2624 4858 2708 honori,

1233 2751 1348 2793 vos
1397 2727 1819 2793 communiter
1865 2727 1969 2790 vel
2018 2725 2293 2808 divisim,
2330 2733 2521 2812 prout
2566 2725 2645 2789 de
2688 2727 2836 2810 jure
2884 2726 2987 2789 vel
3036 2727 3497 2791 consuetudine
3546 2727 3627 2790 ad
3674 2749 3789 2791 vos
3835 2727 4159 2814 pertinere
4191 2730 4496 2812 noscitur,
4530 2731 4861 2799 ordinetis.

1233 2836 1640 2900 Auctoritatc
1706 2834 2101 2920 presentium
2165 2833 2578 2898 nihilominus
2639 2840 2996 2897 statuentes
3057 2839 3130 2897 ut
3172 2833 3725 2917 Archidiaconus,
3774 2834 3884 2920 qui
3936 2856 4055 2921 pro
4117 2842 4404 2922 tempore
4460 2837 4689 2922 fuerit,
4738 2840 4860 2904 nisi

1234 2944 1466 3008 absens
1511 2963 1627 3029 pro
1678 2942 1955 3026 negotijs
2003 2948 2066 3005 et
2114 2941 2396 3005 evidenti
2444 2940 2730 3024 ejusdem
2780 2940 3071 3005 Ecclesie
3119 2941 3396 3005 utilitate
3458 2941 3687 3023 fuerit,
3735 2942 4318 3007 Archidiaconatus
4380 2954 4730 3031 proventus
4796 2949 4861 3011 in

1233 3050 1527 3114 absentia
1574 3070 1702 3113 non
1750 3048 2085 3135 percipiat,
2120 3069 2235 3112 nec
2270 3049 2545 3112 officium
2595 3070 2783 3112 suum
2830 3049 2943 3133 alij
2991 3049 3388 3112 committere
3436 3050 3653 3113 valeat
3698 3048 4168 3135 exequendum,
4215 3051 4289 3134 si,
4333 3051 4599 3117 absente
4630 3054 4863 3119 Archi-

1233 3158 1503 3222 diacono
1553 3157 1655 3220 vel
1702 3155 2249 3221 Archidiaconatu
2299 3163 2591 3237 vacante,
2643 3156 2918 3220 officium
2967 3156 3400 3241 exequamini,
3448 3163 3513 3221 et
3558 3156 3930 3243 percipiatis
3976 3165 4357 3243 proventus,
4406 3159 4571 3223 sicut
4619 3160 4700 3224 ad
4746 3183 4859 3227 vos

1232 3265 1655 3330 communiter
1699 3264 1980 3350 pertinet
2029 3263 2130 3327 vel
2179 3264 2454 3326 divisim.
2502 3262 2683 3328 Nulli
2730 3285 2886 3347 ergo
2936 3263 3193 3327 omnino
3241 3264 3573 3328 hominum
3620 3264 3812 3328 liceat
3858 3264 4026 3328 hanc
4072 3265 4381 3351 paginam
4433 3275 4649 3332 nostre
4712 3290 4863 3333 con-

1230 3371 1580 3437 stitutionis
1627 3378 1691 3435 et
1738 3371 2167 3435 concessionis
2214 3370 2587 3456 infringere,
2621 3372 2724 3434 vel
2772 3371 2833 3435 ei
2880 3392 3040 3435 ausu
3089 3372 3430 3435 temerario
3479 3372 3833 3454 contraire3
3867 3372 3921 3435 si
3954 3372 4095 3458 quis
4137 3379 4354 3436 autem
4386 3373 4505 3438 hoc
4540 3382 4859 3441 attentare

1231 3478 1723 3566 presumpserit,
1770 3477 2281 3563 indignationem
2329 3478 2783 3564 omnipotentis
2830 3477 2956 3542 Dei
3003 3500 3078 3542 ac
3126 3477 3461 3541 beatorum
3507 3478 3689 3542 Petri
3734 3486 3799 3542 et
3857 3478 4049 3543 Pauli
4110 3479 4547 3565 apostolorum
4593 3483 4730 3546 eius
4792 3506 4861 3548 se

1233 3585 1485 3651 noverit
1528 3585 1952 3649 incursurum.

1408 3692 1652 3756 Datum
1699 3691 2008 3756 Laterani
2056 3691 2267 3755 idibus
2310 3691 2499 3776 junii,
2548 3692 2956 3778 pontificatus
3007 3692 3207 3756 nostri
3255 3713 3424 3755 anno
3473 3691 3715 3778 quinto.

2952 4011 3142 4077 XXI.

2724 4228 2916 4310 1221,
2962 4227 3052 4290 27
3094 4228 3364 4312 anqusti.

1864 4443 1966 4507 Ex
2016 4442 2190 4507 arch.
2240 4441 2449 4528 Capit.
2496 4441 2771 4528 Metrop.
2820 4441 3057 4506 bonon.
3106 4442 3171 4505 in
3231 4466 3259 4498 ι
3309 4440 3499 4505 Libro
3546 4442 3783 4505 Axium
3832 4466 3892 4524 ιν,
3941 4464 4072 4507 car.
4121 4445 4227 4508 37.

1404 4663 1508 4734 (L‘
1530 4658 1678 4723 IIoo
1724 4665 1823 4723 est
1869 4657 2240 4743 exemplum
2287 4656 2622 4742 cujusdam
2671 4656 3079 4720 instrumenti
3127 4677 3273 4720 cum
3319 4656 3421 4720 die
3469 4662 3534 4720 et
3580 4657 3841 4721 consule
3887 4657 3979 4722 sic
4027 4658 4423 4745 incipientis:

1406 4767 1484 4831 In
1533 4766 1789 4831 nomine
1836 4764 2135 4847 Domini,
2183 4785 2393 4828 amen.
2453 4763 2767 4848 Magister
2811 4762 3040 4827 Gratia
3086 4763 3598 4828 Archidiaconus
3646 4764 4057 4829 bononiensis
4102 4787 4222 4851 pro
4279 4766 4524 4832 honore
4570 4777 4635 4834 et
4688 4778 4864 4836 statu

1227 4873 1510 4960 Capituli
1556 4873 1968 4938 bononiensis
2017 4871 2427 4957 infrascripta
2477 4870 2777 4956 Capitula
2824 4879 2888 4934 et
2930 4870 3208 4953 Statuta,
3243 4870 3486 4934 scilicet
3534 4871 4010 4956 infrascriptam
4058 4871 4331 4937 formam
4365 4896 4618 4961 semper
4648 4877 4713 4941 in
4746 4878 4861 4942 bo-

1226 4982 1519 5047 noniensi
1569 4980 1870 5066 Capitulo
1915 4980 2331 5065 imposterum
2383 4978 2808 5059 observanda,
2856 4978 3262 5064 presentibus
3309 4977 3372 5042 J.
3420 4977 3989 5063 archipresbitero,
4039 4979 4271 5045 domno
4317 4980 4576 5065 Probo,
4626 4983 4862 5050 domno

1226 5090 1598 5170 Ottaviano,
1647 5088 1881 5153 domno
1930 5086 2225 5168 Alberto,
2276 5085 2509 5149 domno
2559 5084 2879 5168 Gnidone,
2929 5084 3163 5148 domno
3211 5084 3489 5170 Angelo,
3536 5084 3933 5170 presbiteris,
3983 5086 4291 5172 magistro
4341 5087 4631 5173 Oddone,
4664 5091 4863 5157 Petro

1228 5197 1523 5279 Succida,
1572 5194 1870 5259 Gnidone
1920 5194 2183 5275 GrassO,
2234 5192 2521 5275 Andrea,
2569 5193 2881 5277 magistro
2927 5191 3230 5274 Martino,
3265 5192 3662 5274 diaconibus,
3706 5192 4002 5257 Gnidone
4051 5192 4129 5257 de
4176 5193 4495 5280 Bagnolo,
4530 5197 4862 5282 Gnidotto,

1222 5304 1533 5390 magistro
1598 5301 1969 5384 Lamberto,
2019 5299 2289 5382 Jacob0,
2338 5300 2648 5384 magistro
2696 5298 3072 5381 TancredO,
3121 5298 3656 5381 subdiaconibus,
3706 5307 3771 5363 et
3826 5299 4216 5386 Henrigipto
4279 5303 4602 5367 canonicis
4660 5305 4863 5369 bono-

1224 5411 1575 5492 niensibus,
1608 5407 1798 5473 tactis
1830 5408 2257 5471 sacrosanctis
2303 5407 2700 5492 Evangeliis,
2730 5406 3008 5490 juravit:
3056 5430 3086 5463 ‹
3119 5405 3251 5491 Eyo
3294 5409 3583 5491 magister
3633 5407 3859 5471 Gratia
3898 5407 4388 5473 Archidiaconus
4418 5408 4691 5475 Bononie
4721 5433 4862 5476 con-

1223 5522 1393 5585 scilia
1428 5526 1481 5583 et
1513 5518 1750 5581 decreta
1804 5515 2076 5600 Capituli
2119 5514 2522 5598 bononiensis,
2556 5536 2672 5600 que
2713 5521 2993 5598 precepta
3040 5521 3222 5577 erunt
3253 5535 3372 5577 esse
3401 5522 3624 5578 secreta
3652 5536 3772 5598 per
3801 5513 4325 5579 Arcleidiaconum
4356 5524 4409 5581 et
4438 5518 4863 5602 Archipresbi·

1224 5635 1446 5708 terum,
1495 5626 1584 5688 vel
1629 5644 1840 5688 eorum
1884 5624 2173 5704 alterum,
2216 5623 2326 5706 rel,
2373 5624 2456 5686 eis
2500 5620 2862 5704 absentibus,
2896 5642 3019 5705 per
3068 5619 3444 5705 Capitulum,
3476 5622 3641 5685 nulli
3680 5622 3979 5705 pandam,
4028 5623 4197 5686 ultra
4241 5623 4543 5687 decimum
4586 5632 4865 5690 octavum

1231 5734 1678 5798 Canonicorum
1723 5751 2050 5794 numerum
2100 5731 2166 5792 in
2203 5729 2551 5793 bononiensi
2595 5727 2868 5792 Ecclesia
2913 5730 3303 5792 constitutum
3353 5729 3599 5791 nullum
3633 5730 3698 5791 in
3735 5726 4113 5792 Canonicum
4145 5730 4363 5815 eliqam
4414 5731 4503 5794 rel
4548 5734 4863 5816 recipiam,

1224 5842 1470 5906 ordines
1530 5837 1775 5903 servabo
1828 5839 1896 5901 in
1948 5835 2229 5921 Capitulo
2273 5836 2650 5920 bononiensi,
2697 5836 2967 5900 videlicet
3012 5856 3117 5898 sex
3163 5834 3534 5898 Presbiteros
3579 5843 3633 5899 et
3678 5856 3783 5898 sex
3825 5835 4134 5899 Diaconos
4179 5844 4235 5900 et
4280 5845 4547 5921 quatuor
4594 5837 4865 5903 Subdiu·

1224 5969 1399 6013 conos
1445 5954 1498 6011 et
1544 5947 1698 6010 duos
1742 5946 2024 6027 Aeolitos,
2073 5945 2157 6007 ita
2202 5952 2406 6008 tamen
2452 5965 2590 6006 cum
2625 5946 2835 6028 primo
2880 5945 3179 6006 vacat-erit
3228 5941 3396 6005 Ordo
3447 5941 3953 6024 SubdiaconatuS,
4002 5944 4220 6028 eliaam
4271 5942 4439 6008 Ordo
4483 5945 4616 6028 ejus
4660 5968 4865 6010 urium

1223 6057 1309 6121 ad
1353 6055 1680 6118 Acolitum.
1729 6052 1829 6117 De
1873 6053 1987 6116 hac
2031 6060 2232 6116 tamen
2280 6050 2684 6115 observatione
2729 6058 2785 6114 et
2822 6051 3113 6114 ordinum
3146 6050 3519 6114 districtione
3550 6051 3685 6113 nolo
3700 6051 4063 6132 juramento
4094 6053 4306 6132 teneri,
4338 6053 4462 6115 nisi
4490 6073 4625 6116 cum
4661 6053 4867 6135 fuerit

1212 6186 1334 6250 per
1383 6162 1773 6247 Superiorem
1819 6161 1925 6224 hoc
1977 6159 2362 6244 Capitulum,
2407 6180 2512 6222 seu
2572 6158 2866 6222 ordinum
2911 6158 3228 6240 districtio,
3273 6157 3672 6240 confirmata;
3717 6158 3964 6221 nullum
4011 6159 4227 6243 eliyam
4291 6159 4384 6223 vel
4441 6161 4727 6243 recipiam
4790 6163 4859 6225 in

1230 6271 1608 6337 Canonicum
1654 6268 2099 6350 bononiensem,
2144 6269 2268 6330 nisi
2311 6266 2396 6330 ad
2441 6287 2600 6349 eum,
2648 6287 2825 6351 quem
2860 6287 2981 6350 per
3029 6273 3277 6329 mortem
3324 6266 3589 6348 alicujus
3640 6265 3968 6348 Canonici,
4018 6267 4105 6330 rel
4162 6267 4286 6330 alio
4339 6267 4515 6331 modo
4573 6268 4860 6353 legitimo,

1385 6504 1462 6568 (1)
1506 6500 1588 6552 Ex
1625 6517 1737 6569 reg.
1777 6499 1883 6552 ΙΙΙ.
1922 6499 2149 6551 Honorii
2185 6498 2291 6549 111.
2314 6537 2328 6558 ‚
2368 6514 2453 6566 ep.
2495 6500 2616 6562 745,
2656 6495 2750 6548 fol.
2794 6499 2912 6562 149,
2950 6495 3282 6562 MOCXXI„
3320 6495 3481 6548 XIII.
3519 6496 3673 6549 iunii.
