5542 7775
1637 663 2098 715 spnc'ramm
2155 665 2258 715 AD
2315 665 2825 717 Pnornssoans
2879 664 3091 716 ‚rums
3148 665 3416 715 01VIL1s
4186 644 4334 714 123

703 819 981 905 populus
1038 818 1469 885 bononienses
1533 841 1677 884 cum
1725 820 2233 906 quibuscumque
2296 819 2702 902 civitatibus,
2751 820 3317 885 communitatibus
3379 821 3484 884 vel
3546 820 3984 906 singularibus
4052 819 4342 906 personis

708 925 1007 1010 inierant,
1041 926 1145 990 vel
1193 927 1285 991 eis
1336 927 1402 991 in
1448 926 1819 1012 hujusmodi
1864 926 2274 992 indevotione
2320 927 2813 1013 persistentibus
2845 927 3048 991 inient
3079 928 3146 991 in
3179 927 3487 1012 futurum,
3522 928 3737 992 irritas
3771 926 3908 991 fore
3942 926 4345 991 decernimus

705 1040 771 1098 et
818 1034 1079 1117 inanes,
1122 1035 1495 1118 juramenta
1541 1035 1621 1100 de
1671 1035 1795 1098 illis
1842 1034 2214 1117 servandis,
2262 1036 2368 1099 vel
2415 1035 2578 1099 alias
2635 1034 3232 1121 quomodocumque
3278 1057 3396 1121 pro
3442 1035 3749 1122 predictis
3797 1035 3947 1099 hinc
3995 1034 4143 1098 inde
4199 1055 4342 1119 pre-

707 1141 859 1204 stita
907 1142 1279 1206 relaxantes
1327 1142 1608 1226 omnino,
1657 1142 1740 1206 ad
1784 1163 1985 1228 penas
2033 1141 2197 1205 alias
2244 1148 2467 1206 contra
2515 1163 2625 1206 eos
2674 1142 3104 1206 infallibiliter
3147 1143 3534 1228 processuri,
3583 1143 3638 1206 si
3698 1142 3866 1206 forte
3914 1141 4351 1206 inobedientia

707 1269 822 1312 seu
869 1249 1274 1313 contumacia
1323 1250 1617 1334 exegerit
1662 1248 2052 1313 eorumdem.
2100 1248 2230 1312 Per
2275 1249 2398 1314 hoc
2445 1256 2663 1313 autem
2710 1248 2878 1335 quod
2927 1249 3047 1313 sub
3096 1249 3283 1313 titulo
3333 1270 3447 1313 seu
3495 1249 3811 1314 vocabulo
3860 1248 4169 1331 civitatis,
4215 1248 4346 1312 Bo·

706 1355 968 1419 noniam
1014 1362 1079 1419 et
1126 1357 1267 1441 ejus
1316 1356 1558 1421 incolas
1606 1355 1726 1419 sub
1775 1356 2211 1419 universitatis
2254 1355 2360 1419 vel
2406 1356 2884 1421 communitatis
2931 1356 3189 1420 nomine
3235 1356 3642 1442 presentibus
3688 1377 4167 1442 nuncupamus,
4217 1376 4345 1419 non

708 1462 1098 1527 intendimus
1144 1464 1237 1527 eis
1285 1463 1548 1549 aliquod
1605 1484 1844 1527 novum
1884 1464 1992 1548 jus
2054 1462 2375 1545 tribuere,
2421 1463 2526 1527 vel
2574 1484 2775 1548 penas
2823 1462 3110 1528 adimere
3171 1485 3331 1549 quas
3394 1469 3658 1550 propter
3712 1464 3998 1549 prefatos
4044 1483 4346 1527 excessus

705 1569 1051 1634 incurrisse
1113 1577 1482 1635 noscuntur.
1531 1570 1617 1634 Et
1663 1571 1815 1635 licet
1861 1572 2186 1657 prefatum
2233 1569 2490 1657 publice
2548 1570 2871 1634 citationis
2931 1570 3212 1635 edictum
3275 1570 3366 1634 sic
3413 1570 3785 1634 solemniter
3832 1569 4125 1633 habitum
4171 1569 4344 1655 apud

707 1677 1133 1764 apostolicam
1182 1677 1401 1742 sedem
1456 1678 1675 1764 sicque
1709 1679 1774 1740 in
1807 1677 2078 1742 diversis
2112 1677 2485 1742 civitatibus
2531 1685 2597 1741 et
2637 1677 2795 1741 locis
2828 1676 2978 1762 alijs
3010 1677 3403 1741 solemnibus
3435 1676 3642 1741 eidem
3676 1676 3921 1741 civitati
3954 1676 4348 1741 Bononiensi

704 1784 935 1848 vicinis
981 1785 1201 1872 palam
1248 1792 1313 1849 et
1357 1785 1612 1871 publice
1658 1783 2066 1871 postmodum
2113 1785 2309 1849 etiam
2357 1784 2730 1848 solemniter
2768 1784 3189 1870 publicatum,
3224 1806 3298 1848 ac
3340 1784 3831 1870 recognitiones,
3864 1783 4342 1869 promissiones,

703 1892 1222 1974 juramentorum
1272 1893 1700 1980 prestationes
1748 1899 1813 1957 et
1859 1892 1990 1956 alia
2036 1899 2222 1976 gesta
2269 1900 2334 1957 et
2379 1892 2605 1957 habita
2650 1891 2825 1978 apud
2871 1891 3090 1956 sedem
3137 1892 3432 1956 eamdem
3477 1913 3592 1978 per
3640 1892 3878 1955 dictum
3920 1891 4234 1956 sindicum
4281 1897 4347 1954 et

708 2007 1193 2084 procuratorem
1238 2000 1557 2066 dictorum
1603 2000 1977 2083 communis,
2016 2000 2454 2064 universitatis
2502 2008 2567 2063 et
2611 1999 2834 2086 populi
2882 1999 3371 2064 bononiensium
3420 1999 3862 2085 procuratorio
3906 2006 3971 2063 et
4002 1998 4345 2063 sindicario

706 2107 966 2171 nomine
1015 2108 1543 2172 constituentium
1592 2108 2025 2193 predictorum
2087 2108 2279 2194 plene
2342 2107 2633 2172 sufficere
2694 2106 3159 2192 dignoscantur
3218 2106 3301 2170 ad
3347 2107 3687 2171 ulteriores
3734 2127 4074 2193 processus
4121 2112 4346 2170 contra

710 2213 997 2301 prefatos
1043 2236 1401 2297 commune,
1452 2214 1939 2279 universitatem
1988 2222 2053 2279 et
2098 2214 2408 2301 populum
2465 2236 2539 2279 ac
2588 2214 2895 2278 officiales
2945 2214 3266 2299 quoslibet
3311 2222 3377 2278 et
3423 2214 3787 2299 singulares
3833 2234 4144 2299 personas
4191 2212 4348 2277 civi·

709 2321 861 2385 tatis
909 2321 1222 2405 ejusdem,
1252 2343 1371 2386 nec
1418 2343 1546 2386 non
1592 2321 1797 2386 dictos
1847 2322 2098 2404 citatos,
2132 2328 2197 2385 et
2244 2321 2566 2407 quoslibet
2606 2327 2970 2407 patratores
3011 2342 3393 2385 excessuum
3426 2320 3859 2406 predictorum
3887 2321 4080 2404 juxta
4109 2319 4345 2384 dictam

709 2430 1228 2493 constitutionem
1279 2428 1569 2513 ejusdem
1616 2428 1939 2514 Bonifacij
1989 2436 2055 2493 et
2100 2430 2229 2493 alia
2270 2430 2457 2513 jura,
2506 2435 2570 2492 et
2618 2428 2813 2510 alias,
2864 2435 3053 2513 prout
3100 2427 3530 2513 predictorum
3595 2448 3977 2491 excessuum
4042 2427 4347 2491 atrocitas

710 2557 1060 2622 eorumque
1107 2537 1382 2600 variatio
1444 2544 1508 2600 et
1554 2537 2049 2622 promissionum
2111 2557 2187 2601 ac
2236 2536 2739 2600 iuramentorum
2788 2535 3051 2599 violatio
3100 2542 3165 2600 et
3212 2535 3276 2598 in
3323 2535 3630 2620 pristinas
3686 2535 3909 2620 culpas
3973 2534 4349 2598 recidivatio

708 2644 981 2729 exigunt
1035 2645 1210 2729 juste
1277 2642 1645 2726 habendos,
1696 2643 1997 2708 citatione
2060 2644 2191 2707 alia
2237 2664 2365 2707 non
2415 2665 2575 2729 opus
2623 2644 2740 2725 sit,
2789 2663 2874 2706 ex
2929 2641 3286 2705 abundanti
3346 2649 3563 2705 tamen
3625 2641 3912 2728 prefatos
3971 2662 4346 2721 commune,

707 2751 1196 2816 universitatem
1242 2758 1309 2816 et
1354 2752 1666 2837 populum
1714 2773 1791 2814 ac
1839 2751 2143 2815 officiales
2178 2750 2519 2835 quoslibet,
2554 2769 2959 2835 quocumque
2992 2750 3249 2813 nomine
3284 2756 3688 2830 censeantur,
3722 2748 4056 2812 Thadeum
4092 2769 4348 2833 quoque

704 2858 783 2923 de
829 2859 1096 2945 Pepulis
1158 2866 1224 2923 et
1271 2858 1434 2923 alios
1484 2859 1861 2945 superstites
1910 2879 2131 2922 omnes
2178 2866 2243 2921 et
2290 2857 2579 2941 singulos
2627 2856 2921 2941 ejusdem
2975 2855 3254 2920 civitatis
3315 2855 3730 2920 bononiensis
3776 2856 3841 2918 in
3890 2854 4076 2919 dictis
4125 2854 4347 2939 primis

702 2966 1112 3054 processibus
1144 2965 1530 3047 nominatos,
1567 2964 1963 3051 presentium
1996 2971 2218 3027 tenore
2268 2964 2539 3027 citamus
2573 2970 2643 3026 ut
2676 2962 2846 3026 infra
2894 2962 3088 3025 trium
3134 2961 3471 3043 mensium,
3508 2982 3547 3024 a
3590 2961 3743 3025 data
3789 2961 4186 3048 presentium
4235 2981 4350 3023 nu·

702 3062 1153 3138 merandorum
1204 3072 1510 3159 spatium,
1559 3071 1730 3156 quod
1777 3071 1869 3135 eis
1918 3093 2034 3158 pro
2081 3071 2513 3158 peremptorio
2563 3070 2838 3134 termino
2885 3069 3330 3153 assignamus,
3380 3090 3576 3155 super
3623 3068 3919 3133 omnibus
3967 3074 4032 3131 et
4077 3067 4351 3152 singulis

704 3181 1077 3245 excessibus
1126 3188 1192 3244 et
1240 3179 1447 3266 culpis
1495 3178 1837 3263 predictis,
1888 3200 2004 3243 nec
2051 3200 2181 3243 non
2227 3178 2479 3242 damnis
2526 3185 2591 3241 ct
2637 3177 2896 3261 injurijs
2944 3175 3155 3240 eidem
3201 3196 3464 3240 romane
3521 3176 3790 3240 ecclesie
3839 3182 3903 3239 et
3949 3175 4237 3260 LegatO,
4286 3183 4350 3239 et

704 3289 1006 3373 gentibus
1054 3289 1186 3352 suis
1235 3288 1563 3373 irrogatis,
1599 3309 1674 3351 ac
1720 3287 2035 3351 fructibus
2082 3294 2147 3350 et
2194 3285 2614 3372 proventibus
2662 3285 2874 3349 medio
2922 3292 3211 3371 tempore
3259 3284 3579 3370 perceptis
3627 3305 3743 3370 per
3789 3304 3899 3348 eos
3946 3284 4025 3347 de
4067 3283 4349 3364 civitate,

703 3396 1047 3478 comitatu,
1098 3395 1423 3460 territorio
1487 3401 1552 3459 et
1612 3394 1906 3458 districtu
1968 3393 2272 3479 predictis
2331 3392 2413 3456 ad
2476 3392 2876 3457 definitivam
2938 3392 3324 3456 sententiam
3383 3399 3447 3455 et
3504 3398 3756 3456 nostros
3805 3411 4142 3476 processus
4189 3391 4351 3453 alios

704 3503 1080 3586 audiendos,
1114 3503 1286 3567 idem
1318 3502 1624 3567 Thadeus
1657 3502 1736 3565 de
1770 3501 2036 3586 Pepulis
2069 3522 2185 3587 pro
2221 3500 2689 3564 Conservatore
2724 3507 2789 3563 et
2822 3499 3031 3585 quivis
3065 3500 3177 3584 alij
3211 3520 3327 3585 pro
3363 3498 3720 3580 Potestate,
3755 3498 4132 3584 Capitaneo,
4166 3497 4209 3561 J
4213 3497 4352 3560 udi-

704 3611 906 3693 cibus,
942 3610 1363 3692 consiliariis,
1397 3610 1723 3691 Antianis,
1757 3608 2166 3690 Rectoribus,
2202 3608 2611 3689 Consulibus,
2646 3607 3028 3671 officialibus
3060 3627 3129 3670 se
3176 3613 3497 3691 gerentes,
3532 3627 3607 3670 ac
3654 3605 4082 3692 prenominati
4131 3625 4351 3669 omnes

704 3725 769 3783 et
815 3718 1056 3804 singuli
1101 3718 1532 3782 bononienses
1580 3716 2029 3802 personaliter,
2065 3716 2520 3779 universitates
2566 3735 2720 3778 vero
2770 3720 2836 3777 et
2883 3713 3248 3777 communia
3295 3712 3594 3794 civitatis,
3640 3713 3980 3776 comitatus
4028 3722 4091 3775 et
4138 3711 4352 3774 distri-

706 3833 845 3891 ctus
891 3825 1330 3913 predictorum
1377 3845 1493 3911 per
1539 3823 1902 3910 legitimum
1950 3823 2265 3887 sindicum
2312 3829 2377 3887 et
2424 3828 2906 3909 procuratorem
2953 3841 3197 3900 eorum,
3240 3842 3456 3884 coram
3506 3820 3689 3883 nobis
3736 3825 3802 3883 et
3849 3819 4014 3883 Sede
4061 3819 4351 3906 predicta

704 3934 985 3999 debeant
1032 3953 1441 4019 comparere;
1479 3931 1788 4017 alioquin,
1823 3931 1959 3995 sive
2008 3931 2303 3995 venerint
2349 3930 2484 3993 sive
2532 3951 2681 4011 non,
2730 3929 2812 3993 ad
2860 3928 3195 4015 premissa,
3228 3934 3420 4014 prout
3453 3928 3761 4013 expedire
3802 3927 4172 4009 viderimus,
4205 3947 4352 4011 pro-

704 4042 1028 4124 cedemus,
1064 4062 1288 4105 eorum
1320 4039 1618 4104 absentia
1650 4060 1765 4103 seu
1799 4039 2204 4103 coutumacia
2237 4059 2362 4102 non
2398 4037 2716 4102 obstante.

883 4150 970 4215 Et
1017 4158 1088 4214 ut
1135 4170 1472 4236 processus
1521 4146 1891 4231 hujusmodi
1938 4146 2021 4210 ad
2068 4145 2383 4210 dictorum
2429 4144 2924 4210 bononiensium
2979 4153 3044 4209 et
3107 4165 3511 4208 communem
3569 4143 3853 4207 omnium
3901 4142 4196 4206 notitiam
4242 4140 4351 4204 de-

708 4258 1062 4340 ducantur,
1111 4264 1174 4320 et
1222 4264 1447 4320 contra
1495 4254 1757 4319 eosdem
1804 4275 2141 4340 processus
2190 4253 2395 4318 omnis
2443 4252 2765 4317 calumnie
2815 4252 3080 4316 tollatur
3136 4252 3422 4333 occasiO,
3472 4258 3684 4314 cartas
3746 4250 3881 4314 sive
3944 4248 4352 4312 membranas

704 4386 1043 4451 processus
1091 4363 1465 4448 hujusmodi
1513 4362 1936 4444 continentes,
1972 4362 2037 4424 in
2076 4361 2342 4445 majoris
2390 4359 2824 4424 avinionensis
2872 4358 3141 4423 ecclesie
3189 4358 3471 4444 appendi
3518 4380 3633 4422 seu
3674 4357 3851 4442 affigi
3891 4356 4122 4441 hostijs
4154 4354 4350 4419 facie-

705 4494 886 4554 mus3
936 4493 1060 4557 que
1108 4492 1448 4557 processus
1496 4470 1671 4556 ipsos
1719 4491 1835 4533 suo
1883 4468 2070 4553 quasi
2117 4489 2349 4532 sonoro
2398 4468 2700 4553 preconio
2750 4474 2815 4531 et
2860 4466 3084 4553 patulo
3131 4466 3369 4530 indicio
3418 4465 3871 4551 publicabunt,
3921 4471 3993 4527 ut
4040 4463 4193 4527 dicti
4242 4463 4353 4526 bo·

707 4580 1071 4661 nonienses,
1109 4585 1174 4643 et
1221 4577 1430 4664 quivis
1479 4577 1592 4661 alij
1651 4598 1810 4662 quos
1858 4597 2196 4662 processus
2244 4575 2367 4661 ipsi
2413 4575 2815 4660 contingunt,
2850 4574 3096 4639 nullam
3143 4574 3392 4659 possint
3432 4571 3918 4637 excusationem
3947 4570 4351 4657 pretendere,

706 4686 815 4751 vel
865 4685 1297 4771 ignorantiam
1346 4684 1634 4769 allegare
1690 4682 1863 4769 quod
1909 4683 1991 4746 ad
2038 4704 2149 4747 eos
2195 4703 2533 4769 processus
2580 4680 2951 4766 hujusmodi
2997 4702 3126 4744 non
3174 4680 3586 4766 pervenerint
3640 4679 3744 4744 vel
3792 4677 3962 4764 quod
4013 4678 4353 4763 ignorave-

709 4795 841 4859 rint
887 4793 1168 4875 eosdem,
1217 4814 1363 4857 cum
1412 4813 1541 4857 non
1589 4792 1673 4855 sit
1716 4790 2064 4855 verisimile
2112 4811 2448 4854 remanere
2492 4811 2618 4875 quo
2665 4789 2748 4853 ad
2798 4789 2970 4875 ipsos
3019 4788 3418 4873 incognitum
3466 4787 3569 4851 vel
3617 4786 3959 4868 occultum,
4003 4785 4174 4871 quod
4219 4793 4352 4848 tam

712 4909 1011 4989 patenter
1060 4900 1254 4964 fuerit
1300 4900 1596 4964 omnibus
1644 4899 2063 4984 publicatum.
2112 4897 2431 4972 Quocirca
2477 4896 2870 4960 fraternitati
2918 4903 3129 4959 vestre
3176 4917 3292 4981 per
3338 4895 3693 4980 apostolica
3740 4895 3980 4980 scripta
4014 4894 4080 4956 in
4115 4892 4348 4956 virtute

711 5008 1077 5075 obedientie
1135 5007 1422 5071 districte
1485 5006 1873 5093 precipimus
1922 5012 1987 5069 et
2032 5003 2435 5087 mandamus,
2484 5010 2803 5090 quatenus
2849 5025 2964 5067 vos
3007 5009 3071 5067 et
3117 5003 3356 5087 singuli
3402 5009 3689 5066 vestrum
3734 5002 3799 5065 in
3848 5000 4079 5065 vestris
4127 4999 4350 5063 civita-

709 5118 883 5182 tibus
930 5122 996 5180 et
1042 5115 1405 5179 diocesibns
1454 5135 1568 5200 per
1614 5135 1729 5177 vos
1775 5112 1880 5177 vel
1927 5134 2043 5199 per
2090 5112 2290 5174 alium
2338 5132 2452 5175 seu
2499 5111 2682 5192 alios,
2732 5117 3067 5197 exemptos
3115 5116 3181 5174 et
3241 5131 3370 5174 non
3434 5117 3789 5194 exemptos,
3838 5130 3997 5194 quos
4055 5107 4137 5171 ad
4199 5128 4349 5171 exe·

709 5224 1033 5311 quendum
1082 5222 1461 5286 mandatum
1508 5220 1899 5305 hujusmodi,
1934 5221 1989 5283 si
2021 5219 2372 5306 expediens
2406 5220 2622 5301 fuerit,
2658 5218 3042 5283 auctoritate
3076 5224 3296 5281 nostra
3329 5238 3444 5302 per
3476 5237 3815 5280 censuram
3848 5215 4351 5280 ecclesiasticam

712 5329 1137 5415 compellatis.

886 5437 1233 5500 Presentes
1298 5434 1521 5498 literas
1576 5442 1642 5498 et
1705 5454 2042 5519 processus
2104 5432 2330 5496 diebus
2391 5432 2785 5497 solemnibus
2848 5437 2913 5496 et
2974 5430 3262 5513 festivis,
3312 5437 3377 5494 et
3432 5430 3495 5493 in
3544 5429 3692 5513 alijs
3749 5429 4039 5512 ecclesijs
4096 5428 4352 5514 quando

710 5545 920 5628 major
972 5543 1036 5607 in
1083 5543 1176 5606 eis
1224 5542 1432 5606 aderit
1480 5541 1704 5628 populi
1751 5540 2116 5623 multitudO,
2165 5547 2231 5604 et
2275 5540 2433 5605 locis
2481 5541 2650 5625 alijs,
2699 5546 2892 5627 prout
2937 5538 3122 5603 vobis
3168 5537 3512 5620 videbitur,
3561 5537 3933 5601 solemniter
3979 5536 4350 5622 publicetis,

710 5661 775 5716 et
818 5650 1137 5738 publicari
1184 5649 1459 5732 faciatis,
1494 5650 1807 5713 facientes
1854 5648 1934 5712 de
1967 5648 2405 5733 publicatione
2439 5647 2810 5732 hujusmodi
2840 5646 2981 5710 fieri
3012 5645 3274 5732 publica
3307 5646 3753 5728 instrumenta,
3789 5644 3903 5708 illa
3935 5643 4121 5708 nobis
4156 5663 4354 5727 quan·

715 5760 921 5824 tocius
970 5757 1302 5822 commode
1347 5757 1663 5843 poteritis,
1712 5755 2170 5820 transmissuri.

890 5866 1137 5929 Datum
1183 5864 1492 5929 Avinioni
1538 5872 1722 5928 sexto
1771 5863 2086 5927 kalendas
2134 5862 2537 5949 septembris,
2586 5863 2997 5949 pontificatus
3044 5864 3246 5926 nostri
3293 5882 3463 5924 anno
3512 5860 3756 5945 quinto.
