5542 7775
1574 672 2038 724 SPEOTANTIA
2093 673 2197 724 AD
2251 672 2763 726 PROFESSORES
2821 676 3033 727 JURIS
3089 675 3444 727 CANONICI
4175 657 4320 729 179

685 824 821 889 sive
884 824 949 888 in
1011 825 1321 890 codicillis
1368 827 1470 892 sit.
1519 826 1620 892 De
1667 827 1933 913 reliquis
1982 849 2133 892 vero
2182 828 2387 893 tribus
2434 829 2720 894 millibus
2766 830 2951 894 libris
2996 829 3163 895 solvi
3208 831 3416 895 voluit
3476 837 3541 895 et
3603 832 3937 896 mandavit
3983 833 4327 897 conventui

682 931 984 997 Fratrum
1032 933 1356 998 Minorum
1403 934 1683 999 civitatis
1729 933 2023 1000 Bononie
2070 934 2542 1021 quinquaginta
2587 937 2788 1001 libras
2834 938 3324 1002 bononenorum
3387 959 3502 1024 pro
3562 937 3952 1003 indumentis
3997 938 4323 1003 Fratrum.

682 1039 850 1104 Item
897 1040 1082 1104 fratri
1127 1040 1171 1106 J
1175 1041 1418 1105 ulliano
1465 1040 1545 1106 de
1594 1041 2068 1125 Tencharariis,
2101 1043 2158 1107 si
2204 1050 2356 1108 tunc
2400 1043 2658 1126 vixerit,
2694 1044 2976 1131 quinque
3009 1045 3209 1109 libras
3239 1045 3746 1111 bononenorum.
3782 1046 3948 1111 Item
3981 1047 4325 1112 conventui

680 1147 984 1211 Fratrum
1030 1148 1237 1212 sancti
1284 1147 1621 1213 Michaelis
1667 1148 1747 1213 de
1785 1148 2000 1213 Busco
2043 1149 2516 1236 quinquaginta
2550 1149 2749 1214 libras
2785 1149 3270 1215 bononenorum
3302 1150 3762 1237 expendendas
3793 1174 3912 1238 pro
3944 1152 4325 1239 complendo

682 1262 873 1319 trnna
920 1255 1188 1319 ecclesie
1235 1255 1440 1319 sancti
1490 1255 1855 1338 Michaelis,
1905 1277 2100 1342 qnam
2147 1257 2360 1343 incepi
2406 1257 2622 1322 facere
2668 1257 2830 1323 fieri.
2878 1258 3046 1322 Item
3094 1259 3438 1323 conventui
3482 1257 3789 1323 Fratrum
3833 1259 4325 1324 Predicatorum

681 1363 960 1429 civitatis
1006 1362 1300 1426 Bononie
1349 1363 1819 1448 qninquaginta
1867 1364 2066 1428 libras
2111 1364 2600 1429 bononenorum
2658 1386 2777 1451 pro
2840 1365 3230 1429 indumentis
3278 1365 3602 1430 Fratrum.
3650 1366 3818 1431 Item
3864 1367 4006 1431 dari
4052 1376 4116 1432 et
4162 1368 4326 1431 solvi

680 1470 886 1535 voluit
931 1476 1253 1534 tercentas
1299 1469 1499 1534 libras
1548 1470 2036 1535 bononenorum
2081 1472 2196 1535 uni
2242 1470 2450 1555 militi,
2484 1472 2596 1558 qui
2641 1493 2758 1559 pro
2808 1472 3025 1536 anima
3058 1488 3354 1537 sua'cum
3387 1471 3571 1537 bonis
3603 1473 3799 1538 armis
3832 1482 3898 1538 et
3928 1496 4093 1560 equo
4125 1474 4325 1540 vadat

681 1585 746 1642 et
791 1584 919 1642 stet
965 1577 1136 1641 ultra
1182 1597 1361 1641 mare
1408 1599 1526 1663 per
1572 1597 1834 1659 annum,
1874 1599 2003 1643 non
2050 1585 2419 1665 computato
2468 1586 2784 1665 tempore·
2808 1600 3103 1644 accessus
3152 1586 3215 1644 et
3260 1578 3571 1663 redditus,
3605 1587 3831 1644 contra
3870 1602 4213 1646 saracenos
4260 1589 4325 1646 et

679 1687 789 1773 qui
834 1691 1235 1771 representet
1280 1706 1350 1748 se
1398 1684 1649 1770 Legato
1697 1683 1987 1749 Ecclesie
2034 1706 2299 1750 romane
2346 1686 2452 1751 vel
2498 1686 2902 1769 Patriarche,
2951 1694 3017 1751 et
3072 1686 3155 1750 ad
3210 1708 3432 1751 eorum
3478 1687 3881 1752 voluntatem
3928 1694 4054 1752 stet
4101 1695 4326 1754 contra

678 1813 1044 1857 saracenos.
1092 1790 1260 1855 Item
1306 1790 1449 1855 dari
1493 1798 1559 1855 et
1606 1791 1771 1855 solvi
1816 1791 2022 1856 voluit
2066 1792 2291 1856 decem
2344 1792 2545 1856 libras
2604 1793 3095 1858 bononenorum
3156 1793 3346 1857 alteri
3406 1814 3680 1879 persone
3743 1815 3868 1880 que
3932 1816 4052 1881 pro
4109 1796 4327 1859 anima

678 1901 820 1983 ejus
865 1900 1084 1963 visitet
1128 1898 1353 1963 limina
1399 1898 1575 1963 beati
1622 1898 1853 1963 Jacobi
1901 1898 1980 1963 de
2028 1898 2487 1986 compostella.
2537 1899 2705 1964 Item
2751 1899 2892 1964 dari
2939 1907 3004 1964 et
3051 1900 3217 1964 solvi
3259 1900 3464 1964 voluit
3496 1900 3862 1985 quindecim
3893 1901 4093 1965 libras
4126 1902 4326 1967 bono-

680 2028 993 2072 nenorum
1040 2006 1229 2070 alteri
1276 2026 1548 2092 persone
1599 2027 1722 2091 que
1768 2027 1886 2091 pro
1935 2005 2151 2070 anima
2197 2007 2339 2091 ejus
2387 2006 2586 2071 vadat
2633 2006 2932 2089 Romam,
2967 2014 3032 2071 et
3071 2006 3162 2071 ibi
3192 2013 3318 2071 stet
3350 2013 3487 2072 tota
3529 2007 4029 2093 quadragesima
4072 2009 4322 2093 maiori,

677 2123 742 2179 et
786 2113 985 2179 vadat
1032 2113 1111 2177 ad
1162 2114 1481 2178 staciones
1525 2113 1826 2177 continue
1875 2120 1940 2177 et
1986 2113 2424 2198 indulgentias
2471 2120 2701 2200 querat
2748 2121 2815 2179 et
2859 2114 3131 2200 recipiat
3175 2136 3293 2200 pro
3339 2115 3558 2178 anima
3604 2136 3756 2198 sua,
3805 2122 3870 2180 et
3915 2115 4323 2201 postmodum

676 2221 872 2286 vadat
918 2220 1002 2285 ad
1048 2220 1389 2285 ecclesiam
1432 2220 1610 2284 beati
1655 2220 1996 2285 Michaelis
2042 2220 2478 2305 Archangeli,
2528 2228 2593 2285 et
2655 2220 2737 2285 ad
2801 2221 3142 2285 ecclesiam
3201 2221 3378 2286 beati
3422 2221 3484 2285 N
3488 2221 3724 2286 icholai
3786 2222 3866 2286 de
3928 2221 4106 2287 Bari.
4155 2222 4323 2288 Item

674 2328 937 2414 reliquit
983 2327 1329 2393 conventui
1375 2326 1803 2392 Dominarum
1848 2327 2057 2392 sancti
2100 2327 2433 2392 Francisci
2480 2327 2560 2392 de
2607 2326 2907 2392 Bononia
2955 2349 3071 2414 pro
3106 2328 3493 2392 indumentis
3529 2327 3837 2393 Sororum
3869 2329 4092 2394 decem
4123 2329 4322 2394 libras

675 2436 1182 2500 bononenorum.
1231 2434 1400 2498 Item
1446 2434 1788 2498 conventui
1837 2440 2059 2499 sancte
2105 2435 2383 2520 Agnetis
2445 2435 2728 2520 quinque
2790 2435 2991 2499 libras
3055 2435 3542 2500 bononenorum
3603 2457 3719 2520 pro
3769 2436 4158 2501 indumentis
4207 2437 4321 2501 So·

675 2565 915 2608 rorum.
956 2542 1125 2606 Item
1172 2541 1517 2606 conventui
1566 2540 1875 2605 Sororum
1923 2547 2144 2606 sancte
2191 2541 2398 2605 Marie
2445 2540 2836 2627 Magdalene
2869 2542 2950 2607 de
2984 2542 3309 2607 conversis
3345 2541 3568 2606 decem
3604 2542 3804 2606 libras
3835 2542 4321 2609 bononenorum

673 2671 792 2737 pro
855 2648 1247 2713 indumentis
1296 2647 1626 2712 Sororum.
1675 2647 1844 2711 Item
1906 2649 2252 2712 conventui
2296 2647 2723 2712 Dominarum
2793 2649 2874 2712 de
2941 2647 3387 2713 Misericordia
3433 2648 3656 2713 decem
3701 2650 3903 2714 libras
3950 2650 4321 2716 bononeno-

676 2780 819 2822 rum
857 2778 976 2844 pro
1019 2756 1409 2820 indumentis
1446 2754 1772 2820 Sororum.
1813 2754 1982 2820 Item
2020 2755 2362 2820 conventui
2397 2755 2824 2820 Dominarum
2867 2756 2946 2821 de
2991 2755 3255 2821 Cistello
3289 2755 3570 2842 quinque
3604 2757 3802 2821 libras
3833 2758 4321 2822 bononenorum

673 2886 789 2951 pro
836 2863 1230 2928 indumentis
1279 2862 1607 2927 Sororum.
1653 2862 1821 2926 Item
1883 2862 2229 2927 conventui
2274 2863 2481 2927 sancti
2526 2862 2708 2928 Petri
2754 2863 3042 2928 Martiris
3090 2863 3372 2948 quinque
3421 2863 3621 2927 libras
3668 2863 4154 2928 bononenorum
4202 2887 4318 2951 pro

676 2971 1064 3035 indumentis
1101 2969 1429 3035 Sororum.
1463 2968 1631 3034 Item
1678 2969 1940 3055 reliquit
1971 2969 2205 3035 domno
2254 2969 2464 3035 Paulo
2512 2991 2805 3053 monacO,
2840 2969 3243 3057 procuratori
3274 2991 3412 3053 suo,
3448 2970 3559 3055 qui
3604 2977 3734 3034 stat
3780 2970 3951 3057 apud
4001 2970 4322 3035 Tumbam

673 3100 819 3142 cum
865 3078 1268 3163 genitoribus
1315 3078 1468 3159 6616,
1501 3098 1620 3163 pro
1667 3077 1891 3141 labore
1940 3085 2006 3142 et
2051 3077 2344 3143 mercede
2392 3099 2509 3141 sua
2556 3077 2826 3163 triginta
2873 3078 3073 3141 libras
3111 3077 3620 3142 bononenorum.
3655 3078 3821 3141 Item
3852 3078 4152 3142 Antiocie
4185 3099 4318 3142 ser-

672 3186 874 3250 vienti
919 3185 1325 3249 dominorum
1373 3185 1740 3269 genitorum
1786 3206 2051 3248 suorum
2096 3184 2362 3248 feudum
2406 3206 2596 3249 suum
2640 3191 2706 3249 et
2752 3185 3017 3270 insuper
3056 3184 3529 3270 quinquaginta
3561 3184 3778 3249 soldos
3811 3185 4318 3250 bononenorum.

672 3293 841 3357 Item
886 3291 1139 3373 Axisio,
1174 3291 1481 3355 servienti
1512 3292 1819 3377 ipsorum,
1855 3291 2118 3356 feudum
2166 3313 2355 3356 suum
2402 3299 2467 3356 et
2512 3292 2776 3378 insuper
2820 3292 2964 3356 XL.
3000 3291 3216 3356 soldos
3261 3292 3766 3355 bononenorum.
3804 3292 3969 3356 Item
4001 3293 4313 3379 magistro

671 3399 966 3481 Nicolao,
1001 3399 1298 3485 scriptori
1330 3420 1469 3480 suc,
1505 3398 1615 3484 qui
1662 3404 1792 3462 stat
1823 3420 1967 3463 cum
2000 3406 2183 3485 patre
2218 3421 2334 3463 suo
2368 3399 2452 3462 ad
2485 3399 2827 3481 Tnmbam,
2862 3406 3119 3463 centum
3152 3399 3369 3463 soldos
3399 3398 3909 3463 bononenorum.
3942 3399 4108 3464 Item
4141 3400 4320 3485 Ugo-

670 3507 823 3589 lino,
858 3507 1165 3570 servienti
1197 3505 1515 3569 dictorum
1557 3506 1924 3589 genitorum
1969 3526 2253 3590 suorum,
2288 3505 2554 3570 feudum
2601 3527 2789 3569 suum
2844 3513 2908 3570 et
2956 3506 3219 3593 insuper
3263 3505 3495 3591 viginti
3543 3504 3757 3570 soldos
3804 3507 4313 3571 bononenorum.

668 3614 836 3678 Item
856 3614 1209 3699 AymiricO,
1237 3613 1563 3699 quondam
1594 3613 1899 3677 servienti
1931 3614 2135 3699 patris
2168 3613 2287 3696 sui,
2314 3622 2380 3677 et
2409 3612 2557 3677 filiis
2593 3615 2755 3698 ejus,
2784 3621 2914 3678 tres
2946 3613 3147 3677 libras
3179 3614 3688 3677 bononenorum.
3715 3613 3880 3677 Item
3911 3613 4214 3677 Luchisie
4249 3621 4315 3678 et

668 3723 989 3809 Aychinie
1023 3730 1089 3786 et
1118 3721 1497 3807 Margarite,
1530 3716 1787 3785 filiabus
1820 3728 1885 3786 et
1916 3721 2261 3786 heredibus
2294 3722 2620 3808 quondam
2652 3723 2695 3787 J
2699 3722 2887 3787 acobi
2919 3722 3160 3786 Zannis
3192 3720 3516 3804 Danielis,
3553 3728 3616 3785 et
3647 3721 3992 3807 unicuique
4027 3722 4314 3808 ipsarum

670 3851 787 3915 pro
827 3850 906 3893 ea
946 3827 1311 3892 maritanda
1344 3827 1574 3913 viginti
1606 3828 1807 3892 libras
1839 3827 2345 3893 bononenorum.
2381 3827 2547 3893 Item
2582 3827 2929 3894 conventui
2961 3827 3387 3893 Dominarum
3420 3826 3500 3892 de
3531 3826 3764 3891 Puiola
3798 3826 4079 3913 quinque
4113 3826 4313 3893 libras
4369 3854 4372 3858 >

668 3936 1155 4000 bononenorum
1202 3957 1318 4021 pro
1367 3934 1759 3999 indumentis
1808 3935 2138 4000 Sororum.
2186 3935 2354 4000 Item
2402 3936 2749 4000 conventui
2796 3935 3226 4001 Dominarum
3271 3942 3493 3998 sancte
3524 3934 3731 3998 Marie
3763 3934 3948 3999 Nove
3975 3936 4169 4019 juxta
4199 3956 4314 3998 na-

667 4044 913 4128 vigium
960 4044 1185 4107 decem
1229 4043 1430 4107 libras
1491 4042 1998 4107 bononenorum.
2049 4043 2215 4107 Item
2264 4044 2609 4108 conventui
2656 4043 3084 4108 Dominarum
3131 4043 3338 4106 sancti
3383 4042 3737 4127 Augustini
3785 4042 4066 4128 quinque
4114 4042 4313 4105 libras

665 4150 1204 4233 [bononenorum]
1268 4172 1384 4236 pro
1440 4149 1830 4214 indumentis
1881 4149 2208 4215 Sororum.
2258 4150 2427 4215 Item
2474 4149 2819 4215 Sororibus
2861 4151 3055 4235 juxta
3103 4159 3392 4214 sanctam
3438 4149 3710 4214 Luciam
3756 4157 3942 4213 extra
3993 4148 4314 4214 Seralium

666 4259 947 4344 quinque
996 4259 1197 4321 libras
1245 4257 1731 4322 bononenorum
1778 4279 1895 4344 pro
1945 4257 2356 4323 indumentis.
2405 4257 2574 4322 Item
2621 4257 2971 4323 conventui
3031 4257 3459 4322 Dominarum
3521 4257 3599 4321 de
3655 4256 3968 4321 Ronzano
4032 4257 4313 4343 quinque

666 4366 863 4429 libras
911 4367 1401 4429 bononenorum
1449 4386 1565 4452 pro
1616 4365 2004 4428 indumentis
2056 4364 2383 4431 Sororum.
2434 4366 2600 4430 Item
2665 4366 3013 4430 conventui
3077 4364 3503 4429 Dominarum
3550 4364 3631 4429 de
3693 4371 3918 4428 sancta
3966 4363 4316 4428 Catherina

667 4473 949 4558 quinque
996 4473 1196 4536 libras
1243 4473 1732 4537 bononenorum
1778 4494 1895 4559 pro
1944 4473 2334 4537 indumentis
2382 4472 2710 4538 Sororum.
2759 4472 2930 4538 Item
2977 4471 3320 4536 Sororibus
3367 4471 3446 4535 de
3493 4471 3694 4554 Veza,
3736 4471 3789 4534 si
3837 4478 3990 4535 tunc
4036 4471 4124 4535 ibi
4175 4471 4312 4535 fue—

665 4581 794 4644 rint
839 4587 903 4644 et
951 4587 1339 4644 conventum
1383 4581 1767 4663 habuerint,
1818 4581 2101 4667 quinque
2167 4580 2365 4644 libras
2429 4580 2919 4645 bononenorum
2965 4601 3082 4666 pro
3129 4579 3521 4643 indumentis
3570 4579 3899 4643 Sororum.
3949 4578 4116 4642 Item
4163 4600 4312 4642 con·

665 4688 888 4751 ventui
935 4686 1242 4752 Sororum
1290 4687 1497 4751 sancti
1542 4687 1863 4751 Johannis
1909 4688 2206 4775 Baptiste
2255 4688 2537 4774 quinque
2587 4687 2789 4752 libras
2837 4687 3326 4750 bononenorum
3372 4708 3488 4772 pro
3535 4685 3947 4750 indumentis.
3983 4684 4145 4748 Item
4198 4685 4313 4748 So-

666 4795 938 4878 roribus,
973 4816 1098 4881 que
1146 4802 1321 4859 stant
1366 4795 1536 4881 apud
1587 4803 1881 4859 sanctum
1930 4795 2395 4877 Guillielmum,
2431 4796 2714 4882 quinque
2762 4794 2964 4859 libras
3012 4794 3497 4858 bononenorum
3544 4814 3660 4879 pro
3703 4791 4112 4856 indumentis.
4148 4792 4315 4855 Item

668 4902 1011 4965 conventui
1057 4900 1486 4966 Dominarum
1543 4909 1763 4966 sancte
1826 4902 2032 4967 Marie
2098 4902 2178 4966 de
2239 4902 2493 4967 Betlem
2557 4903 2840 4988 quinque
2908 4901 3108 4966 libras
3168 4901 3657 4965 bononenorum
3723 4919 3839 4985 pro
3900 4898 4311 4962 indumentis.

668 5007 831 5072 Item
882 5009 1229 5073 conventui
1274 5009 1579 5073 Fratrum
1627 5010 1834 5073 sancti
1881 5009 2183 5095 Gregorii
2222 5009 2446 5074 decem
2478 5009 2677 5073 libras
2710 5009 3220 5074 bononenorum.
3254 5007 3422 5072 Item
3455 5006 3800 5071 conventui
3831 5005 4135 5069 Fratrum
4169 5026 4314 5069 san-

667 5116 753 5180 cti
798 5115 839 5180 J
846 5116 1030 5181 acobi
1078 5117 1158 5180 de
1210 5115 1453 5180 Savina
1498 5116 1730 5201 viginti
1777 5116 1976 5180 libras
2024 5117 2512 5181 bononenorum
2541 5138 2659 5203 pro
2708 5116 3119 5181 indumentis,
3168 5114 3339 5179 Item
3377 5113 3723 5179 conventui
3755 5112 4058 5176 Fratrum
4091 5121 4312 5176 sancte

666 5223 1023 5308 Margarite
1070 5223 1149 5287 de
1206 5223 1536 5287 Barbiano
1596 5230 1726 5287 tres
1788 5223 1987 5287 libras
2049 5222 2535 5288 bononenorum
2598 5245 2715 5309 pro
2782 5222 3192 5287 indumentis.
3240 5220 3406 5285 Item
3470 5219 3733 5285 cuilibet
3794 5220 3984 5283 alteri
4044 5219 4311 5284 ecclesie

668 5329 1080 5394 conventuali
1127 5330 1206 5393 de
1254 5331 1514 5395 civitate
1564 5336 1629 5394 et
1675 5329 2000 5394 suburbiis
2047 5330 2341 5395 Bononie
2387 5329 2620 5415 viginti
2681 5329 2896 5394 soldos
2959 5329 3466 5394 bononenorum.
3515 5326 3601 5392 Et
3661 5327 3918 5412 rogavit
3971 5348 4087 5412 per
4132 5326 4311 5390 fidei-

668 5438 1012 5501 comissum
1059 5458 1282 5502 omnes
1326 5436 1693 5501 sacerdotes
1742 5437 2029 5523 ipsarum
2076 5437 2495 5501 ecclesiarum
2540 5443 2610 5501 ut
2658 5443 2922 5502 cantent
2967 5436 3197 5500 missas
3244 5456 3362 5521 pro
3411 5434 3628 5498 anima
3675 5455 3814 5498 sua.
3848 5433 4017 5497 Item
4049 5433 4314 5497 cuilibet

667 5544 914 5630 capelle
963 5544 1242 5609 civitatis
1290 5552 1354 5609 et
1401 5544 1858 5609 suburbiorum
1905 5544 2188 5631 quinque
2239 5544 2454 5608 soldos
2502 5543 3018 5626 bononenorum,
3066 5550 3131 5607 et
3177 5542 3435 5628 rogavit
3479 5541 3847 5605 sacerdotes
3892 5561 4008 5626 per
4054 5540 4311 5605 fideico-

669 5653 954 5733 missum,
988 5660 1061 5716 ut
1107 5659 1369 5716 cantent
1416 5651 1644 5715 missas
1700 5673 1817 5737 pro
1865 5652 2082 5716 anima
2129 5673 2247 5716 sua
2295 5658 2360 5716 et
2403 5658 2747 5738 parentum
2789 5673 3073 5715 suorum.
3109 5650 3274 5714 Item
3308 5648 3573 5713 cuilibet
3600 5648 3908 5734 hospitali
3939 5648 4018 5710 de
4052 5647 4313 5712 civitate

667 5768 731 5823 et
778 5759 1103 5823 suburbiis
1149 5759 1464 5841 Bononie,
1509 5759 1621 5823 ubi
1666 5780 1987 5845 pauperes
2034 5759 2462 5845 hospitantur,
2498 5758 2728 5844 viginti
2776 5758 2993 5823 soldos
3039 5757 3546 5822 bononenorum.
3597 5755 3764 5819 Item
3811 5755 4074 5819 cuilibet
4119 5754 4311 5820 Pote-

666 5866 820 5928 stati
873 5866 1151 5930 civitatis
1198 5866 1491 5930 Bononie
1555 5867 1664 5951 qui
1720 5866 1792 5930 fit
1853 5865 1933 5929 de
1994 5866 2362 5930 elemosinis
2408 5866 2640 5950 viginti
2687 5864 2902 5930 soldos
2950 5865 3459 5934 bononenorum.
3507 5862 3674 5927 Item
3723 5862 3983 5948 reliquit
4045 5869 4110 5926 et
4169 5862 4313 5926 dari

668 5972 871 6037 voluit
918 5973 1049 6037 filio
1098 5973 1354 6038 domine
1403 5973 1770 6037 Diamantis
1818 5974 2029 6059 neptis
2076 5995 2212 6055 sue,
2261 5994 2453 6059 quem
2502 5973 2644 6059 ipsa
2690 5973 2920 6037 habuit
2964 5973 3044 6036 de
3091 5971 3417 6036 Petrizolo
3467 5970 3794 6055 quondam
3839 5970 3978 6034 viro
4026 5991 4164 6052 suo,
4202 5970 4312 6055 qui

665 6089 955 6143 mortuus
1002 6080 1125 6144 fuit
1186 6081 1253 6143 iu
1314 6080 1578 6144 servitio
1626 6101 1891 6144 romane
1940 6079 2250 6161 Ecclesie,
2301 6081 2771 6166 quinquaginta
2820 6080 3022 6144 libras
3070 6080 3576 6144 bononenorum.
3625 6077 3794 6141 Item
3838 6077 4094 6140 domine
4143 6076 4312 6140 Tho-

666 6187 925 6250 maxine
974 6187 1163 6250 uxori
1208 6187 1477 6251 Petricti
1524 6194 1589 6251 et
1636 6186 2019 6251 Flordelisie
2069 6187 2307 6251 sororis
2356 6208 2504 6269 666,
2554 6187 2765 6273 neptis
2812 6187 3105 6271 ejusdem
3167 6185 3530 6267 testatoris,
3582 6184 4053 6269 quinquaginta
4115 6183 4314 6247 libras

666 6293 1172 6358 bononenorum.
1221 6294 1389 6358 Item
1436 6294 1698 6379 reliquit
1743 6301 1809 6358 et
1855 6293 1997 6358 dari
2041 6294 2247 6359 voluit
2294 6293 2550 6359 domine
2597 6294 2922 6358 Plaxivile
2969 6300 3034 6357 et
3080 6292 3336 6357 domine
3382 6291 3617 6378 Egidie
3666 6292 3807 6376 ejus
3855 6291 4006 6373 filie,
4041 6311 4311 6355 consan-

664 6401 900 6485 guinee
950 6401 1171 6487 ipsius,
1223 6402 1454 6486 viginti
1499 6401 1699 6465 libras
1745 6401 2255 6466 bononenorum.
2304 6400 2474 6465 Item
2518 6400 2776 6465 domine
2823 6400 3119 6485 Borghe,
3169 6399 3646 6485 consanguinee
3693 6399 3865 6483 ejus,
3915 6406 3980 6462 et
4024 6396 4309 6483 Ugolino

666 6509 808 6593 ejus
855 6508 987 6572 filio
1036 6508 1509 6594 quinquaginta
1552 6507 1754 6572 libras
1811 6507 2319 6573 bononenorum.
2368 6507 2537 6572 Item
2594 6507 2852 6572 domine
2915 6506 3358 6590 Quintanisie,
3407 6508 3550 6592 ejus
3613 6506 4034 6587 consobrine,
4079 6504 4312 6590 viginti
