5542 7775
1279 626 1430 696 264
2840 647 3321 698 Mommnx‘rs

1275 800 1624 866 festivitate
1673 803 1880 866 sanct-i
1926 802 2297 886 Michaelis,
2348 812 2410 867 et
2458 804 2621 867 alias
2668 803 2759 888 iij.
2808 804 2873 867 in
2921 803 3177 868 Pascha
3222 804 3773 890 Resurrectionis3
3818 806 4059 871 habeat
4104 827 4359 893 qnoque
4406 813 4472 871 et
4517 812 4735 870 teneat
4783 806 4899 871 Sa-

1274 909 1469 973 crista
1517 910 1816 975 denarios
1864 920 1927 975 et
1976 911 2279 976 candelas
2326 912 2514 976 unius
2559 912 2808 977 brachii
2856 920 2920 976 et
2968 914 3137 977 infra
3184 913 3523 977 missarum
3570 915 3934 978 votivarum
3988 936 4150 1000 quas
4196 914 4552 979 cantabunt
4597 913 4753 977 dicti
4797 934 4899 977 sa-

1272 1017 1582 1083 cerdoteS.
1635 1018 1898 1083 Ceteras
1946 1026 2162 1083 autem
2210 1019 2568 1085 oblationes
2616 1021 2903 1105 ipsarum
2950 1021 3290 1084 missarum
3337 1029 3401 1085 et
3448 1043 3669 1085 omnes
3715 1021 4014 1085 denarios
4047 1028 4112 1085 et
4151 1021 4512 1087 oblationes
4558 1021 4898 1085 missarum

1274 1146 1434 1210 quas
1483 1126 1836 1190 cantabunt
1883 1127 2076 1191 alicui
2124 1128 2414 1191 societati
2463 1127 2586 1213 ipsi
2632 1128 3019 1211 sacerdotes,
3055 1129 3215 1193 etin
3250 1128 3352 1193 die
3394 1129 3646 1192 veneris
3693 1129 3776 1193 ad
3823 1130 4134 1193 honorem
4180 1136 4402 1194 sancte
4451 1128 4696 1209 Crucis,
4729 1137 4794 1191 et
4832 1129 4897 1192 in

1270 1232 1373 1296 die
1421 1233 1676 1297 sabbati
1725 1233 1804 1297 ad
1852 1235 2160 1298 honorem
2208 1243 2428 1299 sancte
2475 1234 2702 1317 Marie,
2737 1235 3025 1321 assignet
3073 1236 3359 1301 Sacrista
3406 1237 3748 1300 canevario
3790 1237 3901 1323 qui
3945 1259 4062 1324 pro
4095 1244 4384 1323 tempore
4431 1236 4574 1300 erit.
4626 1236 4695 1300 Si
4743 1235 4896 1300 civi·

1270 1348 1490 1422 tatem,
1526 1341 1696 1425 quod
1745 1342 1932 1423 absit,
1968 1343 2308 1428 contigerit
2357 1343 2694 1407 interdicto
2742 1344 3033 1428 generali
3078 1343 3374 1430 supponi,
3407 1366 3523 1431 pro
3571 1345 3874 1430 predictis
3922 1344 4203 1408 denariis
4235 1352 4300 1409 et
4333 1343 4617 1408 candelis
4651 1342 4897 1406 votiva-

1269 1468 1412 1510 rum
1461 1449 1823 1532 missarum,
1861 1450 2146 1513 Sacrista
2192 1451 2851 1536 recompensationem
2901 1451 3168 1537 recipiat
3216 1474 3255 1514 a
3297 1451 3684 1516 Camerariis
3718 1451 4000 1537 Capituli
4034 1458 4523 1538 competentem.
4558 1449 4897 1516 Cameram

1270 1576 1523 1640 quoque
1566 1557 1759 1640 juxta
1806 1557 2165 1620 sacristiam
2213 1565 2277 1621 et
2322 1558 2703 1643 campanile,
2739 1579 2863 1644 que
2911 1559 3244 1622 consuevit
3289 1558 3431 1622 dari
3477 1559 3560 1622 ad
3606 1559 4001 1645 pensionem,
4047 1568 4193 1645 post
4239 1558 4476 1623 festum
4522 1557 4727 1621 sancti
4775 1555 4897 1620 Mi-

1268 1663 1509 1727 chaelis
1559 1665 1922 1749 proximum
1971 1665 2209 1729 habeat
2258 1665 2542 1729 Sacrista
2588 1665 2670 1730 ad
2717 1688 2907 1730 usum
2954 1688 3139 1730 suum
3189 1676 3253 1730 et
3299 1688 3521 1730 eorum
3570 1668 3677 1752 qui
3724 1688 3869 1731 cum
3917 1689 3993 1730 eo
4039 1674 4264 1749 erunt,
4311 1667 4404 1730 ita
4465 1665 4635 1752 quod
4693 1685 4896 1750 usque

1267 1770 1350 1834 ad
1399 1780 1674 1856 quatuor
1721 1793 1923 1836 annos
1970 1794 2292 1836 cameram
2339 1773 2519 1836 illam
2565 1774 2777 1838 elevet
2824 1796 2969 1838 cum
3014 1774 3314 1860 expensis
3362 1775 3672 1857 sacristie,
3706 1782 3921 1860 preter
3953 1795 4187 1861 panem
4219 1781 4285 1838 et
4316 1774 4534 1837 vinum
4578 1794 4702 1858 qne
4750 1793 4893 1858 per-

1267 1878 1460 1963 cipiet
1508 1900 1547 1941 a
1595 1878 1916 1964 capitulo,
1961 1888 2031 1943 ut
2078 1880 2354 1966 desuper
2399 1880 2639 1945 habeat
2685 1902 3007 1945 cameram
3056 1882 3361 1963 Sacrista,
3403 1890 3467 1946 et
3512 1882 3646 1963 illa,
3682 1903 3805 1968 que
3852 1902 4021 1946 nunc
4068 1889 4185 1963 est,
4219 1882 4398 1944 finito
4446 1880 4892 1966 quadrienniO,

1268 1984 1568 2071 Capitulo
1616 1986 1996 2051 dimittatur.
2039 1987 2262 2052 Dictos
2310 2009 2563 2073 quoque
2610 1989 2978 2053 sacerdotes
3025 1989 3301 2075 accipiat
3332 1996 3397 2053 et
3429 1998 3725 2053 amoveat
3760 1989 4065 2071 Sacrista,
4100 1990 4265 2053 sicut
4298 1988 4529 2052 viderit
4562 1987 4891 2073 expedire,

1266 2093 1532 2157 consilio
1582 2093 1863 2179 Capituli
1912 2095 2240 2180 requisito.
2290 2095 2464 2159 Dicti
2511 2117 2764 2181 quoque
2816 2095 3180 2160 sacerdotes
3228 2104 3292 2160 et
3339 2096 3469 2161 duo
3514 2097 3727 2161 clerici
3776 2097 4152 2179 servientes,
4194 2096 4365 2182 quod
4411 2095 4804 2160 credentiam
4852 2116 4894 2159 a

1266 2200 1563 2286 Capitulo
1625 2202 1726 2265 vel
1795 2201 2078 2265 Sacrista
2143 2203 2498 2286 injunctam
2559 2225 2686 2268 non
2736 2203 3118 2267 revelabunt
3180 2210 3247 2268 et
3308 2226 3411 2268 res
3472 2205 3760 2269 sacristis
3808 2212 3874 2268 et
3920 2204 4391 2269 Canonicorum
4439 2204 4716 2268 scienter
4762 2225 4891 2268 non

1264 2307 1678 2390 fraudabunt,
1729 2316 2025 2395 presente
2074 2310 2394 2395 capitulo,
2443 2311 2826 2396 prestabunt
2872 2311 3292 2397 corporaliter
3333 2313 3796 2396 juramentum.

1439 2416 1678 2480 Actum
1725 2437 1894 2479 anno
1944 2416 2204 2480 Domini
2249 2419 2630 2501 M.c(3.xxj.,
2680 2418 2975 2482 kalendis
3024 2420 3410 2483 novembris,
3456 2418 3548 2483 Ut
3579 2427 3793 2483 autem
3826 2419 3947 2483 hec
3978 2418 4224 2483 firmius
4257 2419 4681 2483 observentur
4712 2425 4777 2481 et
4808 2417 4889 2482 de

1262 2521 1386 2585 hiis
1434 2524 1852 2609 imposterum
1899 2546 2026 2588 non
2074 2524 2421 2606 dubitetur,
2471 2526 2638 2590 hanc
2684 2533 2928 2589 cartam
2979 2527 3210 2590 nostris
3258 2527 3487 2612 sigillis
3536 2526 3803 2591 fecimus
3850 2526 4145 2612 sigillari.

2940 2828 3202 2892 XXIII.

2810 3025 3001 3108 1224,
3049 3025 3137 3087 20
3182 3026 3350 3089 maii.

1949 3221 2052 3284 Ex
2102 3222 2633 3308 archiepiscopali
2678 3222 2943 3287 archivo
2991 3228 3366 3306 ravennate,
3415 3244 3609 3309 capsa
3654 3222 3733 3305 E,
3783 3244 3956 3287 num.
4012 3226 4201 3287 1488.

1434 3435 1626 3499 Anno
1676 3456 1714 3497 a
1764 3435 2099 3499 nativitate
2156 3435 2420 3500 Domini
2480 3436 2819 3500 millesimo
2868 3436 3305 3501 ducentesimo
3353 3437 3656 3501 vicesimo
3714 3445 3980 3523 quarto,
4028 3436 4132 3501 die
4179 3436 4557 3501 duodecimo
4606 3444 4887 3500 exeunte

1256 3542 1490 3625 madio,
1525 3542 1871 3607 indictione
1920 3543 2320 3626 duodecima,
2357 3544 2663 3628 magister
2694 3544 3089 3628 Tancredus,
3123 3545 3535 3608 bononiensis
3577 3545 3944 3627 canonicuS,
3978 3545 4273 3609 detentus
4312 3545 4703 3626 infirmitate,
4737 3566 4885 3631 pro-

1256 3656 1528 3713 testatus
1576 3650 1696 3713 fuit
1744 3658 1808 3714 et
1855 3650 2020 3713 dixit
2067 3672 2282 3715 coram
2331 3651 2588 3715 domino
2635 3651 2945 3734 Henric0,
2979 3652 3105 3717 Dei
3150 3652 3362 3738 gratia
3406 3652 3699 3716 Bononie
3745 3652 4067 3739 episcop0,
4102 3660 4166 3715 et
4198 3674 4414 3716 coram
4456 3651 4884 3737 infrascriptis

1255 3757 1547 3839 testibuS,
1584 3757 1648 3821 in
1697 3758 1895 3821 verbo
1945 3758 2233 3821 veritatis
2266 3759 2591 3822 affirmans
2625 3765 2688 3823 et
2735 3760 2799 3823 in
2848 3760 3084 3824 virtute
3134 3760 3411 3846 Spiritus
3460 3759 3679 3824 Sancti
3727 3759 4053 3842 adiurans,
4086 3759 4257 3845 quod
4289 3759 4584 3824 dominus
4618 3759 4885 3845 Symon,

1255 3863 1380 3930 Dei
1428 3865 1640 3951 gratia
1687 3887 2006 3929 ravennas
2052 3865 2625 3953 Archiepiscopus,
2675 3889 3005 3955 nunquam
3053 3867 3407 3932 donaverat
3439 3868 3543 3933 vel
3590 3867 3818 3932 donari
3861 3866 4104 3932 fecerat
4157 3889 4271 3932 seu
4320 3866 4461 3931 dari
4506 3888 4622 3953 per
4661 3889 4729 3931 se
4778 3866 4885 3931 vel

1254 3995 1369 4059 per
1401 3974 1619 4054 alium,
1655 3974 1776 4038 sibi
1809 3996 1927 4038 nec
1973 3974 2166 4039 alicui
2213 3975 2325 4038 alii
2369 3997 2487 4061 pro
2535 3997 2625 4057 se,
2660 3997 2897 4062 equum
2945 3977 3247 4062 aliquem,
3282 3998 3398 4041 nec
3431 3998 3707 4063 cuppam
3740 3983 4138 4062 argenteam,
4172 3997 4381 4061 neque
4414 3976 4674 4062 aliquod
4706 3974 4885 4038 aliud

1255 4080 1493 4144 donum
1540 4081 1757 4166 aliquo
1804 4090 2093 4168 tempore
2140 4104 2412 4169 parvum
2445 4083 2549 4147 vel
2595 4104 2924 4168 magnum,
2959 4084 3183 4148 valens
3215 4084 3474 4148 unicum
3507 4084 3878 4165 denarium3
3912 4090 3977 4148 et
4010 4083 4178 4170 quod
4212 4105 4327 4170 per
4359 4091 4563 4147 totum
4596 4104 4885 4146 mensem

1251 4187 1424 4264 iulii,
1475 4188 1735 4273 augusti
1781 4197 1845 4252 et
1904 4189 2286 4275 septembris
2333 4189 2611 4275 proximi
2657 4190 2947 4275 preteriti
3008 4212 3260 4276 semper
3306 4190 3429 4255 fuit
3480 4191 3545 4254 in
3593 4190 3854 4255 civitate
3916 4190 4021 4254 vel
4067 4190 4306 4254 diocesi
4353 4190 4767 4271 bononiensi,
4815 4197 4885 4252 et

1250 4294 1313 4357 in
1365 4295 1491 4358 illis
1538 4296 1744 4360 tribus
1788 4296 2114 4360 mensibus
2162 4318 2287 4362 non
2336 4297 2539 4360 exivit
2584 4296 2913 4361 civitatem
2952 4298 3057 4361 vel
3091 4296 3395 4362 diocesim
3428 4298 3907 4363 bononiensem.
3940 4297 4026 4362 Et
4059 4297 4230 4383 quod
4260 4296 4491 4382 viginti
4524 4296 4677 4360 anni
4707 4303 4880 4377 sunt,

1252 4408 1317 4465 et
1358 4402 1524 4487 plus,
1573 4403 1742 4489 quod
1790 4425 1916 4467 non
1966 4404 2230 4467 intravit
2276 4404 2604 4468 civitatem
2651 4404 2964 4469 Ravenne
3027 4404 3131 4469 vel
3185 4405 3323 4468 eius
3383 4405 3743 4469 districtum
3804 4406 3927 4470 nisi
3982 4405 4211 4488 semel,
4269 4412 4333 4469 et
4379 4404 4501 4469 hoc
4548 4404 4612 4467 in
4660 4424 4881 4467 mense

1252 4509 1473 4594 aprilis
1520 4509 1585 4573 in
1634 4510 1984 4575 festivitate
2031 4512 2234 4575 sancti
2281 4511 2540 4575 Vitalis.
2589 4510 2676 4575 Et
2721 4533 3050 4597 nunquam
3097 4512 3373 4576 comedit
3415 4534 3560 4577 cum
3592 4513 3817 4577 eodem
3850 4513 4357 4600 archiepiscopo,
4392 4533 4509 4575 nec
4541 4511 4701 4575 bibit
4733 4532 4885 4575 cum

1249 4636 1346 4698 eo,
1382 4616 1551 4701 quod
1585 4617 1975 4699 recordetur,
2009 4618 2132 4681 nisi
2164 4619 2383 4701 semel,
2419 4618 2676 4704 quando
2714 4627 2855 4683 erat
2900 4640 3044 4682 cum
3093 4620 3392 4705 episcopo
3440 4641 3555 4683 suo
3604 4621 4003 4685 bononiensi.
4037 4620 4124 4685 Et
4170 4642 4363 4706 snper
4408 4619 4533 4683 hiis
4582 4617 4881 4682 omnibus

1247 4731 1512 4808 paratus
1558 4731 1656 4788 est
1703 4725 1915 4788 facere
1964 4724 2155 4788 fidem
2201 4726 2489 4812 plenarie
2537 4748 2654 4790 suo
2702 4726 3086 4791 iuramento,

1422 4832 1592 4896 Acta
1639 4840 1788 4896 sunt
1835 4833 1951 4896 hec
2000 4833 2171 4919 apud
2220 4834 2596 4898 canonicam
2643 4834 3105 4898 bononiensem
3137 4835 3200 4898 in
3235 4856 3491 4899 camera
3522 4835 3792 4922 predicti
3826 4835 4117 4922 magistri
4150 4835 4498 4917 Tancredi,
4531 4832 4881 4897 indictione

1245 4938 1571 5023 predicta3
1620 4947 1916 5026 presente
1974 4941 2144 5004 dicto
2209 4940 2466 5005 domino
2515 4940 2816 5027 episcopo
2878 4941 3204 5024 Bononie,
3255 4949 3319 5005 et
3365 4942 3770 5029 presentibus
3818 4943 4089 5007 testibus
4135 4942 4392 5007 domino
4441 4940 4749 5006 Gnidotto
4796 4939 4880 5003 de

1246 5045 1560 5132 Corrigia,
1596 5049 1903 5112 canonico
1949 5048 2365 5129 bononiense,
2398 5049 2656 5113 domino
2689 5048 3115 5131 Bernardino,
3152 5050 3459 5114 canonico
3501 5049 3853 5132 faventinO,
3888 5051 4197 5136 magistro
4238 5051 4467 5114 Amico
4515 5049 4882 5125 florentin0‚

1245 5153 1589 5218 Zantulino
1637 5155 1869 5220 clerico
1919 5156 1996 5219 de
2047 5155 2487 5242 Crespellano,
2535 5164 2599 5219 et
2645 5155 2902 5220 domino
2952 5156 3248 5222 Guidone
3295 5157 3373 5221 de
3423 5158 3705 5222 Castello
3754 5166 3818 5221 et
3864 5158 4008 5222 aliis
4056 5158 4371 5245 pluribus.

1425 5262 1540 5343 (L.
1575 5263 1620 5346 †
1654 5262 1748 5346 S.)
1795 5262 1881 5327 Et
1926 5285 2048 5349 ego
2095 5263 2501 5328 Lanfrancus
2547 5264 2910 5350 Papiensis,
2958 5264 3309 5350 imperialis
3356 5266 3503 5329 aule
3552 5266 3869 5348 notarius,
3917 5265 4180 5330 interfui
4227 5265 4511 5352 predicte
4558 5271 4881 5351 protesta-

1244 5370 1424 5452 tioni,
1473 5378 1536 5434 et
1583 5377 1848 5455 rogatus
1897 5392 1936 5433 a
1981 5371 2151 5434 dicto
2200 5370 2508 5456 magistro
2556 5370 2914 5452 TancredO,
2963 5372 3129 5436 hanc
3176 5379 3421 5436 cartam
3468 5372 3694 5459 scripsi
3741 5380 3805 5437 et
3850 5373 4199 5460 publicavi.

2935 5676 3186 5741 XXIV.

2693 5874 2887 5957 1224,
2935 5875 3022 5937 26
3068 5876 3336 5959 unqu-sti.

1382 6065 1486 6130 Ex
1535 6067 1708 6132 arch.
1759 6067 2032 6154 Metrop.
2075 6068 2262 6150 bon.,
2312 6090 2479 6133 nunc
2524 6069 2590 6133 in
2640 6068 2803 6134 Tab.
2850 6069 3028 6135 Max.
3078 6071 3264 6153 bon.,
3299 6077 3452 6135 sect.
3497 6097 3526 6129 ι
3562 6070 3928 6137 Demaniale
3962 6097 4021 6154 »,
4072 6094 4244 6136 num.
4277 6052 4406 6166 ἒς,
4456 6071 4594 6136 doc.
4638 6073 4744 6133 41.

1417 6282 1494 6347 In
1562 6282 1688 6347 Dei
1753 6284 2047 6366 nomine,
2098 6305 2306 6349 amen.
2355 6285 2549 6350 Anno
2606 6285 2871 6351 Domini
2926 6286 3267 6353 millesimo
3329 6289 3767 6354 ducentesimo
3832 6289 4135 6353 vicesimo
4198 6295 4463 6374 quarte,
4519 6286 4621 6351 die
4684 6295 4878 6353 sexto

1238 6397 1516 6455 exeunte
1563 6397 1862 6476 augusto,
1898 6390 2247 6456 indictione
2295 6391 2693 6457 duodecima.
2737 6392 2901 6457 Cum
2947 6393 3114 6458 inter
3161 6394 3532 6481 Capitulum
3575 6395 3987 6461 bononiensis
4034 6396 4323 6461 Ecclesia
4371 6418 4456 6460 ex
4493 6417 4623 6460 una
4660 6403 4875 6481 parte,

1238 6503 1303 6560 et
1348 6496 1677 6562 dominum
1723 6498 2016 6561 Azonem
2062 6498 2424 6583 Abbatem,
2473 6507 2537 6563 et
2591 6507 2978 6564 conventum
3026 6502 3402 6566 monasterii
3447 6504 3652 6568 sancti
3720 6503 4032 6589 Stephani
4097 6504 4507 6569 bononiensis
4567 6524 4650 6567 ex
4715 6503 4874 6586 alia,
