5542 7775
1209 619 1308 690 78
2781 641 3260 692 nouum-:um

2981 1007 3058 1072 L.

2670 1221 2864 1306 1299,
2913 1224 3001 1286 22
3040 1222 3371 1307 februarii.

1739 1435 1845 1499 Ex
1895 1436 2159 1500 archivo
2206 1459 2257 1500 s.
2305 1435 2631 1500 Dominici
2679 1435 2914 1500 bonon.
2966 1458 3134 1501 nunc
3180 1437 3244 1500 in
3295 1436 3646 1501 Tabulario
3691 1436 3870 1504 Max.
3918 1438 4327 1522 bononiensi,

2459 1549 2616 1606 sect.
2678 1569 2705 1600 α
2756 1542 3123 1609 Demam‘ale
3170 1569 3199 1600 »
3232 1593 3248 1619 ,
3298 1565 3359 1608 n.
3409 1525 3510 1590 ¹33„

3410 1593 3537 1639 τω·

1373 1755 1453 1820 In
1503 1756 1741 1820 Christi
1790 1757 2067 1838 nomine,
2117 1778 2325 1820 amen.
2375 1756 2567 1821 Anno
2614 1756 2878 1822 Domini
2923 1757 3262 1823 millesimo
3310 1758 3747 1823 ducentesimo
3794 1759 4210 1844 nonagesimo
4259 1780 4449 1842 nono,
4484 1759 4830 1825 indictione

1194 1862 1597 1946 duodecima,
1646 1863 1749 1927 die
1798 1863 2110 1949 vigesimo
2159 1863 2440 1928 secundo
2488 1864 2725 1928 mensis
2773 1864 3103 1928 februarii.
3152 1869 3254 1940 (ιῖ
3286 1864 3603 1929 Dominus
3636 1866 3946 1930 Albertus
3977 1865 4194 1951 legum
4228 1866 4470 1949 doctor,
4504 1867 4830 1952 quondam

1193 1970 1436 2035 domini
1468 1970 1826 2036 Oddofredi
1871 1970 2091 2057 legum
2123 1970 2423 2054 doctoris,
2456 1993 2572 2058 per
2603 1972 2883 2057 gratiam
2915 1972 2957 2035 J
2961 1993 3074 2035 esu
3110 1971 3348 2036 Christi
3380 1994 3576 2036 sanus
3609 1980 3823 2038 mente
3855 1980 3921 2037 et
3952 1994 4240 2059 corpore,
4273 1974 4506 2038 timens
4538 1974 4826 2039 futurum

1187 2079 1505 2163 judicium
1552 2079 1796 2163 mortis,
1846 2079 2070 2142 nolens
2117 2078 2429 2143 decedere
2476 2079 2839 2161 intestatus,
2874 2099 2990 2164 per
3035 2100 3300 2164 presens
3347 2081 3855 2167 nuncupativum
3889 2081 4026 2144 sine
4059 2081 4314 2167 scriptis
4347 2088 4824 2165 testamentum,

1191 2185 1256 2250 in
1305 2193 1553 2250 secreto
1601 2193 1839 2270 tamen,
1889 2185 2243 2250 secundum
2293 2185 2769 2272 infrascriptam
2819 2185 3114 2268 formam,
3164 2187 3449 2251 condidit
3495 2187 3559 2251 in
3606 2188 3777 2252 hunc
3826 2187 4106 2270 modum,
4140 2195 4205 2252 et
4237 2187 4478 2252 dictum
4511 2211 4697 2252 suum
4729 2197 4823 2253 te-

1189 2300 1580 2357 stamentum
1627 2293 1813 2357 iussit
1860 2300 1925 2357 et
1973 2293 2178 2358 voluit
2224 2292 2459 2379 deponi
2507 2300 2572 2357 et
2620 2293 2992 2358 conservari
3038 2295 3104 2358 in
3150 2293 3446 2358 sacristia
3491 2294 3765 2359 fratrum
3811 2294 4300 2361 Predicatorum
4355 2296 4435 2359 de
4501 2296 4820 2380 Bononia,

1188 2400 1373 2464 iuxta
1420 2401 1577 2464 iuris
1628 2400 2009 2465 conscilium
2056 2400 2296 2464 habeat
2358 2400 2801 2486 unusquisque
2874 2401 3199 2465 licentiam
3261 2402 3541 2465 testandi
3588 2410 3653 2466 et
3700 2402 4083 2488 disponendi
4127 2402 4206 2466 de
4263 2403 4456 2468 rebus
4500 2404 4634 2467 suis
4678 2426 4822 2490 pre·

1195 2507 1381 2593 cipue
1430 2515 1495 2571 et
1541 2507 1627 2571 ad
1671 2508 1812 2593 pias
1860 2528 2130 2590 causas,
2179 2515 2241 2571 et
2291 2528 2419 2571 non
2466 2507 2595 2571 sint
2643 2529 2828 2572 cassa
2874 2507 3147 2590 iudicia,
3196 2515 3293 2572 set
3339 2508 3501 2573 liber
3549 2510 3632 2573 sit
3677 2510 3889 2572 stillus
3935 2516 4000 2573 et
4053 2509 4300 2574 licitum
4359 2511 4528 2596 quod
4592 2511 4824 2576 iterum

1186 2636 1317 2680 non
1364 2614 1575 2679 reddit
1622 2614 1984 2679 arbitrium.
2036 2613 2114 2678 In
2160 2614 2384 2700 primis
2433 2614 2693 2700 quidem
2741 2614 3019 2700 reliquid
3066 2615 3145 2679 de
3191 2615 3376 2680 bonis
3424 2617 3557 2680 suis
3619 2616 3759 2680 iure
3830 2616 4030 2702 legati
4098 2615 4356 2682 domino
4404 2618 4692 2702 Rugerio
4739 2619 4821 2685 de

1186 2722 1655 2807 Marmagnone
1704 2722 1809 2786 vel
1854 2721 1987 2785 suis
2034 2720 2380 2785 heredibus
2428 2721 2651 2786 decem
2697 2722 2898 2785 libras
2945 2721 3452 2787 bononenorum.

1365 2828 1533 2894 Item
1579 2828 1856 2914 reliquid
1904 2829 2044 2893 iure
2093 2828 2294 2914 legati
2327 2827 2585 2894 domino
2615 2828 2916 2894 Anfonso
2950 2829 3184 2913 Grisie,
3217 2830 3506 2917 Yspano,
3541 2830 3647 2894 vel
3680 2830 3813 2894 suis
3843 2830 4189 2895 heredibus
4223 2832 4586 2918 quindecim
4620 2833 4818 2898 libras

1185 2938 1693 3019 bononenorum,
1742 2943 1807 3001 et
1854 2936 1910 2999 si
1956 2958 2084 3001 non
2136 2935 2579 3000 invenirentur
2648 2936 2917 3022 predicti
2988 2938 3094 3002 vel
3156 2938 3426 3002 heredes
3495 2959 3757 3019 eorum,
3804 2938 4009 3002 voluit
4056 2939 4377 3025 predictas
4424 2941 4819 3025 quantitates

1183 3044 1456 3132 pecunie
1502 3043 1896 3130 pauperibus
1946 3042 2188 3107 Christi
2234 3043 2491 3129 erogari
2537 3043 2804 3109 arbitrio
2850 3043 3590 3109 fideiconnnissariorum
3633 3044 3906 3130 predicti
3952 3045 4193 3109 domini
4238 3046 4514 3110 Alberti.

1363 3151 1528 3215 Item
1577 3149 1854 3236 reliquid
1901 3151 2038 3214 iure
2086 3150 2287 3236 legati
2334 3150 2592 3215 domino
2638 3151 2930 3215 Barbato
2977 3151 3056 3215 de
3103 3150 3508 3234 Machalone,
3557 3151 3666 3237 qui
3714 3159 3812 3216 est
3858 3151 3938 3216 de
3984 3151 4188 3217 Terra
4234 3153 4510 3217 Laboris
4559 3155 4624 3218 in
4687 3154 4815 3220 Re-

1183 3280 1312 3344 gno
1359 3258 1600 3344 Apulie
1645 3279 1847 3344 prope
1895 3257 2223 3321 civitatem
2274 3256 2495 3342 Capue
2542 3279 2658 3343 per
2702 3257 3041 3322 duodecim
3089 3258 3193 3321 vel
3241 3258 3603 3344 quindecim
3650 3258 3973 3341 milliaria,
4022 3260 4244 3323 decem
4305 3261 4581 3325 florenos
4651 3262 4812 3326 auri.

1360 3365 1530 3429 Item
1576 3364 1854 3450 reliquid
1899 3364 2037 3428 iure
2087 3364 2288 3449 legati
2335 3385 2450 3450 pro
2513 3365 2729 3428 anima
2799 3363 3040 3429 domini
3103 3365 3424 3429 «Iohannis
3491 3364 3570 3428 de
3642 3364 3955 3447 Giuncio,
4006 3366 4317 3431 Canonici
4362 3367 4688 3453 quondam
4734 3367 4814 3433 de

1183 3473 1412 3556 Lodi0,
1461 3472 1572 3559 qui
1619 3471 1742 3535 fuit
1786 3471 2078 3557 sepultus
2125 3471 2208 3535 ad
2254 3470 2515 3535 domum
2561 3470 2838 3535 fratrum
2882 3471 3209 3537 Minorum
3253 3471 3332 3536 de
3380 3471 3698 3554 Bononia,
3748 3478 3994 3558 septem
4040 3473 4241 3537 libras
4288 3481 4351 3538 et
4408 3474 4631 3539 decem
4691 3476 4815 3541 sol·

1184 3579 1301 3646 dos
1346 3581 1856 3645 bononenorum.

1362 3687 1530 3751 Item
1577 3685 1853 3772 reliquid
1901 3684 2180 3771 dompno
2214 3685 2462 3769 [Petro]
2495 3685 2852 3771 presbitero
2885 3685 3016 3769 [de]
3049 3686 3355 3770 Tortona,
3390 3687 3502 3773 qui
3531 3693 3818 3751 moratur
3866 3708 4012 3753 cum
4056 3688 4195 3774 ipso
4228 3688 4485 3752 domino
4518 3689 4810 3774 Alberto‚

1182 3795 1493 3859 alimenta
1539 3793 1766 3878 [omn]i
1812 3800 2100 3881 tempore
2150 3794 2279 3858 vite
2328 3794 2529 3881 ipsius
2575 3793 2838 3880 dompni
2884 3794 3084 3877 Petri,
3135 3816 3258 3880 que
3306 3793 3514 3858 eidem
3562 3794 3876 3859 debeatur
3922 3796 4199 3881 prestari
4242 3796 4309 3859 in
4355 3796 4544 3861 domo
4578 3819 4696 3861 sua
4728 3799 4813 3863 ab

1181 3902 1528 3967 heredibus
1575 3903 1775 3989 ipsius
1819 3902 2172 3984 testatoris,
2220 3902 2523 3966 videlicet
2569 3901 2964 3966 comedendo
3012 3908 3079 3966 et
3123 3902 3402 3967 bibendo
3452 3902 3535 3966 ad
3582 3903 3871 3967 tabulam
3935 3903 4246 3968 heredum
4305 3904 4506 3990 ipsius
4567 3905 4811 3971 domini

1177 4009 1456 4092 Alberti,
1506 4016 1571 4074 et
1615 4010 1879 4096 insuper
1925 4009 2201 4095 reliquid
2248 4008 2460 4073 eidem
2505 4008 2785 4095 dompno
2817 4007 3015 4073 Petro
3048 4031 3164 4095 pro
3196 4010 3595 4074 vestimentis
3627 4016 3692 4073 et
3724 4009 4164 4075 calciamentis
4199 4011 4400 4097 ipsius
4433 4014 4607 4076 omni
4639 4034 4808 4079 anno

1176 4115 1401 4181 decem
1448 4116 1647 4180 libras
1694 4116 2203 4192 bononennrnm,
2248 4115 2453 4180 doned
2499 4115 2751 4179 steterit
2799 4136 2946 4179 cum
2989 4115 3335 4180 heredibus
3381 4115 3583 4201 ipsius
3630 4116 3976 4198 testatoris,
4024 4115 4293 4199 dandas,
4328 4119 4708 4204 prestandas
4739 4128 4806 4185 et

1177 4223 1522 4289 solvendas
1568 4223 1777 4288 eidem
1822 4222 1891 4286 in
1937 4222 2102 4287 festo
2151 4221 2507 4286 nativitatis
2555 4222 2820 4287 Domini
2865 4223 3067 4287 nostri
3112 4223 3274 4288 Jesu
3322 4221 3583 4287 Christi.

1357 4331 1523 4396 Item
1571 4329 1844 4416 reliquid
1892 4329 2149 4394 domine
2198 4328 2388 4394 Clare
2436 4330 2625 4394 uxori
2672 4351 2808 4413 sue,
2842 4329 2971 4394 filie
3003 4330 3330 4413 quondam
3362 4330 3605 4396 domini
3636 4330 3868 4395 Fulchi
3900 4331 3979 4395 de
4013 4330 4316 4413 Pacibus,
4350 4332 4563 4398 dotem
4597 4355 4801 4418 suam,

1174 4439 1419 4505 scilicet
1466 4438 1641 4502 mille
1690 4435 2051 4520 ducenta[s]
2096 4437 2297 4500 libras
2342 4438 2858 4519 bononenorum,
2907 4436 2988 4501 de
3036 4437 3267 4524 quibus
3316 4438 3491 4501 mille
3548 4437 3820 4502 ducente
3876 4438 4057 4502 libris
4117 4438 4442 4524 predictus
4504 4439 4800 4506 dominus

1173 4547 1485 4612 Albertus
1532 4545 1762 4611 habuit
1808 4551 2169 4631 nongentas
2217 4545 2561 4630 sexaginta
2608 4543 2807 4608 libras
2853 4544 3360 4627 bononenorum,
3409 4553 3474 4609 et
3521 4566 3667 4610 cum
3731 4545 3926 4610 fuerit
3994 4545 4236 4610 factum
4307 4546 4801 4613 instrumentum

1174 4654 1412 4737 dotale,
1459 4653 1600 4718 vult
1646 4652 1819 4738 quod
1866 4652 2009 4738 ipsa
2054 4651 2316 4716 domina
2348 4651 2543 4716 Clara
2586 4651 2829 4716 habeat
2873 4651 3116 4717 solidas
3162 4660 3228 4716 et
3273 4653 3337 4716 in
3385 4659 3591 4716 totum
3636 4653 3813 4716 mille
3873 4651 4185 4717 ducentas
4255 4653 4453 4718 libras
4513 4655 4799 4720 bonone·

1173 4783 1403 4827 norum
1431 4784 1446 4843 3
1495 4768 1594 4824 set
1640 4760 1696 4823 si
1742 4780 1870 4824 non
1917 4759 2102 4823 fieret
2147 4758 2644 4823 instrumentum
2690 4758 2928 4841 dotale,
2961 4759 3101 4823 vult
3134 4758 3302 4845 quod
3337 4760 3478 4845 ipsa
3509 4759 3748 4824 habeat
3780 4766 4032 4823 tantum
4063 4767 4424 4845 nongentas
4456 4763 4800 4847 sexaginta

1170 4869 1372 4934 libras
1417 4867 1924 4933 bononenorum.
1972 4866 2250 4953 Insuper
2295 4866 2571 4953 reliquid
2618 4866 2829 4931 eidem
2873 4866 3127 4931 domine
3176 4888 3397 4931 omnes
3443 4874 3655 4931 vestes
3702 4889 3887 4950 suas,
3935 4874 4069 4932 tam
4121 4868 4202 4933 de
4266 4868 4541 4933 scarleto
4604 4892 4798 4955 quam

1172 4976 1252 5041 de
1299 4975 1490 5040 viridi
1536 4981 1601 5039 et
1647 4974 1726 5038 de
1774 4973 2069 5056 cendato,
2118 4980 2183 5038 et
2229 4973 2425 5038 etiam
2471 4974 2794 5038 scrineum
2840 4994 3046 5057 suum,
3097 4973 3266 5060 quod
3299 4973 3665 5060 deportavit
3696 4974 3760 5038 in
3793 4973 3981 5040 domo
4015 4975 4214 5062 ipsius
4248 4975 4488 5040 domini
4519 4976 4798 5061 Alberti,

1170 5090 1236 5149 et
1281 5104 1533 5149 cassam
1579 5103 1835 5164 novam,
1883 5080 1996 5145 ubi
2042 5081 2278 5145 retinet
2321 5102 2572 5166 pannos
2621 5102 2770 5145 suos
2820 5087 2884 5144 et
2931 5102 3127 5145 zonas
3175 5103 3326 5145 suas
3373 5082 3452 5145 de
3500 5090 3792 5167 argento,
3843 5104 3966 5167 que
4025 5090 4174 5146 sunt
4218 5083 4381 5165 due,
4443 5090 4508 5147 et
4575 5106 4798 5149 omnes

1168 5189 1424 5255 anullos
1471 5210 1643 5271 suos,
1692 5209 1853 5273 quas
1900 5187 2041 5273 ipsa
2085 5186 2304 5270 habet,
2352 5187 2488 5251 sive
2536 5208 2683 5252 cum
2729 5186 2960 5272 quibus
3007 5187 3130 5252 fuit
3176 5187 3607 5274 desponsata3
3656 5195 3720 5252 et
3765 5187 3963 5252 etiam
3993 5187 4268 5273 reliquid
4298 5187 4506 5253 eidem
4540 5188 4797 5256 domine

1168 5320 1391 5364 omnes
1438 5298 1602 5361 alias
1649 5317 1800 5360 suas
1847 5304 2082 5378 vestes,
2132 5317 2292 5381 quas
2337 5295 2480 5382 ipsa
2527 5295 2724 5359 habet
2769 5295 2876 5359 vel
2922 5296 3063 5381 ipsa
3107 5296 3374 5361 habebit
3421 5302 3708 5382 tempore
3757 5296 3979 5361 mortis
4013 5295 4211 5381 ipsius
4244 5296 4485 5362 domini
4515 5296 4795 5363 Alberti.

1167 5406 1338 5471 Item
1384 5404 1663 5491 reliquid
1712 5404 1922 5469 eidem
1970 5424 2192 5468 omnes
2240 5425 2343 5467 res
2391 5424 2551 5488 quas
2599 5401 2834 5467 detulit
2878 5402 2944 5466 in
2991 5403 3180 5468 domo
3225 5403 3428 5489 ipsius
3474 5403 3716 5468 domini
3760 5402 4039 5468 Alberti.
4087 5403 4174 5467 Et
4221 5425 4441 5469 omnes
4472 5404 4796 5491 predictas

1165 5534 1269 5578 res
1315 5513 1524 5577 eidem
1573 5511 1830 5576 domine
1878 5510 2076 5596 legat,
2123 5510 2180 5573 si
2226 5531 2349 5596 que
2398 5509 2700 5574 estabunt
2746 5518 3034 5596 tempore
3096 5510 3318 5574 mortis
3373 5510 3575 5596 ipsius
3643 5509 3886 5575 domini
3955 5509 4233 5576 Alberti.
4304 5511 4472 5576 Item
4520 5511 4796 5597 reliquid

1163 5620 1378 5685 eidem
1425 5617 1733 5702 omne[m]
1781 5616 2132 5700 mobiliam‚
2181 5638 2375 5702 quam
2422 5616 2563 5703 ipsa
2611 5617 2763 5681 fecit
2808 5623 3149 5704 postquam
3181 5617 3303 5681 fuit
3337 5626 3536 5703 nupta
3560 5616 3847 5704 predicto
3880 5617 4141 5682 domino
4173 5616 4467 5700 Albert0‚
4503 5624 4567 5682 et
4599 5618 4795 5683 etiam

1163 5749 1359 5814 quam
1406 5727 1602 5792 faciet
1649 5746 1853 5811 usque
1902 5724 1984 5788 ad
2032 5731 2304 5789 mortem
2346 5724 2548 5810 ipsius
2595 5723 2838 5788 domini
2880 5724 3156 5788 Alberti.
3205 5723 3371 5790 Item
3420 5724 3696 5810 reliquid
3739 5724 3950 5789 eidem
3998 5724 4253 5789 domine
4297 5725 4539 5789 lectum
4583 5747 4792 5808 suum,

1162 5835 1229 5900 in
1277 5856 1404 5921 quo
1452 5834 1589 5920 ipse
1638 5834 1824 5915 iacet,
1873 5832 2119 5897 scilicet
2166 5831 2327 5895 duas
2375 5830 2677 5896 culcitras
2725 5838 2790 5896 et
2835 5832 2995 5896 duos
3060 5831 3381 5918 capizales
3453 5839 3517 5896 et
3579 5832 3852 5897 cultram
3900 5840 3964 5896 et
4011 5832 4228 5897 omnia
4285 5832 4664 5896 linteamina
4710 5832 4791 5897 ad

1160 5964 1351 6007 usum
1396 5941 1597 6028 ipsius
1643 5940 1796 6005 lecti
1843 5945 1908 6003 et
1955 5959 2174 6003 omnes
2222 5938 2580 6024 origlerios.
2626 5938 2797 6003 Item
2839 5938 3135 6024 reliquid,
3185 5938 3371 6002 iussit
3419 5947 3483 6003 et
3529 5939 3735 6004 voluit
3779 5961 3924 6004 eam
3971 5961 4112 6003 esse
4158 5938 4487 6003 dominam
4532 5947 4597 6003 et
4644 5960 4793 6003 usu-

1158 6050 1583 6115 fructuariam
1633 6048 1697 6110 in
1746 6047 1936 6111 domo
1970 6046 2170 6132 ipsius
2203 6046 2444 6111 domini
2473 6045 2750 6128 Alberti,
2786 6046 2988 6110 donec
3034 6046 3273 6111 morari
3323 6045 3597 6110 voluerit
3631 6047 3707 6110 -in
3755 6046 3944 6111 domo
3992 6046 4193 6132 ipsius
4240 6046 4481 6111 domini
4513 6045 4790 6112 Alberti.

1163 6158 1234 6224 Si
1265 6164 1481 6222 autem
1517 6156 1584 6219 in
1615 6155 1805 6220 domo
1838 6154 1993 6219 dicti
2024 6152 2268 6218 domini
2310 6152 2567 6217 Alberti
2599 6152 2836 6217 morari
2870 6173 2995 6217 non
3028 6153 3245 6236 vellet,
3278 6160 3432 6217 tunc
3467 6160 3532 6216 et
3565 6154 3630 6217 in
3663 6174 3739 6217 eo
3773 6174 3948 6236 casu,
3982 6153 4190 6218 eidem
4222 6152 4481 6219 domine
4513 6152 4790 6238 reliquid

1157 6265 1633 6331 usumfructum
1678 6263 1875 6328 totius
1914 6261 2173 6349 poderis
2219 6260 2341 6344 sui,
2390 6259 2563 6346 quod
2605 6260 2805 6325 habet
2849 6260 2917 6324 in
2964 6260 3173 6345 burgo
3220 6261 3356 6326 sive
3404 6261 3585 6325 curia
3630 6260 3837 6347 Burgi
3895 6261 4244 6345 Panicalis‚
4295 6262 4542 6326 scilicet
4573 6259 4789 6343 un[ius

1154 6373 1430 6459 bralyne
1480 6394 1604 6458 que
1650 6378 1749 6436 est
1794 6370 2266 6459 quinquaginta
2312 6373 2443 6432 tres
2490 6374 2844 6450 tornature,
2892 6375 2957 6432 et
3000 6367 3332 6432 dimidiam
3380 6375 3631 6455 partem
3664 6368 3934 6433 alterius
3967 6375 4320 6452 tornature,
4356 6368 4434 6432 de
4468 6368 4696 6433 subtus
4727 6374 4793 6432 et

1153 6483 1234 6548 de
1282 6504 1476 6571 super
1523 6489 1674 6546 sunt
1721 6481 1822 6544 vie
1868 6480 2146 6567 publice,
2196 6500 2235 6542 a
2283 6501 2426 6544 sero
2473 6476 2804 6564 possident
2848 6476 3286 6560 Pavanenses,
3336 6485 3400 6542 et
3446 6477 3636 6542 unius
3683 6478 3894 6565 predii
3940 6479 4107 6564 quod
4158 6484 4255 6543 est
4301 6477 4599 6543 undecim
4659 6483 4788 6540 tor-
