5542 7775
1549 646 2016 697 SPECTANTIA
2074 646 2176 696 AD
2236 645 2746 697 PROFESSORES
2803 647 3013 698 ‚JURJS
3072 646 3422 697 CANONICI
4153 623 4290 694 181

660 800 834 863 bitur
882 801 1336 865 commissariis
1385 801 1538 865 suis.
1593 801 1759 864 Item
1806 801 2011 865 sorori
2059 801 2309 865 Asinile
2357 800 2435 864 de
2470 808 2788 865 conventu
2824 800 2902 864 de
2936 800 3398 882 Misericordia,
3431 801 3483 864 si
3517 808 3668 865 tunc
3702 802 4007 888 temporis
4040 800 4296 884 vixerit,

660 907 921 994 reliquit
967 908 1250 994 quinque
1297 908 1498 971 libras
1546 907 2054 972 bononenorum.
2106 907 2274 972 Item
2321 907 2579 994 reliquit
2626 908 2893 972 cuilibet
2939 908 3520 972 commissariorum
3563 930 3824 972 suorum
3859 908 4299 995 infrascripto-

653 1036 795 1078 rum
850 1016 1081 1101 viginti
1129 1014 1327 1079 libras
1376 1014 1862 1079 bononenorum
1926 1037 2043 1101 pro
2105 1014 2328 1079 labore
2392 1036 2527 1079 suo.
2577 1015 2969 1078 Ressiduum
3016 1014 3333 1078 dictarum
3395 1015 3587 1078 trium
3652 1015 3924 1079 millium
3989 1015 4301 1080 librarum

655 1124 1169 1206 bononenorum,
1220 1123 1391 1209 quod
1439 1123 1757 1209 supererit
1814 1145 1851 1186 a
1911 1123 2097 1187 dictis
2145 1123 2399 1207 legatie,
2448 1122 2631 1205 solvi,
2681 1122 2979 1187 distribui
3029 1128 3094 1186 et
3140 1122 3419 1209 expendi
3465 1123 3668 1187 voluit
3716 1130 3780 1187 et
3827 1123 4142 1210 disposuit
4186 1146 4301 1211 per

660 1230 1132 1295 commissarios
1195 1252 1343 1294 suos
1409 1230 1852 1316 infrascriptos
1909 1238 2101 1316 prout
2164 1229 2394 1293 melius
2456 1230 2662 1293 visum
2725 1230 2922 1293 fuerit
2982 1230 3074 1294 eis
3139 1252 3256 1316 pro
3319 1230 3534 1294 anima
3583 1251 3738 1313 sua;
3786 1231 3876 1294 ita
3940 1231 4181 1312 silicet,
4230 1239 4302 1295 ut

658 1339 877 1402 statim
924 1360 1069 1402 cum
1117 1336 1357 1402 fuerint
1404 1339 1559 1402 certi
1611 1337 1690 1401 de
1743 1338 1922 1401 obitu
1969 1358 2106 1419 su0,
2142 1344 2495 1401 convocent
2543 1358 2764 1401 omnes
2812 1337 3096 1423 prelatos
3144 1345 3209 1400 et
3257 1337 3524 1401 clericos
3572 1338 3851 1402 civitatis
3898 1338 4191 1403 Bononie
4239 1346 4303 1403 et

658 1445 1132 1527 suburbiorum,
1159 1452 1291 1508 tam
1323 1445 1661 1529 religiosos
1696 1466 1891 1531 quam
1925 1444 2088 1509 alios
2121 1443 2203 1507 ad
2238 1444 2576 1508 ecclesiam
2611 1443 3095 1508 catredalem(¹)
3128 1465 3243 1531 pro
3277 1444 3568 1529 exequiis
3595 1444 3904 1508 faciendis
3937 1467 4053 1531 pro
4087 1446 4302 1509 anima

657 1574 797 1635 sua,
847 1559 911 1616 et
959 1552 1341 1639 provideant
1389 1552 1684 1616 omnibus
1729 1552 1895 1616 sicut
1940 1550 2220 1615 viderint
2269 1550 2671 1633 faciendum3
2722 1558 2787 1615 et
2835 1551 2974 1637 ipsa
3016 1550 3119 1615 die
3153 1551 3258 1615 vel
3288 1551 3583 1637 sequenti
3616 1551 3858 1615 faciant
3890 1552 4306 1617 elemosinam

656 1661 1028 1746 generalem
1074 1660 1467 1746 pauperibus
1518 1659 1800 1724 civitatis
1849 1665 1913 1724 et
1963 1658 2423 1722 suburbiorum
2464 1657 2779 1741 Bononie,
2815 1679 2975 1744 quos
3022 1664 3253 1722 vocent
3301 1658 3383 1721 ad
3431 1658 3726 1722 eumdem
3773 1659 3983 1723 locum
4016 1682 4132 1745 per
4163 1682 4308 1746 pre-

659 1789 918 1849 conem,
968 1768 1021 1830 si
1082 1788 1343 1831 necesse
1392 1767 1624 1848 fuerit3
1677 1776 1741 1830 et
1808 1766 1996 1830 detur
2044 1765 2391 1851 unicuique
2436 1765 2709 1852 pauperi
2762 1767 2951 1852 panis
3007 1787 3172 1829 unus
3220 1765 3490 1830 duorum
3540 1765 3949 1830 denariorum
4012 1774 4077 1831 et
4139 1790 4305 1831 unus

661 1876 984 1957 denariuS,
1034 1882 1099 1938 et
1161 1874 1403 1938 faciant
1451 1875 1712 1960 pulsare
1760 1895 2110 1960 campanas
2168 1895 2286 1959 per
2333 1873 2624 1959 singulas
2671 1873 2978 1937 ecclesias
3027 1873 3305 1937 civitatis
3351 1873 3643 1938 Bononie
3705 1874 3769 1938 in
3833 1874 4120 1959 quolibet
4179 1884 4306 1939 ter-

654 1983 826 2046 mino
890 1983 1055 2046 sicut
1114 1983 1255 2046 fieri
1314 1982 1649 2046 consuevit
1697 1981 2031 2064 Bononie,
2081 1980 2313 2044 deinde
2375 1980 2459 2044 ad
2524 2001 2723 2044 unum
2782 2001 3043 2045 annum.
3094 1980 3264 2044 Item
3309 1981 3514 2044 voluit
3577 1989 3641 2045 et
3702 1981 3967 2045 mandat
4013 1982 4305 2046 commis·

654 2091 840 2153 sariis
883 2090 1045 2173 suis,
1096 2089 1266 2176 quod
1314 2090 1380 2153 in
1430 2090 1639 2176 primo
1690 2110 1860 2153 anno
1906 2094 2054 2175 post
2104 2088 2350 2152 obitum
2396 2109 2584 2151 suum
2633 2088 2922 2173 quolibet
2967 2088 3174 2174 primo
3222 2088 3325 2151 die
3374 2089 3629 2152 veneris
3677 2089 4023 2173 cujuslibet
4068 2090 4305 2153 mensis

652 2205 965 2262 vocentur
1010 2219 1128 2283 per
1172 2218 1521 2284 preconem
1567 2217 1787 2261 omnes
1833 2217 2153 2283 pauperes
2201 2194 2481 2259 civitatis
2532 2194 2615 2258 ad
2662 2195 2947 2280 plateam
2981 2197 3186 2259 sancti
3222 2195 3547 2260 Dominici
3595 2196 3699 2260 vel
3741 2197 3947 2260 sancti
3978 2196 4310 2261 Francisci

655 2304 1058 2387 alternatim,
1110 2305 1200 2368 ita
1251 2303 1421 2390 quod
1472 2325 1603 2367 una
1649 2304 2024 2368 convocatio
2072 2303 2185 2366 fiat
2232 2323 2362 2366 una
2409 2302 2513 2365 die
2559 2301 2643 2365 ad
2690 2308 2984 2366 sanctum
3032 2302 3447 2367 Dominicum
3494 2310 3559 2366 et
3605 2303 3811 2367 altera
3867 2303 3951 2367 ad
4008 2312 4302 2367 sanctum

653 2410 1073 2476 Franciscum
1120 2433 1481 2498 pauperum
1529 2410 1983 2498 predictorum,
2019 2418 2082 2474 et
2131 2409 2321 2474 detur
2366 2409 2711 2495 unicuique
2760 2409 3035 2497 pauperi
3077 2411 3265 2495 panis
3316 2409 3589 2474 duorum
3637 2410 4078 2493 denariorum,
4114 2418 4178 2474 et
4225 2410 4307 2475 sit

650 2519 741 2582 ibi
788 2541 952 2583 unus
1010 2519 1089 2583 de
1154 2518 1645 2599 commissariis,
1696 2518 1799 2582 vel
1850 2518 2084 2603 aliquis
2132 2516 2364 2581 Frater
2420 2539 2537 2602 pro
2601 2517 2730 2599 eis,
2782 2517 2892 2602 qui
2942 2517 3299 2581 comuniter
3344 2525 3531 2603 roget
3577 2538 3797 2582 omnes
3854 2539 4173 2605 pauperes
4234 2525 4304 2581 ut

654 2633 885 2712 rogent
948 2627 1160 2690 Deum
1226 2647 1342 2713 pro
1411 2625 1627 2689 anima
1688 2624 1996 2712 Episcopi
2043 2624 2391 2688 testatoris·
2443 2623 2675 2687 Cetera
2735 2644 2891 2687 vero
2955 2624 3172 2687 omnia
3218 2624 3510 2711 predicta
3573 2624 3791 2711 legata
3846 2625 4180 2689 solvantur
4241 2633 4306 2689 et

654 2734 1101 2819 compleantur
1146 2734 1316 2796 intra
1367 2753 1606 2795 annum
1653 2738 1799 2817 post
1847 2730 2093 2795 obitum
2155 2752 2379 2813 suum,
2428 2731 2715 2816 exceptis
2781 2729 2909 2794 illis
2972 2752 3096 2816 que
3163 2730 3410 2794 differri
3476 2739 3730 2818 oportet
3792 2753 3907 2818 pro
3968 2732 4306 2796 usufructu

654 2842 898 2905 relicto,
934 2840 1037 2904 Ad
1085 2840 1203 2904 hec
1252 2848 1467 2903 autem
1504 2839 1717 2903 omnia
1765 2846 1829 2903 et
1879 2839 2139 2924 singula
2173 2838 2555 2924 exequenda
2601 2860 2741 2902 esse
2777 2837 2983 2901 voluit
3029 2845 3094 2902 et
3141 2838 3461 2925 disposuit
3505 2838 3995 2903 Commissarios
4043 2861 4193 2903 suos
4240 2846 4305 2903 et

654 2948 849 3033 hujus
882 2947 1251 3011 testamenti
1286 2952 1668 3011 executores
1699 2946 1994 3011 Priorem
2026 2945 2513 3010 Predicatorum
2549 2951 2903 3010 conventus
2938 2945 3231 3009 Bononie
3265 2953 3330 3010 et
3363 2945 3806 3010 Guardianum
3841 2946 4143 3010 Fratrum
4181 2945 4304 3011 Mi-

656 3078 885 3120 norum
925 3055 1204 3119 civitatis
1239 3054 1552 3135 Bononie,
1589 3054 1699 3140 qui
1749 3075 1866 3140 pro
1917 3060 2204 3140 tempore
2254 3053 2513 3136 fuerint,
2550 3059 2614 3117 et
2657 3052 2952 3117 Priorem
2999 3053 3207 3117 sancti
3252 3053 3589 3118 Michaelis
3637 3054 3716 3118 de
3763 3053 4043 3137 Buscho‚
4079 3055 4302 3119 volens

656 3171 720 3228 et
760 3162 1017 3248 jubens,
1053 3162 1225 3249 quod
1272 3162 1325 3225 si
1373 3162 1608 3247 aliquis
1642 3183 1865 3225 eornm
1897 3161 2201 3247 predictis
2236 3161 2532 3225 omnibus
2579 3167 2644 3224 et
2691 3160 2965 3245 singulis
3012 3160 3344 3225 intendere
3396 3168 3460 3225 et
3507 3183 3843 3247 superesse
3890 3183 4018 3226 non
4063 3170 4301 3249 posset,

659 3270 771 3355 alij
820 3270 946 3334 duo
995 3269 1448 3335 nichilominus
1491 3276 1918 3354 exequantur.
1967 3268 2105 3354 Ipsi
2153 3290 2307 3333 vero
2357 3267 2798 3352 Commissarij
2845 3267 3136 3354 predicta
3179 3276 3455 3354 quatuor
3486 3268 3663 3332 milia
3698 3269 4006 3333 librarum
4040 3270 4305 3354 exigent

657 3385 721 3442 et
768 3378 1080 3463 recipient
1126 3398 1164 3440 a
1213 3376 1256 3440 J
1260 3376 1533 3440 acobino
1566 3375 1954 3461 Racorgitti,
1990 3375 2320 3439 Amadore
2351 3375 2685 3456 Pizecotti,
2719 3375 2781 3438 N
2788 3375 2992 3440 icolao
3024 3375 3433 3461 Bongerardi
3464 3398 3685 3440 eorum
3719 3377 3928 3458 sociis,
3965 3377 4028 3440 in
4071 3376 4304 3463 quibus

658 3493 721 3549 et
769 3486 833 3549 in
880 3485 1158 3572 amplius
1207 3484 1330 3570 ipsi
1377 3482 1638 3548 domino
1669 3482 1994 3569 Episcopo
2029 3490 2352 3547 tenentur.
2385 3482 2471 3546 Et
2518 3482 2600 3547 ad
2649 3481 3044 3568 exigendum
3091 3482 3451 3569 predictam
3496 3484 3837 3570 pecuniam
3884 3492 3948 3548 et
3995 3483 4306 3570 quidquid

655 3592 778 3656 sibi
824 3592 1095 3655 debetur
1142 3591 1303 3655 citra
1349 3597 1621 3671 montes,
1657 3612 1695 3655 a
1732 3611 2133 3677 quocumque
2181 3591 2305 3654 sibi
2352 3590 2685 3672 debeatur,
2720 3597 2786 3654 et
2829 3590 2912 3654 ad
2960 3591 3196 3673 omnia,
3238 3598 3308 3655 ut
3355 3592 3650 3678 superius
3699 3590 3940 3656 dictum
3987 3598 4104 3674 est,
4139 3591 4302 3656 bene

656 3699 1066 3786 complenda,
1117 3698 1439 3785 predictos
1488 3698 1781 3762 Priorem
1830 3698 2320 3763 Predicatorum
2384 3705 2448 3763 et
2510 3697 2958 3762 Guardianum
3006 3697 3312 3762 Fratrum
3357 3697 3713 3781 Minorum,
3758 3698 4051 3763 Priorem
4098 3699 4303 3764 sancti

654 3807 990 3871 Michaelis
1038 3806 1118 3870 de
1165 3805 1448 3890 Buscho,
1483 3813 1553 3869 ut
1601 3805 1843 3870 dictum
1891 3812 2010 3890 est,
2044 3806 2198 3870 fecit
2229 3827 2379 3870 suos
2415 3805 2925 3889 Commissarios,
2960 3812 3025 3870 et
3072 3805 3268 3891 hujus
3304 3806 3676 3870 testamenti
3720 3827 3796 3870 ac
3843 3808 4303 3893 cujuscumque

651 3916 915 3980 alterius
964 3915 1188 3978 ultime
1236 3914 1591 3978 voluntatis
1625 3922 2005 3979 executores
2038 3923 2102 3978 et
2134 3923 2585 4000 procuratores
2618 3914 2683 3978 in
2715 3914 3020 4001 predictis
3052 3915 3352 3979 omnibus
3389 3915 3550 3978 citra
3583 3921 3853 3979 montes,
3891 3915 3971 3979 In
4006 3915 4302 3979 omnibus

653 4030 871 4087 autem
919 4022 1062 4086 aliis
1109 4022 1243 4086 suis
1290 4021 1475 4085 bonis
1527 4021 1871 4086 mobilibus
1919 4028 1983 4085 et
2032 4020 2502 4104 immobilibuS,
2545 4021 2802 4106 juribus
2864 4030 2929 4087 et
2992 4023 3353 4087 actionibus
3420 4023 3582 4087 citra
3644 4029 3894 4086 montes
3954 4022 4191 4086 habitis
4239 4031 4302 4086 et

653 4129 967 4194 habendis
1015 4129 1138 4193 sibi
1186 4128 1456 4192 heredes
1507 4129 1784 4193 instituit
1813 4150 2132 4215 pauperes
2177 4128 2436 4212 Christi,
2472 4150 2652 4214 quos,
2686 4138 2961 4216 pensata
2993 4130 3270 4194 utilitate
3306 4131 3517 4194 anime
3549 4129 3857 4217 Episcopi
3891 4130 4301 4194 avinonensis

656 4244 721 4302 et
765 4237 969 4301 multa
1015 4243 1399 4323 paupertate
1450 4236 1735 4323 ipsorum
1784 4257 2163 4322 pauperum,
2197 4236 2436 4322 prefati
2483 4236 2924 4321 Commissarij
2972 4237 3277 4301 duxerint
3309 4238 3663 4323 eligendos,
3699 4245 3768 4302 ut
3801 4237 4148 4303 succedant
4182 4238 4304 4323 ipsi

653 4345 947 4410 testatori
995 4345 1057 4408 in
1109 4343 1426 4425 omnibus,
1477 4344 1765 4430 exceptis
1813 4365 1937 4430 que
1985 4365 2181 4430 supra
2230 4344 2455 4408 relicta
2502 4351 2651 4407 sunt
2698 4351 2762 4409 et
2809 4344 2933 4408 hiis
2981 4344 3206 4428 etiam,
3256 4367 3380 4431 que
3429 4345 3892 4432 relinquentur,
3942 4346 4020 4409 de
4070 4345 4303 4431 quibus

655 4452 1032 4539 disponetur
1078 4453 1141 4516 in
1190 4451 1502 4517 codicillis
1551 4451 1711 4534 suis3
1767 4472 1927 4537 quos
1975 4451 2304 4517 codicillos
2353 4453 2506 4516 item
2551 4459 2823 4517 testator
2854 4452 3208 4536 mandavit,
3242 4453 3447 4517 voluit
3494 4460 3559 4518 et
3605 4453 3920 4540 disposuit
3953 4453 4206 4518 clausos
4239 4461 4304 4518 et

656 4561 985 4646 inapertos
1032 4566 1203 4624 stare
1252 4559 1372 4623 sub
1421 4558 1655 4643 sigillo,
1691 4565 1755 4623 et
1802 4558 2002 4644 sigilli
2049 4566 2297 4623 secreto
2344 4560 2569 4642 teneri,
2604 4581 2644 4624 a
2687 4559 3159 4624 Commissariis
3206 4559 3337 4625 suis
3384 4582 3586 4646 usque
3634 4566 3778 4647 post
3826 4561 4069 4626 obitum
4117 4583 4304 4625 suum

659 4674 724 4731 et
769 4668 972 4754 patris
1020 4674 1085 4731 et
1133 4667 1356 4730 matris
1406 4667 1568 4751 ejus.
1615 4666 1779 4730 Post
1827 4666 2072 4731 obitum
2129 4688 2282 4732 vero
2344 4688 2567 4750 suum,
2617 4669 2820 4754 patris
2883 4674 2948 4732 et
3009 4667 3232 4738 matris
3279 4669 3441 4753 ejus,
3489 4668 3695 4732 voluit
3755 4669 3929 4755 ipsos
3977 4667 4303 4733 codicillos

660 4775 898 4862 aperiri
942 4783 1006 4839 et
1053 4774 1374 4861 publicari
1420 4774 1503 4838 ab
1551 4774 1705 4859 ipsis
1756 4773 2230 4838 Commissariis
2277 4780 2343 4838 et
2387 4796 2466 4839 ea
2512 4775 2781 4861 exequi,
2830 4775 2970 4839 fieri
3015 4783 3081 4840 et
3127 4774 3470 4862 compleri,
3520 4796 3645 4862 que
3699 4776 3764 4839 in
3813 4776 3968 4862 ipsis
4016 4777 4299 4841 contine-

652 4883 912 4947 buntur.
947 4882 1033 4947 Et
1077 4882 1245 4946 hanc
1292 4903 1476 4945 suam
1524 4881 1816 4946 ultimam
1863 4882 2264 4946 voluntatem
2296 4882 2571 4947 asseruit
2601 4903 2742 4946 esse
2776 4883 2964 4965 velle,
3000 4904 3195 4969 quam
3225 4883 3443 4946 valere
3476 4883 3681 4948 voluit
3705 4884 3852 4968 jure
3885 4885 4288 4966 testamenti3

656 4990 824 5077 quod
873 4990 928 5053 si
968 4991 1116 5075 jure
1165 4990 1536 5053 testamenti
1583 5009 1709 5053 non
1758 4989 1953 5071 valet,
2000 4989 2220 5053 valeat
2267 4990 2495 5053 saltem
2537 4991 2684 5074 jure
2733 4989 3175 5055 codicillorum
3220 4991 3324 5054 vel
3372 4991 3830 5077 cujuscumque
3880 4991 4144 5056 alterius
4193 4993 4289 5056 ul·

654 5099 808 5162 time
855 5096 1229 5179 voluntatis,
1280 5117 1408 5182 qua
1454 5097 1682 5160 melius
1731 5096 1950 5161 valere
1997 5103 2228 5183 potest.

828 5205 1067 5269 Actum
1114 5205 1181 5267 in
1230 5203 1419 5268 domo
1469 5203 1736 5268 ecclesie
1785 5205 1991 5268 sancti
2038 5204 2308 5269 Antonii
2354 5204 2432 5268 de
2480 5204 2778 5269 Bononia
2824 5204 2903 5269 de
2953 5204 3230 5287 Savina,
3280 5206 3341 5269 in
3400 5226 3658 5270 camera
3705 5207 3769 5270 in
3818 5228 3945 5293 qua
3992 5207 4129 5292 ipse
4175 5207 4287 5272 do-

655 5312 866 5377 minus
912 5312 1272 5398 Episcopus
1305 5311 1714 5394 morabatur3
1749 5313 2156 5397 presentibus
2203 5311 2403 5377 fratre
2452 5312 2735 5377 Trovato
2775 5312 2989 5398 priore
3023 5313 3229 5377 sancti
3259 5312 3596 5378 Michaelis
3629 5313 3709 5377 de
3741 5313 4020 5396 Buscho,
4054 5314 4287 5380 domno

654 5418 863 5483 Paulo
912 5439 1180 5482 monaco
1204 5417 1437 5481 'sancti
1485 5416 1819 5503 Stephani,
1853 5417 2054 5482 fratre
2102 5418 2403 5483 Johanne
2451 5418 2529 5483 de
2575 5418 2820 5504 Broylo
2866 5419 2946 5482 de
2993 5427 3215 5484 sancto
3260 5419 3578 5484 Michaele
3625 5419 3705 5483 de
3751 5420 3985 5502 BuscO,
4030 5420 4288 5504 domino

654 5527 1023 5592 Alamanno
1071 5525 1549 5610 Infrangeloste
1599 5525 1677 5589 de
1725 5526 1986 5590 civitate
2031 5525 2363 5590 Florentie
2410 5533 2473 5590 et
2518 5526 2909 5613 Raymundo
2959 5526 3159 5592 Torta
3206 5528 3513 5592 canonico
3561 5528 3767 5592 sancti
3812 5527 3987 5592 Ruffi
4034 5528 4112 5592 de
4158 5527 4288 5593 Va-

658 5634 897 5716 lencia,
945 5633 1180 5698 domno
1226 5633 1689 5718 Bonninsegna
1736 5633 1950 5719 priore
1997 5634 2205 5698 sancti
2250 5633 2520 5719 Antonij
2566 5634 2839 5720 predicti
2886 5635 2965 5699 de
3012 5636 3308 5700 Bononia
3355 5635 3434 5699 de
3484 5635 3761 5718 Savina,
3809 5642 3874 5700 et
3931 5636 4287 5722 presbitero

658 5741 969 5825 Bevagno
1018 5739 1308 5825 ejusdcm
1357 5740 1626 5805 ecclesie
1675 5742 2004 5823 canonice,
2052 5748 2116 5805 et
2162 5741 2420 5807 domino
2466 5741 2809 5807 Aldiberto
2856 5743 3058 5807 milite
3105 5743 3185 5808 de
3232 5744 3454 5827 Novis,
3489 5743 3684 5808 Petro
3731 5742 4029 5807 Durandi
4075 5745 4288 5830 priore

656 5849 860 5912 sancti
891 5848 1183 5934 Agricoli
1216 5848 1653 5912 avinionensis
1685 5855 1750 5912 et
1782 5849 1981 5913 fratre
2016 5849 2298 5935 Ugolino
2331 5850 2411 5914 de
2444 5849 2898 5915 Tencharariis
2930 5851 3009 5915 de
3050 5850 3291 5916 Ordine
3326 5852 3600 5915 fratrum
3630 5852 3982 5934 Minorum,
4018 5851 4288 5915 testibus

651 5956 897 6021 vocatis
945 5963 1010 6019 et
1057 5956 1321 6041 rogatis.

829 6063 972 6148 Ego
1021 6062 1361 6127 stardus
1409 6063 1651 6128 domini
1697 6063 2080 6148 Johanninij
2126 6064 2430 6151 Pizolpili
2477 6064 2666 6147 filius,
2715 6065 3034 6152 imperiali
3082 6067 3464 6131 auctoritate
3515 6068 3821 6149 notarius,
3855 6067 4158 6154 predictis
4193 6066 4286 6129 in-

653 6171 869 6253 terfui,
919 6178 983 6235 et
1030 6192 1107 6234 ea
1156 6171 1371 6235 omnia
1418 6171 1497 6234 de
1547 6170 1852 6235 mandato
1900 6171 2054 6236 dicti
2101 6173 2491 6236 venerabilis
2536 6174 2740 6259 patris
2780 6174 3238 6238 Avinionensis
3286 6174 3592 6260 Episcopi
3639 6175 3885 6261 scripsi,
3919 6174 4288 6260 subscripsi.

830 6278 973 6364 Ego
1020 6278 1447 6343 Bencevenne
1482 6279 1804 6364 quondam
1851 6279 1894 6343 J
1898 6279 2085 6344 acobi
2130 6279 2372 6344 domini
2407 6280 2727 6344 Grimaldi
2759 6281 2839 6345 de
2874 6281 3176 6364 SalicetO,
3211 6282 3528 6368 imperiali
3561 6284 3942 6347 anctoritate
3977 6283 4285 6365 notarius,

813 6512 889 6577 (1)
930 6510 1033 6561 sic.
