5542 7775
1686 701 2149 750 SPECTANTIA
2205 701 2307 750 AD
2364 696 2876 750 PROFESSORES
2932 694 3348 744 MEDICINAE
4173 675 4318 744 221

697 856 951 939 scriptis
999 877 1192 919 manu
1241 855 1509 941 Ugolini
1558 854 1777 919 fratris
1825 853 2186 918 Tranchedi
2237 854 2472 918 notarii
2520 852 2883 939 previdenti
2909 851 2985 914 (1)
3022 850 3299 914 utilitate
3346 850 3548 935 ipsius
3590 850 3893 935 Capituli,
3927 852 4334 937 episcopatus

697 969 762 1027 et
792 963 1081 1026 Ecclesie
1116 963 1483 1039 cerviensis,
1518 962 1694 1025 dedit
1722 968 1786 1025 et
1819 962 2132 1025 concessit
2164 961 2420 1025 domino
2453 959 2929 1025 Branchaleoni
2963 957 3286 1044 quondam
3319 957 3560 1022 domini
3592 958 3870 1039 Andalo,
3905 958 4235 1043 recipienti
4271 966 4336 1022 ct

697 1069 1032 1156 stipulanti
1083 1070 1221 1133 vice
1269 1078 1333 1133 et
1380 1069 1636 1134 nomine
1682 1068 1964 1149 Andree,
1999 1068 2113 1132 filii
2163 1068 2483 1154 quondam
2534 1067 2776 1131 domini
2827 1066 3156 1130 Castelani
3186 1065 3548 1129 Andalonis
3582 1066 3781 1151 ipsius
3814 1066 3948 1148 filii,
3991 1075 4054 1129 et
4087 1066 4333 1151 nepoti-

698 1177 818 1240 bus
865 1177 1169 1240 masculis
1218 1199 1300 1239 ex
1348 1197 1424 1240 eo
1472 1175 2027 1258 descendentibus,
2064 1176 2127 1239 in
2176 1175 2530 1238 enfiteosim
2580 1181 2792 1237 castra
2844 1171 3272 1255 Plancalduli,
3306 1172 3683 1236 Belvederis
3726 1180 3791 1236 et
3840 1172 4031 1237 Sasxi
4053 1174 4129 1237 (2)
4158 1172 4333 1237 Gna-

697 1284 841 1366 tari,
877 1284 1057 1348 salvo
1099 1285 1246 1368 jure
1295 1284 1557 1348 dominii
1606 1292 1669 1346 et
1715 1283 2125 1369 proprietatis
2173 1281 2603 1368 Episcopatus
2636 1288 2700 1344 et
2732 1280 3021 1344 Ecclesie
3055 1280 3422 1363 cerviensis,
3458 1301 3604 1344 cum
3638 1280 3932 1343 omnibus
3965 1288 4029 1344 et
4061 1281 4333 1365 singulis

692 1392 948 1475 juribus
995 1397 1060 1453 et
1106 1391 1468 1455 actionibus
1518 1390 1600 1453 ad
1639 1390 1935 1454 eumdem
1969 1389 2296 1453 dominum
2329 1389 2743 1475 Episcopum,
2779 1387 3241 1473 Episcopatum
3274 1394 3339 1451 et
3368 1386 3729 1451 Ecclesiam
3763 1388 4157 1452 cerviensem
4190 1410 4333 1474 spe-

699 1499 1021 1563 ctantibus
1069 1499 1133 1562 in
1183 1500 1274 1562 eis
1324 1499 1571 1581 castris,
1606 1498 1741 1561 sive
1789 1498 1978 1561 terris
2011 1497 2346 1561 occasione
2380 1497 2686 1582 ipsorum,
2721 1495 2918 1558 salvis
2951 1495 3422 1558 conditionibus
3449 1495 3871 1560 instrumento
3904 1498 4332 1561 concessionis

699 1606 989 1689 insertis3
1039 1613 1102 1669 et
1150 1606 1269 1670 hoc
1318 1605 1695 1669 nominatim
1740 1626 1858 1690 pro
1906 1605 2377 1690 quatringeutis
2425 1603 2607 1667 libris
2655 1603 3159 1684 bononenorum,
3210 1623 3369 1686 quas
3420 1602 3585 1665 idem
3634 1602 3928 1667 dominus
3975 1604 4333 1690 Episcopus

698 1713 1029 1777 confessus
1075 1714 1198 1776 fuit
1243 1712 1568 1795 habuisse,
1604 1712 1814 1775 dando
1858 1712 2063 1775 eciam
2110 1717 2175 1775 et
2219 1710 2567 1796 prestando
2613 1709 2939 1796 predictus
2988 1709 3614 1793 henfitheotecarius,
3649 1718 3713 1774 et
3754 1711 4022 1795 predicti
4070 1710 4332 1775 descenÎ‡

698 1808 926 1884 dentes
969 1820 1051 1883 ab
1101 1842 1176 1883 eo
1224 1820 1338 1883 filii
1387 1827 1451 1883 et
1499 1826 1764 1905 nepotes
1808 1819 2080 1901 masculj
2138 1818 2412 1903 legitimi
2468 1818 2637 1882 dicto
2686 1817 2943 1881 domino
2992 1816 3333 1902 Episcopo,
3383 1817 3518 1880 sive
3565 1818 4041 1882 successoribus
4088 1819 4220 1883 suis
4268 1826 4333 1883 et

695 1927 985 1992 Ecclesie
1036 1928 1385 2009 cerviensi,
1435 1927 1620 1990 annis
1668 1926 1897 2011 singlis
1942 1948 2060 2013 pro
2108 1946 2324 1989 annua
2371 1925 2679 2012 pensione
2725 1925 3038 2011 porchum
3085 1945 3282 1988 unum
3332 1924 3396 1987 in
3445 1946 3662 1989 mense
3709 1927 3955 2009 marcii,
4003 1949 4117 1990 seu
4167 1928 4335 1991 infra

695 2035 1108 2099 indictionem
1136 2036 1212 2098 (3)
1248 2042 1399 2098 tnnc
1456 2041 1818 2098 currentem
1880 2034 2081 2120 precii
2140 2042 2205 2097 et
2270 2032 2707 2097 extimationis
2767 2033 2962 2096 trium
3017 2032 3326 2097 librarum
3389 2032 3892 2097 bononeuorum.
3941 2034 4087 2098 Hoc
4135 2035 4332 2100 etiam

697 2149 876 2223 act0,
928 2142 1098 2226 quod
1147 2142 1328 2204 finita
1376 2141 1578 2205 tercia
1625 2142 2081 2226 generacione,
2130 2140 2336 2204 silicet
2384 2139 2651 2204 mortuis
2697 2139 2847 2204 filiis
2893 2149 2957 2203 et
3005 2138 3344 2224 nepotibus
3393 2140 3694 2203 masculis
3740 2141 4065 2226 predictis,
4114 2143 4169 2206 si
4214 2143 4330 2206 filii

697 2250 966 2313 masculi
1013 2248 1285 2333 legitimi
1334 2247 1762 2312 decendentes
1809 2249 1890 2312 ab
1940 2248 2032 2312 eis
2070 2248 2312 2311 vellent
2344 2268 2677 2330 renovare,
2711 2247 3195 2311 renovabuntur
3225 2247 3317 2311 eis
3351 2245 3517 2311 dicte
3552 2269 3653 2311 res
3686 2248 4037 2312 secundum
4071 2250 4331 2315 solitum

697 2363 763 2421 et
806 2357 1114 2420 usitatum
1159 2355 1489 2441 provincie
1537 2354 1919 2419 Romaniole
1969 2355 2404 2419 renovationis
2451 2354 2731 2419 modum.
2766 2355 2869 2417 Ita
2902 2360 3139 2436 tamen,
3175 2353 3345 2439 quod
3392 2375 3518 2417 non
3567 2355 3759 2419 liceat
3804 2356 3896 2419 eis
3945 2378 4060 2421 nec
4108 2380 4330 2422 eornm

695 2463 844 2527 filiis
891 2463 997 2526 vel
1045 2463 1384 2548 nepotibus
1418 2462 1621 2526 dictas
1655 2484 1756 2525 res
1787 2461 2088 2544 vendere,
2122 2461 2226 2524 vel
2259 2468 2662 2525 contractum
2707 2463 2989 2548 aliquem
3030 2460 3243 2524 facere
3279 2461 3470 2525 alicui
3502 2483 3795 2547 persone,
3830 2464 3942 2528 sed
3976 2472 4121 2550 post
4153 2472 4329 2529 tran-

700 2571 891 2635 situm
940 2593 1162 2634 eorum
1210 2578 1273 2634 et
1319 2592 1582 2634 suorum
1626 2570 1905 2633 filiorum
1950 2577 2013 2633 et
2061 2575 2399 2655 nepotum,
2449 2569 2706 2655 quando
2755 2569 3034 2633 Domino
3079 2569 3431 2654 placuerit,
3479 2570 3765 2655 predicte
3812 2594 3915 2636 res
3971 2572 4054 2636 ad
4109 2574 4218 2658 jus
4265 2580 4330 2638 et

698 2678 1050 2743 dominium
1099 2676 1529 2764 Episcopatus
1577 2676 1825 2759 Cervie,
1876 2678 2059 2761 cujus
2106 2684 2203 2740 est
2247 2677 2627 2763 proprietas,
2670 2677 2808 2740 sine
2857 2676 3151 2739 molestia
3213 2685 3639 2760 revertantur,
3687 2680 3812 2743 nisi
3857 2680 4010 2744 dicti
4057 2681 4328 2746 heredes

698 2786 940 2850 vellent
973 2807 1041 2848 se
1077 2806 1410 2867 renovare,
1444 2790 1515 2848 ut
1547 2783 1785 2848 dictum
1820 2791 1935 2848 est.
1984 2782 2130 2847 Hoc
2177 2785 2381 2847 eciam
2429 2791 2594 2866 acto,
2632 2782 2802 2869 quod
2850 2784 2904 2846 si
2951 2783 3121 2847 infra
3168 2805 3451 2847 mensem
3498 2786 3857 2871 predictum
3901 2813 4025 2856 non
4060 2795 4333 2879 solvant,

697 2901 770 2957 ut
816 2893 1056 2956 dictum
1104 2899 1222 2974 est,
1257 2892 1496 2957 dictum
1542 2892 1854 2977 porchum
1900 2899 2165 2977 propter
2209 2893 2331 2956 hoc
2378 2913 2505 2955 non
2555 2890 2790 2955 cadant
2837 2912 2875 2953 a
2909 2890 3101 2955 feudo
3135 2892 3258 2954 nisi
3290 2892 3495 2977 primo
3529 2893 3724 2959 fuerit
3755 2900 4154 2983 requisitum.
4189 2907 4335 2975 Hoc

699 3000 905 3064 eciam
952 3007 1095 3064 acto
1145 3000 1315 3063 inter
1361 3021 1491 3081 eos,
1542 2998 1708 3085 quod
1767 3019 2032 3084 presens
2080 2999 2660 3085 conceptio(4)nou
2710 2997 3070 3084 prejudicet
3116 2998 3691 3086 Archiepiscopatu
3740 3005 3990 3090 pisanO,
4024 3011 4159 3076 sive
4199 3016 4332 3098 juri

699 3107 897 3193 ipsius
946 3107 1001 3169 si
1050 3106 1220 3192 quod
1276 3106 1472 3170 habet
1521 3106 1582 3169 in
1630 3106 1824 3170 rebus
1885 3106 2270 3191 supradictis
2333 3106 2435 3169 vel
2484 3106 2702 3191 aliqua
2756 3126 2976 3169 eorum
3042 3127 3124 3168 ex
3189 3106 3611 3173 instrumento
3677 3109 3844 3175 dicte
3907 3120 4333 3187 concessionis

699 3215 935 3300 scripto
979 3236 1173 3277 manu
1222 3213 1464 3278 domini
1511 3213 1848 3278 Bonvisini
1897 3213 2137 3278 domini
2182 3213 2540 3298 Bologuitti
2587 3214 2861 3297 not-arij,
2909 3212 3081 3277 facto
3128 3212 3318 3276 hodie
3366 3213 3657 3281 Bononie
3706 3219 3771 3282 iu
3834 3221 4039 3309 burgo
4100 3226 4331 3313 Richo,

699 3321 765 3385 in
812 3321 1000 3385 domo
1048 3321 1182 3385 sive
1231 3342 1486 3384 camera
1534 3321 1772 3385 domini
1819 3320 2126 3408 Episcopi
2173 3322 2519 3385 cerviensis
2566 3321 2858 3406 predicti,
2894 3321 3299 3406 presentibus
3330 3324 3640 3407 magistro
3680 3325 3970 3393 Marsilio
4019 3331 4098 3396 de
4147 3334 4331 3400 Man-

697 3428 1004 3513 tighellis,
1039 3428 1299 3492 doctore
1347 3428 1770 3511 decretorum,
1805 3428 2062 3492 domino
2094 3428 2374 3491 Martino
2411 3427 2745 3509 Sulimani,
2781 3428 2998 3512 legum
3031 3427 3312 3508 doctore,
3346 3428 3603 3495 domino
3649 3432 3845 3499 Petro
3893 3436 4136 3503 domini
4182 3442 4330 3507 Ari-

693 3536 854 3600 verii
902 3536 980 3599 de
1030 3536 1589 3619 Carbonensibus,
1638 3535 1895 3601 domino
1952 3536 2292 3600 Bonifacio
2357 3535 2435 3599 de
2497 3535 2823 3622 Abaysio,
2874 3535 3131 3599 domino
3180 3536 3479 3601 Johanne
3543 3541 3794 3606 notario
3842 3542 3919 3607 de
3966 3544 4329 3634 Merolinis,

692 3642 951 3706 domino
1000 3642 1249 3706 Jacobo
1298 3641 1376 3705 de
1426 3641 1763 3706 Meruliuis
1811 3651 1875 3706 et
1925 3642 2200 3708 Salvitto
2252 3642 2668 3724 Gualandini,
2706 3642 2978 3706 testibus
3024 3650 3095 3706 ut
3140 3642 3347 3707 dictus
3396 3643 3691 3710 dominus
3735 3647 4222 3719 Brancaleonns
4269 3663 4333 3721 et

691 3750 898 3814 dictus
946 3751 1241 3814 dominus
1276 3750 1707 3833 Johanninus,
1743 3759 2123 3837 procurator
2166 3751 2318 3815 dicti
2366 3751 2607 3816 domini
2655 3751 2962 3838 Episcopi
3009 3752 3091 3815 ad
3139 3752 3506 3817 faciendum
3551 3756 3704 3841 poni
3751 3758 4041 3843 predicta
4088 3764 4153 3826 in
4199 3786 4333 3829 me-

692 3857 1067 3923 morialibus
1116 3856 1421 3922 Comunis
1470 3857 1764 3923 Bononie
1812 3880 1897 3923 ex
1945 3859 2369 3924 instrumento
2417 3860 2539 3946 ipsi
2587 3860 2990 3946 procuratori
3036 3881 3228 3924 mann
3279 3860 3479 3946 ipsius
3526 3861 3862 3930 Bonvisini
3895 3870 4127 3934 notarii
4161 3870 4332 3937 facto

691 3966 865 4031 dicta
912 3966 1036 4049 die,
1086 3966 1249 4048 loc0,
1297 3973 1361 4029 et
1408 3966 1817 4051 presentibus
1865 3966 2052 4030 dictis
2099 3966 2394 4049 testibus,
2442 3967 2607 4031 dixit
2654 3975 2718 4031 et
2765 3967 2958 4031 scribi
3008 3968 3180 4031 fecit.

2457 4287 2577 4352 IX.

2247 4504 2440 4586 1285,
2489 4503 2575 4566 21
2624 4504 2783 4567 iulii.

749 4711 856 4776 Ex
901 4712 1099 4776 Arch.
1149 4712 1326 4777 Max.
1377 4713 1562 4796 bon.,
1613 4714 1677 4777 in
1726 4677 2008 4779 Memor..
2046 4713 2401 4779 Communis
2413 4739 2437 4800 Í¾
2481 4715 2675 4780 Mem.
2725 4716 2985 4780 Azolini
3033 4716 3260 4781 Cambi
3305 4717 3384 4781 de
3432 4717 3657 4801 Vitris,
3712 4721 3902 4803 1285,
3950 4742 4005 4785 c.
4061 4726 4139 4786 15
4190 4720 4278 4788 v.â°

867 4926 1284 5009 Mcclxxxv.,
1327 4927 1684 5010 jndictione
1731 4928 1915 5013 xiij.â€š
1966 4928 2068 4992 die
2116 4930 2372 4994 sabbati
2417 4931 2766 5016 vigessimo
2816 4932 3022 5017 primo
3065 4920 3238 5016 julij.

868 5038 972 5109 (12â´
1005 5034 1166 5098 Cum
1213 5034 1335 5098 hoc
1383 5042 1573 5116 esset,
1617 5036 1787 5120 quod
1834 5034 2130 5099 dominus
2178 5038 2487 5122 magister
2533 5038 2838 5103 Thadeus
2885 5039 2963 5102 de
3011 5038 3364 5122 Florentia,
3413 5041 3572 5104 artis
3618 5041 3932 5107 medicine
3981 5046 4327 5130 professor,

686 5141 1004 5227 proficisci
1052 5141 1413 5205 intenderet
1460 5140 1542 5204 ad
1590 5143 1917 5206 civitatem
1958 5143 2226 5226 Mutine,
2261 5145 2687 5229 presentibus,
2722 5153 2787 5209 et
2828 5145 3133 5210 mandato
3174 5145 3579 5211 dominorum
3610 5148 4007 5234 Allegratuti
4054 5152 4327 5216 condam

691 5248 931 5313 domini
979 5248 1368 5312 Mezovilani
1416 5248 1495 5313 de
1543 5248 2000 5333 MezovilaniS,
2050 5251 2297 5336 capelle
2361 5253 2567 5315 sancti
2632 5253 2971 5317 Michaelis
3019 5252 3098 5317 de
3145 5254 3551 5338 Lebroxeto,
3601 5263 3665 5319 et
3710 5251 3942 5321 Uberti
3988 5258 4066 5322 de
4114 5259 4325 5323 Pava-

690 5356 1017 5438 nensibus,
1056 5356 1302 5442 capelle
1349 5358 1557 5421 sancti
1602 5356 1940 5421 Benedicti
1986 5358 2065 5422 de
2113 5357 2313 5422 Porta
2358 5358 2567 5442 Nova,
2601 5367 2666 5424 et
2710 5359 2930 5424 Yvani
2977 5360 3055 5424 de
3102 5360 3515 5446 Bataglutiis,
3559 5363 3806 5449 capelle
3854 5373 4074 5430 sancte
4122 5366 4328 5432 Marie

690 5463 995 5548 Majoris,
1046 5485 1242 5527 causa
1290 5464 1556 5528 curandi
1606 5464 1888 5528 nobilem
1934 5466 2143 5528 virum
2190 5465 2518 5530 dominum
2565 5466 2931 5531 Gerardum
2977 5467 3056 5532 de
3110 5468 3538 5553 Raugonibus
3601 5470 3806 5534 civem
3862 5473 4325 5558 mutinensem,

692 5578 1152 5656 cognoscentes
1201 5572 1644 5635 mandatorem
1693 5593 1821 5636 non
1871 5572 2149 5657 obligari
2194 5572 2273 5636 de
2323 5594 2497 5656 casu,
2540 5574 2665 5637 nisi
2710 5575 3068 5661 spetialiter
3114 5577 3236 5640 hoc
3283 5583 3471 5663 pacto
3520 5578 3894 5662 conveniat,
3942 5580 4167 5645 volens
4206 5582 4329 5647 sibi

691 5679 899 5743 dictus
964 5680 1273 5764 magister
1322 5678 1625 5743 Thadeus
1689 5680 2048 5765 spetialiter
2106 5681 2482 5766 providere,
2532 5689 2596 5745 et
2657 5682 2929 5767 predicti
2990 5684 3281 5748 volentes
3344 5684 3428 5749 ad
3488 5684 3901 5772 infrascripta
3970 5689 4328 5778 spetialiter

690 5786 988 5870 obligari,
1036 5785 1309 5871 predicti
1372 5808 1627 5869 omnes,
1679 5787 1924 5851 scilicet
1974 5786 2399 5872 Allegratuti,
2449 5787 2734 5852 Ubertus
2789 5797 2854 5853 et
2899 5789 3205 5872 Yvanus,
3255 5798 3320 5854 et
3375 5791 3645 5876 quilibet
3704 5813 3927 5856 eorum
3978 5793 4325 5861 insolidum

689 5894 1210 5959 consentihcntes
1244 5915 1311 5957 se
1345 5894 1733 5980 principales
1767 5894 2110 5978 debitores,
2145 5896 2596 5982 promiserunt,
2631 5897 2947 5983 solempni
2994 5898 3409 5983 stipulatione
3442 5898 3840 5984 interposita,
3874 5900 4161 5985 predicto
4196 5924 4326 5966 ma-

690 6003 891 6088 gistro
957 6003 1222 6066 Thadeo
1285 6024 1353 6066 so
1417 6003 1702 6067 facturos
1768 6013 1833 6067 et
1894 6013 2229 6068 curaturos
2300 6003 2469 6089 quod
2532 6005 2739 6069 dictus
2799 6006 3107 6090 magister
3169 6005 3474 6070 Thadeus
3535 6007 3810 6071 liberum
3872 6008 4111 6073 habeat
4173 6010 4322 6094 iter,

690 6117 755 6173 et
801 6110 1174 6195 expeditum
1225 6111 1289 6174 in
1338 6109 1593 6174 henndo
1634 6119 1698 6175 et
1748 6110 2074 6176 redeundo
2122 6120 2186 6176 et
2232 6111 2482 6194 stand0,
2534 6121 2779 6177 remoto
2829 6114 3002 6177 omni
3034 6113 3392 6178 obstacullo
3426 6121 3490 6177 et
3522 6114 3997 6201 impedimento,
4032 6117 4123 6181 ita
4155 6118 4328 6204 quod

690 6216 772 6280 ab
821 6217 1145 6301 aliquibus
1194 6238 1321 6281 non
1369 6217 1754 6303 impedietur
1801 6218 1904 6282 vel
1953 6219 2399 6283 molestabitur
2445 6219 2510 6282 in
2559 6241 2770 6302 avere,
2806 6221 2911 6284 vol
2961 6242 3256 6307 persona,
3291 6221 3736 6307 promittentes
3776 6224 4051 6287 eundem
4098 6246 4325 6290 sanum

853 6466 930 6531 (1)
971 6464 1077 6528 Sic,
1113 6481 1212 6534 pro
1253 6483 1280 6515 Â«t
1314 6481 1421 6532 pro
1456 6466 1686 6518 evidenti
1721 6484 1769 6517 Â».
2721 6471 2800 6535 (3)
2840 6469 2946 6534 Sic,
2984 6486 3082 6539 pro
3122 6488 3151 6519 Î¹
3191 6486 3368 6522 mense
3406 6489 3454 6522 aÂ».

832 6555 932 6622 (2)
972 6553 1076 6606 Sic.
2726 6561 2805 6626 (4)
2844 6559 2948 6611 Sic.
