5542 7775
1470 684 1930 735 SPECTANTIA
1969 686 2072 736 An
2110 686 2326 738 PROF.
2367 688 2603 761 Plana,
2645 688 2942 739 HUMAN.
2984 690 3130 740 ΜΤ.
3172 690 3266 739 ET
3306 689 3576 740 Tnnon.
4185 669 4335 739 243

708 838 1039 903 notificare
1086 840 1463 925 parentibus
1510 846 1575 904 et
1621 841 1982 926 germanis,
2029 850 2102 905 ut
2147 842 2440 907 mittatur
2487 843 2613 908 cito
2659 865 2778 930 pro
2825 865 2923 908 eo.
2971 843 3059 909 Et
3105 844 3257 930 quia
3302 866 3420 931 per
3465 866 3533 910 se
3580 845 3881 932 pedester
3926 849 4165 912 reverti
4211 868 4339 912 non

708 954 983 1031 poterat,
1017 946 1325 1029 vulneris,
1358 948 1494 1011 sive
1541 948 1734 1034 plage
1783 949 2162 1034 qualitatem
2209 950 2515 1035 notificat,
2565 957 2629 1016 et
2674 959 2748 1016 ut
2794 952 3067 1016 asellum
3115 960 3229 1017 aut
3273 952 3515 1016 animal
3554 952 3729 1016 aliud
3765 975 3880 1039 pro
3914 954 4052 1040 ipso
4085 955 4341 1020 mittere
4400 937 4417 943 ’

706 1060 1147 1139 procurarent.
1194 1053 1499 1140 Receptis
1547 1062 1763 1118 autem
1808 1055 2043 1138 literis,
2092 1055 2245 1121 dicti
2294 1057 2395 1120 sui
2439 1065 2741 1144 parentes
2788 1065 2855 1122 et
2899 1057 3134 1122 fratres
3182 1058 3521 1123 tristantur
3569 1059 3951 1145 plurimum3
4000 1061 4338 1126 tristantur

707 1159 904 1223 etiam
950 1160 1301 1243 convicini3
1349 1168 1415 1225 et
1443 1159 1506 1224 N
1509 1160 1787 1226 icholam
1819 1162 1960 1245 ejus
1993 1182 2395 1247 germanum,
2429 1163 2540 1249 qui
2570 1163 2614 1229 J
2617 1163 2939 1228 ohannem
2971 1164 3173 1229 artius
3208 1164 3551 1249 dirigebat,
3585 1188 3732 1231 cum
3768 1168 3951 1232 asino
3999 1168 4081 1232 ad
4130 1169 4341 1255 ipsum

708 1265 1142 1331 reducendum
1188 1267 1550 1353 Bononiam
1598 1268 2091 1333 transmiserunt
2116 1269 2214 1334 (1).

883 1482 939 1566 c)
991 1482 1191 1568 Hugo
1225 1482 1462 1569 quippe
1494 1483 1903 1548 beatissimus
1935 1483 2016 1548 de
2049 1483 2304 1571 Oppido
2340 1484 2530 1550 Serre
2563 1486 2769 1550 sancti
2803 1486 3048 1560 Quirici
3087 1488 3303 1553 extitit
3334 1488 3663 1573 oriundus,
3697 1498 3763 1555 et
3793 1489 4035 1555 domini
4068 1491 4340 1556 Actonis

707 1591 910 1655 filius:
961 1598 1026 1655 et
1072 1590 1610 1676 quemadmodum
1657 1591 1963 1676 puerulus
2009 1598 2297 1678 tempore
2343 1592 2410 1656 in
2459 1593 2784 1680 corporeis
2840 1594 3108 1658 artubus
3171 1596 3618 1661 succrescebat
3681 1598 3906 1680 etatis,
3954 1599 4045 1662 ita
4090 1620 4342 1663 morum

706 1707 773 1764 et
817 1699 1126 1763 virtutum
1167 1699 1326 1783 juge
1373 1697 1763 1784 suscipiebat
1809 1699 2309 1783 incrementum3
2361 1700 2655 1785 idemque
2704 1700 2937 1765 indolis
2984 1707 3048 1765 et
3093 1702 3409 1787 siquidem
3455 1703 3680 1768 docilis
3727 1712 3886 1787 erat,
3922 1706 4004 1770 ob
4038 1705 4230 1792 idque
4270 1714 4343 1771 ut

704 1807 1038 1871 literarum
1084 1806 1310 1870 studiis
1358 1805 1708 1889 insudaret,
1745 1806 1944 1892 ipsius
1992 1807 2247 1891 genitor
2292 1828 2439 1870 eum
2483 1807 2772 1894 profecto
2822 1808 3238 1873 imbuendum
3284 1810 3647 1875 Bononiam
3692 1811 4074 1895 destinavit3
4123 1813 4342 1900 ibique

703 1922 850 2001 post
893 1935 1142 1978 moram
1187 1914 1493 2000 temporis
1540 1913 1885 1978 admodum
1931 1915 2122 2000 pauci
2169 1922 2234 1979 et
2281 1963 2699 1980 .......
2748 1916 2981 2002 peritia
3027 1917 3198 2003 cepit
3245 1917 3591 2003 plurimum
3638 1919 3970 2005 proficere.
4023 1919 4150 1985 Sed
4197 1942 4343 1985 cum

704 2020 942 2085 ibidem
989 2022 1223 2085 multos
1271 2022 1365 2085 ire
1411 2042 1529 2106 per
1574 2021 1851 2106 abrupta
1898 2021 2201 2085 vitiorum
2247 2029 2567 2105 cerneret,
2615 2043 2863 2109 peneve
2912 2024 3271 2108 omnigenis
3318 2025 3490 2089 vitiis
3538 2025 4006 2110 exuberantes,
4054 2029 4341 2113 cogitatu

702 2128 927 2193 sedulo
973 2128 1356 2192 authumare
1405 2129 1603 2213 cepit,
1638 2128 1729 2192 sic
1777 2129 1843 2191 in
1889 2128 2020 2192 suis
2068 2128 2404 2214 alloquens
2452 2130 2838 2216 precordiis:
2872 2132 3197 2195 incassum
3243 2131 3468 2196 laboro
3509 2134 3564 2197 si
3610 2154 3694 2197 ex
3725 2154 3946 2198 earum
3981 2135 4194 2199 studio
4228 2157 4338 2201 cor

705 2258 919 2301 meum
965 2235 1218 2300 illesum
1267 2256 1527 2301 servare
1589 2236 1889 2320 nequibo.
1939 2235 2149 2321 Igitur
2210 2236 2544 2300 literarum
2606 2236 2818 2301 studio
2881 2237 3222 2324 despect0,
3271 2239 3659 2304 sublimioris
3720 2240 4047 2327 profectus
4111 2242 4341 2308 ardore

706 2364 1073 2425 succensus,
1117 2351 1277 2408 nutu
1323 2343 1447 2408 Dei
1495 2341 1842 2428 divinaque
1891 2342 1980 2407 sic
2028 2343 2407 2429 disponente
2455 2343 2817 2427 clementia,
2852 2344 2935 2409 ad
2981 2346 3193 2410 locum
3241 2347 3447 2411 sancti
3478 2346 3752 2412 Joannis
3798 2347 3878 2412 de
3921 2348 4341 2414 Saxoferrato

707 2452 884 2516 venit
928 2450 1230 2534 festinus,
1279 2450 1496 2536 ibique
1545 2450 1928 2514 Silvestrum
1975 2449 2413 2514 beatissimum
2463 2451 2666 2514 nostri
2713 2450 2976 2516 Ordinis
3023 2453 3417 2539 inceptorem
3465 2455 3776 2540 peculiari
3823 2456 4036 2540 gratia
4081 2456 4339 2520 humili·

704 2560 855 2624 tatis
902 2566 1201 2624 ornatum
1249 2557 1487 2644 reperit
1511 2558 1611 2622 (2).

2457 2917 2577 2982 VI.

2270 3150 2524 3214 Saeculo
2572 3150 2777 3215 XIII.

835 3382 942 3447 Ex
983 3383 1431 3448 Bibliothecae
1478 3381 1937 3447 Malatestiana
1985 3390 2354 3466 caesenate,
2403 3382 2563 3468 plut.
2613 3382 2704 3446 ΙΙ.
2754 3384 3223 3466 sinistrorsum,
3271 3405 3355 3448 ex
3402 3383 3541 3448 cod.
3590 3384 3744 3467 IV.,
3793 3405 3961 3448 saec.
4009 3384 4203 3468 XII„

1479 3491 1590 3576 qui
1637 3490 1921 3555 continet
1970 3490 2292 3554 Summam
2340 3491 2854 3577 Raymundinam
2902 3497 2968 3554 et
3014 3490 3164 3573 alia,
3213 3512 3267 3555 c.
3318 3492 3447 3555 268
3474 3491 3572 3555 (3).

870 3740 1186 3827 Magister
1240 3740 1504 3804 Moneta
1550 3749 1614 3805 et
1661 3740 1971 3825 magister
2014 3740 2323 3825 Paganus
2371 3746 2436 3804 et
2479 3740 2683 3804 frater
2727 3739 3071 3804 Albericus
3136 3740 3541 3826 placentinus
3604 3747 3668 3805 et
3730 3741 3933 3806 frater
3993 3743 4337 3809 Bartholo-

694 3872 876 3915 meus
926 3849 1360 3933 bononiensis,
1394 3848 1659 3913 Fratres
1707 3869 1928 3913 omnes
1975 3848 2246 3935 predicti
2295 3846 2557 3913 Ordinis
2603 3846 3114 3930 Predicatorum,
3150 3848 3229 3913 de
3277 3849 3599 3913 communi
3639 3850 3982 3915 concordia
4014 3859 4078 3916 et
4109 3852 4336 3917 volun-

693 3967 827 4023 tate
875 3957 1338 4023 consuluerunt
1383 3956 1554 4044 quod
1620 3957 1684 4020 in
1747 3956 2183 4021 contractibus
2229 3956 2593 4020 socidarum
2639 3956 2867 4038 boum,
2916 3955 3135 4020 innitis
3181 3956 3331 4020 hinc
3379 3963 3552 4021 retro
3600 3957 3682 4021 ad
3731 3965 4029 4043 quartam
4083 3967 4335 4046 partem

694 4067 856 4131 lucri
904 4072 968 4130 et
1014 4065 1298 4151 dampni,
1333 4073 1399 4130 et
1445 4085 1574 4129 non
1621 4064 1884 4128 fuerunt
1930 4063 2059 4127 alia
2106 4064 2349 4127 inserta
2395 4063 2460 4127 in
2509 4069 2865 4146 contractu,
2899 4062 3070 4148 quod
3118 4063 3227 4127 ille
3276 4063 3386 4149 qui
3432 4064 3747 4128 concessit
3791 4065 3990 4130 boves
4038 4073 4335 4131 teneatur

693 4175 1031 4237 restituere
1080 4173 1164 4236 ad
1210 4173 1485 4237 salutem
1531 4171 1743 4235 anime
1790 4192 1904 4235 sue
1951 4178 2082 4235 tres
2130 4178 2348 4257 partes
2394 4170 2729 4254 frumenti,
2781 4191 2942 4255 quas
2986 4170 3265 4256 recepit,
3315 4170 3451 4235 sive
3499 4171 3671 4256 quod
3715 4173 3962 4259 recepit
4008 4194 4048 4237 a
4092 4175 4331 4239 rustico

697 4302 812 4367 pro
861 4280 1067 4345 tribus
1113 4280 1406 4366 partibus
1470 4278 1550 4343 de
1599 4278 1832 4364 quibus
1879 4299 2007 4342 non
2072 4286 2213 4342 erat
2272 4277 2630 4364 periculum
2693 4277 3101 4341 concedentis
3163 4277 3362 4342 boves
3427 4278 3540 4343 sed
3605 4280 3846 4343 rustici.
3895 4280 3982 4344 Et
4035 4289 4333 4365 quartam

693 4396 944 4474 partem
989 4387 1296 4451 frumenti
1341 4393 1639 4451 teneatur
1685 4386 1809 4450 sibi
1856 4385 2011 4449 dare
2058 4386 2224 4450 sicut
2268 4385 2392 4448 fuit
2438 4406 2623 4448 suum
2671 4384 3029 4470 periculum
3077 4406 3192 4471 pro
3242 4392 3472 4470 quarta
3517 4394 3703 4472 parte
3745 4386 3824 4452 de
3870 4387 4035 4451 bove
4076 4397 4329 4453 mortuo

692 4496 796 4560 vel
842 4495 1232 4560 deteriorato
1280 4515 1683 4581 quocumque
1731 4515 1884 4558 casu
1926 4492 2212 4576 fortuito,
2247 4493 2443 4557 etiam
2491 4491 2708 4557 divino
2750 4493 3016 4577 judicio.
3048 4492 3354 4557 Rusticus
3393 4495 3689 4580 paciatur
3733 4496 4091 4581 periculum
4136 4497 4331 4561 trium

691 4604 970 4690 partium
1032 4609 1098 4667 et
1158 4608 1457 4667 teneatur
1518 4601 1601 4665 ad
1661 4601 2041 4666 solvendum
2089 4601 2235 4664 illas
2281 4608 2411 4665 tres
2460 4607 2677 4687 partes
2723 4599 3017 4684 domino,
3067 4623 3211 4664 cum
3274 4601 3358 4665 sit
3419 4601 3825 4686 quodamodo
3886 4611 4217 4688 mutuum,
4265 4614 4331 4669 et

693 4711 889 4774 habet
934 4716 1233 4774 naturam
1278 4709 1484 4773 mutui
1531 4729 1648 4796 pro
1696 4708 1825 4772 illis
1871 4708 2078 4772 tribus
2125 4707 2418 4794 partibus
2466 4706 2915 4793 dampnorum.

874 4816 1041 4880 Item
1082 4816 1543 4881 consuluerunt
1574 4837 1796 4880 omnes
1828 4815 2100 4901 predicti
2131 4815 2365 4879 fratres
2398 4814 2569 4900 quod
2616 4821 2983 4879 contractus
3027 4814 3240 4879 socide
3272 4816 3475 4901 possit
3504 4815 3643 4879 fieri
3675 4817 3848 4881 licite
3888 4818 4027 4881 sine
4076 4820 4331 4884 macula

691 4925 903 5011 pecati
948 4925 1014 4988 in
1058 4924 1232 4988 hunc
1277 4924 1573 4988 modum:
1622 4923 1773 4987 talis
1821 4923 2136 4987 concessit
2179 4922 2295 4987 tali
2356 4923 2595 4986 rustico
2659 4922 2742 4986 ad
2808 4922 3231 4988 laborandum
3282 4922 3364 4986 ad
3413 4931 3711 5008 quartam
3756 4932 4008 5010 partem
4056 4925 4219 4991 lucri
4265 4934 4331 4991 et

690 5032 955 5118 dampni
1001 5031 1162 5095 duos
1214 5031 1406 5095 boves
1453 5030 1652 5116 precii
1707 5052 1820 5093 xx.
1851 5030 2161 5094 librarum
2211 5035 2734 5112 ravennatorum,
2768 5029 3123 5115 suscipiens
3172 5030 3237 5093 in
3285 5051 3355 5094 se
3399 5029 3607 5094 dictus
3640 5031 3915 5096 rusticus
3947 5037 4078 5096 tres
4109 5041 4329 5119 partes

692 5139 980 5226 periculi.
1014 5138 1332 5203 Dominus
1364 5159 1518 5202 vero
1551 5144 1848 5222 quartam
1880 5144 2131 5223 partem
2165 5157 2546 5222 quocunque
2579 5157 2733 5201 casu
2766 5136 3031 5201 fortuito
3063 5136 3219 5201 dicti
3264 5137 3464 5201 boves
3510 5137 3838 5223 perierint,
3872 5140 4068 5202 etiam
4109 5138 4328 5205 divino

686 5246 969 5331 judicio,
1009 5255 1075 5310 et
1119 5267 1236 5332 pro
1279 5251 1510 5331 quarta
1540 5251 1726 5330 parte
1758 5244 2063 5309 laborerii
2094 5243 2411 5309 dictorum
2442 5243 2636 5308 boum
2686 5243 2979 5329 promisit
3026 5244 3301 5308 rusticus
3349 5243 3601 5308 deferre
3650 5244 3733 5308 ad
3780 5245 4038 5309 domum
4087 5246 4329 5311 domini

692 5376 754 5417 x.
791 5354 1015 5417 corbes
1057 5353 1384 5435 frumenti,
1418 5359 1485 5416 et
1524 5353 1816 5438 promisit
1862 5352 2157 5417 dominus
2205 5373 2274 5416 se
2320 5372 2461 5416 esse
2509 5359 2879 5418 contentum
2912 5351 2991 5416 de
3024 5351 3196 5416 dicta
3229 5352 3590 5438 quantitate
3621 5353 3819 5417 etiam
3849 5354 3903 5417 si
3934 5353 4080 5440 plus
4112 5363 4331 5441 posset

688 5460 968 5542 habere3
1014 5467 1079 5524 et
1123 5459 1181 5522 si
1226 5459 1569 5543 contigerit
1615 5457 1786 5543 quod
1833 5457 2041 5522 dictus
2089 5457 2364 5522 rusticus
2411 5479 2538 5522 non
2585 5457 2791 5544 possit
2835 5456 2991 5521 dare
3039 5457 3276 5522 dictam
3325 5465 3624 5543 quartam
3679 5465 3966 5545 partem,
4016 5481 4093 5525 eo
4156 5461 4329 5546 quod

850 5833 930 5899 (l)
970 5833 1124 5885 Idem
1163 5835 1354 5884 auctor
1391 5832 1445 5883 in
1472 5832 1604 5884 Vita
1629 5831 1896 5901 praedicti
1921 5831 2098 5898 Beati,
2124 5847 2266 5901 quae
2300 5835 2454 5883 auto·
2564 5830 2925 5883 existentibus
2964 5836 3207 5901 tempore
3248 5848 3354 5900 quo
3394 5830 3535 5884 Sarti
3577 5835 3632 5884 et
3669 5832 3937 5885 Fattorini
3974 5834 4328 5903 scripserunt,

692 5922 902 5991 grapha
944 5922 1327 5974 asservabatur
1378 5922 1432 5973 in
1482 5921 1703 5974 archivo
1755 5926 1814 5974 ut
1859 5938 2042 5990 supra.
2082 5920 2230 5973 Obiit
2268 5925 2454 5972 autem
2564 5921 2619 5972 in
2658 5921 2880 5973 archivo
2929 5922 3245 5974 monasterii
3292 5921 3621 5974 sanctissimi
3673 5921 3931 5974 crucifixi
3975 5921 4328 5988 Saxiferrati‚

695 6012 885 6063 beatus
923 6009 1157 6063 Ioannes
1197 6010 1283 6062 die
1324 6013 1390 6062 24
1431 6011 1612 6062 martii
1657 6014 1809 6064 1290.
2565 6014 2621 6064 et
2652 6011 2840 6063 relatis
2868 6011 2922 6062 in
2949 6012 3105 6063 Actis
3143 6011 3586 6077 canonizationis,
3618 6028 3876 6064 summat.
3907 6030 3957 6063 n.
3985 6015 4015 6064 8
4056 6013 4329 6079 Process.,

849 6099 1172 6152 praedictae
1223 6100 1496 6152 Historiae
1545 6099 1648 6152 hoc
1693 6103 1776 6153 est
1820 6100 2064 6152 initium:
2103 6116 2134 6151 α
2172 6098 2456 6151 Johannes
2563 6101 2660 6153 fol.
2698 6105 2820 6153 316.

693 6190 861 6254 o'yitur
887 6190 1169 6255 predictus
1204 6190 1467 6256 ονίρίηεηι
1504 6191 1679 6241 traxit
1714 6190 1779 6241 de
1814 6189 2013 6241 humili
2049 6190 2182 6241 oilla
2205 6188 2451 6254 Paterni,
2719 6193 2799 6257 (3)
2838 6191 2993 6244 Haec
3030 6192 3084 6243 in
3125 6192 3371 6261 margine
3409 6192 3466 6243 in
3504 6192 3774 6261 principio
3814 6193 4016 6246 codicis
4040 6193 4329 6261 leguntur:

695 6277 972 6329 Fabriani
1004 6280 1313 6331 diat-ictus:
1337 6285 1502 6346 pater
1525 6280 1641 6345 ejus
1667 6278 1955 6331 vocabatur
1979 6279 2309 6344 Bouianum,
2335 6295 2452 6330 ma·
2559 6297 2589 6330 αι
2614 6280 2730 6332 Ista
2756 6281 2983 6333 Summa
3008 6281 3328 6347 Raymundi
3350 6288 3425 6333 est
3448 6282 3711 6334 Fratrum
3736 6283 4011 6334 Minor-um
4038 6281 4101 6331 de
4128 6279 4327 6331 Cesena

689 6373 770 6420 ter
805 6383 926 6419 vero
962 6367 1270 6421 sursum
1310 6387 1358 6420 ».
2548 6376 2674 6438 post
2707 6377 2929 6423 mortem
2964 6371 3170 6436 fratris
3202 6371 3398 6423 Jacobs·
3432 6372 3497 6423 de
3534 6371 3760 6436 Cesenn,
3796 6377 3843 6423 et
3877 6370 4107 6422 habetne·
4141 6370 4325 6421 littera

851 6459 930 6524 (2)
978 6457 1064 6509 Ex
1123 6458 1297 6511 tribus
1359 6459 1595 6529 antiquis
1656 6459 1990 6512 membranis
2051 6459 2456 6512 continentibus
2564 6462 2820 6527 mayistri
2854 6460 3006 6527 apud
3045 6459 3429 6511 Guardae’anum
3467 6460 3601 6512 dicti
3633 6461 3735 6513 loci
3769 6477 3818 6513 ι.

693 6547 879 6599 Vitam
917 6548 1065 6600 beati
1103 6547 1352 6618 Hugonis
1391 6548 1644 6617 discipuli
1682 6550 1861 6601 sancti
1910 6547 2160 6601 silvestri
2206 6547 2453 6615 abbatis,
