5542 7775
1301 620 1334 689 1
1352 621 1394 690 5
1407 620 1451 689 4
2875 636 3359 687 nemum

1292 795 1729 869 Praeconem
1768 795 1903 868 fuit
1943 795 2350 893 deputatae,
2385 795 2520 890 cui,
2562 802 2773 891 prout
2813 803 2885 867 et
2923 793 3102 889 aliis,
3146 794 3595 867 commissum
3636 794 3877 867 extitit
3915 819 3958 867 a
3996 793 4279 867 Nuncio
4335 794 4640 867 faciendi
4693 818 4945 892 nempe

1294 922 1597 1019 primam
1665 920 2355 1017 praeconizationem
2413 944 2539 992 seu
2594 919 2871 1015 gridam
2931 919 3002 992 in
3061 919 3173 993 die
3230 920 3584 1016 crastina,
3645 945 3827 1017 quae
3884 920 4037 993 fieri
4092 928 4561 993 consueverat
4616 920 4690 992 in
4748 920 4947 992 initio

1296 1045 1659 1141 regiminis
1719 1043 2098 1141 cujuslibet
2153 1045 2567 1140 Potestatis,
2610 1045 2882 1118 formae
2940 1044 3341 1142 sequentis:
3399 1074 3437 1115 «ι
3479 1043 3912 1118 Intimentur
3954 1067 4188 1117 omnes
4242 1052 4302 1117 et
4359 1044 4629 1143 sinyuli
4666 1044 4948 1117 banniti

1302 1169 1713 1244 Communis
1772 1177 1833 1243 et
1892 1169 2150 1268 Populi
2205 1172 2511 1242 civitatis
2552 1170 2964 1267 praedictae
3012 1176 3298 1268 propter
3360 1170 3859 1265 homicidium,
3914 1171 4055 1242 sive
4108 1168 4575 1265 maleficium,
4632 1193 4754 1242 nec
4807 1194 4942 1242 non

1293 1297 1621 1392 latrones,
1678 1294 2074 1368 robbatores
2126 1302 2542 1392 stratarum,
2592 1294 2897 1390 falsarii
2949 1302 3281 1391 monetae,
3322 1297 3671 1393 jncisores
3726 1294 4128 1390 bursarum,
4167 1297 4536 1390 assassini,
4593 1294 4946 1389 haeretici,

1287 1423 1593 1520 yazarii,
1638 1422 2009 1519 patareni,
2066 1420 2487 1516 sodomitae,
2543 1427 2606 1493 et
2656 1420 3079 1519 yeneraliter
3135 1444 3369 1494 omnes
3424 1427 3486 1493 et
3539 1420 3863 1519 sinqulae
3919 1420 4109 1493 aliae
4163 1420 4564 1516 infamatae
4609 1443 4950 1517 personae

1290 1547 1754 1619 incontinenti
1810 1545 1894 1618 de
1948 1547 2246 1642 civitate,
2297 1548 2628 1618 comitatu
2687 1553 2748 1618 et
2806 1545 3132 1618 districtu
3191 1545 3598 1619 bononiensi
3650 1568 3722 1618 se
3778 1544 4069 1618 debeant
4122 1568 4503 1644 seqre-care,
4550 1544 4678 1617 sub
4719 1569 4950 1643 poena

1293 1679 1355 1743 et
1411 1670 1643 1743 banno
1700 1673 1929 1744 averis
1985 1678 2047 1743 et
2090 1694 2600 1769 personarum,
2657 1694 2780 1743 nec
2848 1670 3033 1769 quod
3090 1672 3368 1769 possint
3421 1672 3641 1769 recipi
3695 1672 3774 1743 in
3834 1668 4156 1743 domibus
4209 1670 4312 1743 vel
4369 1672 4768 1765 consortiis,
4823 1669 4951 1744 sub

1277 1821 1507 1894 poena
1567 1797 2057 1869 destructionis
2113 1796 2473 1869 domorum
2546 1804 2607 1868 et
2662 1797 2835 1868 aliis
2877 1799 3169 1894 poenis,·
3205 1798 3367 1868 item
3426 1797 3611 1894 quod
3665 1796 3909 1868 nullus
3964 1795 4180 1868 vadat
4235 1796 4318 1869 de
4375 1803 4564 1868 nocte
4607 1820 4741 1894 per
4789 1798 4952 1868 ciri-

1293 1928 1503 1994 tatem
1553 1928 1708 2020 post
1764 1923 2046 2011 tertium
2102 1945 2351 1994 sonum
2409 1944 2839 2018 campanae,
2897 1927 2960 1993 et
3028 1927 3268 1993 contra
3350 1944 3557 1994 arma
3627 1921 3964 2018 offensiva
4021 1946 4095 2017 »,
4157 1920 4243 1994 de
4318 1920 4597 2017 quibuS,
4646 1921 4757 1994 die
4815 1921 4948 1994 IV.

1290 2047 1638 2120 relatione
1696 2048 1912 2142 facta,
1973 2054 2303 2142 rogatum
2360 2046 2602 2119 extitit
2656 2046 3231 2120 instrumentum.

1507 2171 1641 2244 Die
1698 2171 1833 2245 IV.
1895 2171 2180 2267 augusti
2240 2172 2309 2243 in
2369 2171 2692 2244 domibus
2749 2170 3090 2244 ecclesiae
3147 2171 3486 2245 Fratrum
3557 2171 4144 2244 Praedicatorum
4218 2180 4384 2245 ante
4457 2171 4816 2245 Nuncium
4876 2196 4952 2244 se

1293 2297 1748 2372 contulerunt
1804 2297 2154 2396 praedicti
2212 2296 2501 2394 Syndici
2558 2297 2872 2370 civitatis
2926 2297 3293 2371 Bononiae
3360 2322 3444 2371 ac
3499 2297 4049 2372 universitatum
4105 2306 4177 2372 et
4214 2297 4481 2396 populi,
4524 2307 4944 2393 castrorum,

1292 2423 1821 2519 fortalitiorum,
1882 2423 2261 2496 comitatus
2318 2430 2389 2496 et
2445 2422 2811 2496 districtus
2867 2433 3082 2520 atque
3141 2447 3303 2496 cum
3359 2423 3460 2496 eis
3518 2422 3901 2497 Thadaeus
3951 2423 4038 2498 de
4079 2423 4370 2522 Pepulis
4426 2432 4499 2498 et
4552 2423 4954 2497 Consiliarii

1293 2574 1560 2645 omnes,
1604 2550 1691 2622 de
1750 2549 2004 2645 quibus
2062 2549 2331 2622 inserta
2385 2548 2675 2621 nomina
2712 2548 3092 2643 habentur,
3127 2550 3617 2645 juramentum
3671 2548 4032 2623 fidelitatis
4091 2574 4332 2623 coram
4381 2550 4685 2624 testibus
4737 2549 4952 2623 dede-

1290 2682 1480 2748 runt.
1542 2675 1807 2747 Forma
1864 2682 2107 2746 autem
2154 2673 2549 2769 juramenti
2606 2673 2741 2745 suit
2799 2682 3012 2770 prout
3084 2673 3446 2771 sequitur:
3519 2702 3554 2741 «
3615 2674 3766 2773 Eyo
3807 2731 4708 2750 ...............
4785 2676 4957 2746 civis

1292 2800 1760 2895 bononiensis,
1784 2800 1961 2895 juro
2019 2798 2203 2896 quod
2258 2796 2347 2870 ab
2404 2797 2537 2869 hac
2590 2797 2764 2871 hora
2825 2801 2901 2871 in
2961 2806 3170 2871 antea
3223 2798 3458 2894 fidelis
3513 2805 3574 2871 et
3631 2798 3953 2872 obediens
4008 2823 4122 2872 ero
4178 2799 4336 2872 divo
4379 2798 4606 2895 Petro,
4633 2801 4954 2898 principi

1292 2924 1787 3022 apostolorum,
1845 2930 1908 2995 et
1968 2925 2409 2995 sanctissimo
2452 2924 2658 3021 patri
2725 2923 3009 2996 domino
3071 2948 3308 3022 papae
3384 2924 3759 2997 Benedicto
3817 2923 4011 2998 XII.
4038 2983 4058 3020 ,
4116 2926 4397 3023 ejusque
4451 2924 4959 2997 successoribus

1292 3051 1620 3123 canonice
1674 3047 2135 3143 intrant-ibus,
2174 3055 2379 3145 atque
2434 3049 2851 3146 apostolicae
2907 3073 3243 3122 romanae
3300 3048 3670 3122 Ecclesiae.
3738 3048 3899 3124 Non
3957 3073 4070 3122 ero
4127 3052 4206 3123 in
4273 3050 4562 3123 consilio
4614 3057 4740 3122 aut
4795 3074 4956 3122 con-

1292 3199 1499 3247 sensu
1556 3175 1658 3246 vel
1709 3174 1923 3269 facte,
1963 3173 2148 3271 quod
2194 3176 2409 3246 ‘citam
2463 3174 2768 3271 perdant
2817 3181 2944 3246 aut
2980 3174 3390 3270 membrum,
3431 3181 3557 3247 aut
3594 3174 4062 3273 capiant[ur]
4099 3177 4292 3248 mala
4331 3177 4667 3274 captione.
4718 3172 4962 3248 Consi-

1292 3301 1494 3395 lium,
1533 3298 1719 3398 quod
1774 3299 1957 3397 mihi
2012 3299 2355 3371 credituri
2410 3306 2613 3371 erunt
2657 3322 2793 3397 per
2846 3322 2916 3371 se
2971 3306 3097 3371 aut
3140 3323 3274 3398 per
3334 3299 3653 3372 Nuncios
3698 3323 3860 3374 suos
3922 3303 4063 3373 sive
4091 3324 4228 3399 per
4264 3300 4529 3396 literas,
4567 3301 4666 3373 ad
4721 3323 4960 3373 eorum

1293 3426 1662 3520 damnum,
1718 3448 1826 3496 me
1881 3426 2152 3519 sciente,
2190 3426 2464 3496 nemini
2506 3423 2881 3522 pandam;
2918 3431 2979 3496 et
3034 3426 3099 3497 si
3153 3426 3409 3497 scivero
3459 3424 3643 3521 fieri,
3691 3427 4076 3524 procurari
4120 3449 4238 3498 seu
4298 3427 4598 3497 tractari
4645 3424 4960 3523 aliquod,

1292 3550 1479 3649 quod
1532 3552 1627 3622 sit
1683 3574 1919 3622 eorum
1976 3550 2077 3620 vel
2134 3549 2481 3622 Ecclesiae
2524 3550 2940 3647 praedictae
2996 3549 3447 3646 damnosum,
3491 3550 3679 3623 illud
3734 3552 3833 3623 eis
3887 3550 3989 3623 rel
4044 3551 4264 3624 eidem
4323 3550 4672 3624 Ecclesiae
4736 3553 4960 3649 siqni-

1287 3676 1502 3772 ficare
1546 3673 1966 3773 procurabo.
2013 3673 2363 3772 Papatum
2412 3699 2788 3748 romanum
2830 3682 2891 3747 et
2945 3675 3216 3771 reyalia
3274 3677 3504 3748 sancti
3560 3674 3778 3771 Petri,
3819 3677 4003 3774 jura
4066 3683 4127 3749 et
4153 3676 4697 3775 jurisdictiones
4733 3677 4964 3774 ipsius

1291 3809 1352 3874 et
1408 3823 1872 3873 successorum
1947 3824 2235 3873 suorum
2295 3807 2356 3873 et
2410 3824 2749 3873 romanae
2807 3799 3190 3897 Ecclesiae,
3247 3807 3393 3873 tam
3449 3803 3528 3874 in
3587 3801 3719 3874 hac
3773 3802 4048 3874 civitate
4123 3803 4404 3901 ejusque
4485 3803 4840 3874 territorio
4895 3808 4963 3873 et

1292 3928 1642 4023 districtu,
1701 3951 1914 4023 quam
1972 3925 2153 3998 alibi
2208 3926 2622 4023 ubicumque
2678 3927 3070 4020 existentia,
3128 3926 3418 4023 adjutor
3472 3951 3587 3999 ero
3641 3929 3706 3999 ei
3761 3934 3824 3999 et
3878 3929 4107 4025 ipsius
4159 3926 4693 4022 successoribus,
4752 3933 4963 4025 atque

1292 4051 1646 4124 Ecclesiae
1702 4051 1801 4123 ad
1855 4051 2387 4144 restituendum,
2444 4049 2964 4145 defendendum
3024 4057 3086 4122 et
3140 4052 3720 4148 recuperandum,
3759 4058 3821 4124 et
3889 4060 4299 4150 recuperata
4357 4052 4960 4124 manutenendum

1294 4182 1533 4248 contra
1592 4198 1859 4247 omnem
1922 4174 2295 4248 hominem.
2348 4174 2468 4247 Sic
2522 4199 2629 4246 me
2684 4174 2882 4246 Deus
2936 4174 3220 4271 adjuret
3275 4182 3337 4247 et
3383 4174 3550 4247 haec
3585 4182 3831 4248 sancta
3869 4176 4010 4248 Dei
4047 4176 4405 4273 evanqelia
4447 4202 4519 4249 ».
4559 4175 4674 4249 Ita
4714 4183 4956 4248 actum

1297 4300 1433 4372 fuit
1488 4300 1561 4372 in
1618 4300 1945 4372 manibus
2001 4298 2287 4394 Nuncii,
2349 4300 2469 4396 qui
2526 4299 2733 4397 plura
2790 4300 3060 4372 fecerat
3119 4323 3333 4397 super
3386 4299 3521 4373 hoc
3576 4308 3817 4373 actum
3873 4301 4347 4374 instrumenta
4406 4301 4874 4374 conscribere.

1508 4424 1781 4497 Eadem
1840 4425 1953 4497 die
2011 4424 2144 4497 IV.
2188 4424 2498 4520 augusti,
2540 4423 2867 4497 Nuncius
2925 4425 3015 4497 ad
3073 4425 3405 4498 effectum
3464 4426 3973 4523 comprobandi
4028 4424 4316 4523 plenum
4366 4426 4689 4522 ejusdem
4727 4426 4953 4499 domi-

1293 4550 1490 4622 nium
1544 4548 1677 4623 soli
1733 4549 2167 4646 apostolicae
2227 4549 2393 4622 Sedi
2448 4550 2830 4648 pertinere,
2883 4559 3259 4647 praesente
3317 4558 3389 4623 et
3446 4551 3932 4624 consentiente
3993 4549 4293 4623 Nicolao
4349 4550 4741 4646 Brandani,
4781 4576 4956 4649 ape-

1293 4676 1438 4749 ruit
1494 4683 1874 4772 sequentes
1930 4675 2241 4748 civitatis
2299 4684 2569 4772 portas,
2630 4673 2900 4749 scilicet
2956 4684 3226 4749 stratae
3282 4675 3603 4773 Majoris,
3657 4677 3886 4749 sancti
3941 4675 4230 4772 vitalis,
4272 4675 4503 4749 sancti
4555 4675 4824 4750 Donati
4879 4687 4954 4748 et

1295 4800 1381 4874 de
1439 4799 1905 4896 Mascarella3
1965 4825 2049 4873 ac
2108 4800 2360 4873 eadem
2416 4800 2529 4873 die
2589 4800 2743 4896 ejus
2801 4810 3223 4898 procurator
3278 4825 3400 4875 eas
3457 4800 3734 4875 clausit.
4595 4889 4608 4900 ·

1510 4926 1644 4998 Die
1701 4950 1873 5000 vero
1930 4927 2023 4999 V.
2086 4927 2403 5022 ejusdem
2463 4926 2726 4999 mensis
2784 4926 3106 5022 augusti,
3167 4934 3237 4999 et
3313 4926 3425 5000 die
3481 4926 3615 4999 VI.
3677 4928 3767 5000 ab
3841 4927 4090 5001 eodem
4166 4934 4630 5025 procuratore
4686 4927 4950 5000 Nuncii

1293 5051 1664 5149 apostolici
1722 5052 2013 5125 eaedem
2085 5051 2538 5149 supradictae
2610 5061 2862 5149 portae
2920 5059 3213 5149 apertae
3285 5076 3367 5125 ac
3439 5051 3724 5126 clausae
3797 5052 4128 5148 fuerunt,
4181 5061 4252 5125 et
4309 5051 4396 5125 de
4454 5050 4564 5125 1118
4622 5053 4948 5126 0111811188

1293 5177 1698 5250 consectum
1758 5186 1867 5250 est
1924 5178 2503 5250 instrumentum.

1508 5302 1643 5376 Die
1700 5303 1834 5376 IV.
1879 5302 2197 5400 ejusdem
2238 5302 2524 5398 18011818,
2567 5300 2749 5375 alter
2808 5311 3229 5400 procurator
3286 5302 3606 5400 ejusdem
3660 5302 3925 5377 Nuncii
3981 5303 4262 5401 aperuit
4302 5311 4373 5377 et
4413 5303 4690 5400 clausit,
4739 5305 4950 5378 modo

1294 5453 1435 5526 quo
1491 5452 1732 5525 supra,
1793 5436 2173 5524 sequentes
2231 5435 2509 5526 portaS,
2570 5452 2825 5525 nempe
2882 5435 3164 5524 portam
3220 5428 3429 5524 burgi
3484 5428 3878 5524 Peradelli,
3938 5428 4410 5501 communiter
4464 5438 4950 5528 nuncupatam

1292 5563 1576 5653 portam
1631 5561 1904 5627 stratae
1957 5553 2370 5649 Lamarum,
2432 5562 2715 5651 portam
2773 5561 3045 5627 stratae
3102 5551 3436 5627 Galeriae
3494 5561 3566 5626 et
3622 5561 3903 5651 portam
3957 5554 4188 5627 sancti
4242 5553 4524 5629 Felicis.

1508 5679 1671 5752 Hac
1727 5679 1842 5752 die
1898 5679 2037 5774 V.,
2098 5703 2182 5751 ac
2238 5678 2372 5751 VI.
2435 5678 2622 5751 idem
2678 5686 2919 5752 actum
2976 5679 3133 5774 fuit,
3189 5687 3261 5751 et
3319 5679 3406 5752 de
3463 5678 3573 5751 his
3630 5679 3954 5752 omnibus
4009 5679 4316 5753 habetur
4369 5680 4944 5755 instrumentum.

1290 5805 1405 5878 Ex
1464 5805 1715 5877 eodem
1771 5805 2247 5878 instrumento
2305 5812 2505 5902 patet
2562 5829 2706 5878 non
2761 5804 2913 5877 sine
2972 5804 3382 5878 custodibus
3437 5804 3568 5877 has
3625 5812 3871 5902 portas
3927 5805 4238 5878 civitatis
4293 5804 4658 5879 Bononiae
4706 5805 4946 5880 fuisse.

1293 5930 1553 6004 Custos
1610 5930 1796 6003 enim
1864 5938 2117 6027 portae
2187 5929 2576 6002 Lamarum
2652 5939 2810 6002 erat
2880 5929 3164 6002 Blasius
3219 5930 3520 6003 Joannis
3596 5930 3682 6003 de
3755 5929 4093 6003 Mirasole
4168 5954 4312 6003 una
4390 5954 4551 6003 cum
4620 5930 4947 6005 Gerardo

1293 6058 1652 6156 quondam
1708 6055 2173 6155 Radulphini,
2236 6063 2307 6129 et
2363 6055 2641 6129 Bellino
2696 6056 3058 6152 quondam
3116 6055 3480 6128 Thomasii
3537 6054 3809 6128 civibus
3864 6055 4437 6129 bononiensibus.

1504 6183 1640 6256 Die
1695 6182 1875 6279 IV.,
1938 6183 2032 6258 V.
2074 6190 2146 6256 et
2203 6182 2335 6256 VI.
2379 6182 2667 6277 augusti
2720 6206 2763 6253 a
2822 6189 3286 6278 procuratore
3345 6182 3689 6279 deputato
3747 6182 3838 6254 ab
3896 6180 4146 6254 eodem
4204 6179 4488 6255 Nuncio
4543 6207 4785 6256 coram
4841 6191 4946 6254 te-

1290 6310 1517 6383 stibus
1563 6317 1635 6383 et
1680 6310 1897 6407 juxta
1955 6309 2443 6407 supradictam
2502 6309 2808 6382 formam
2874 6316 3166 6406 apertae
3207 6316 3279 6381 et
3317 6307 3599 6381 clausae
3639 6315 3804 6380 sunt
3843 6314 4094 6405 portae
4129 6306 4651 6405 infrascriptae,
4692 6332 4946 6405 nempe

1288 6443 1500 6534 porta
1557 6443 1830 6509 stratae
1887 6435 2317 6531 Saragozae,
2360 6442 2571 6532 porta
2625 6442 2898 6507 stratae
2957 6433 3187 6507 sancti
3224 6433 3543 6528 Mammi,
3586 6441 3793 6531 porta
3830 6440 4100 6506 stratae
4141 6432 4591 6506 Castellionis
4629 6441 4701 6506 et
4738 6442 4946 6531 porta
