5542 7775
1701 676 2163 727 sescum-[A
2220 676 2322 726 AD
2378 676 2892 728 Pnornssonsss
2949 677 3161 728 smus
3216 677 3484 727 onnus
4253 660 4399 731 107

764 829 1124 914 obedientie,
1171 838 1223 895 et
1284 830 1458 894 avide
1518 831 1846 894 voluntatis
1906 831 2237 913 efficaciam
2293 831 2656 914 ostendatiS,
2704 838 2775 895 ut
2820 831 3100 896 omnibus
3145 840 3198 896 et
3243 833 3503 918 sinyulis
3548 835 3837 898 contentis
3881 836 3949 897 in
3995 835 4171 899 dictis
4216 837 4412 901 literis

763 938 1100 1002 secundum
1150 937 1420 1021 modum,
1462 939 1735 1021 formam
1789 945 1843 1002 et
1886 939 2164 1003 ordinem
2210 940 2275 1002 in
2325 938 2547 1003 eisdem
2595 940 2788 1003 literis
2834 940 3196 1023 explicatum
3241 939 3431 1005 debite
3477 947 3531 1004 et
3576 940 3902 1023 efficaciter
3941 942 4307 1026 adimpletis,
4355 951 4411 1007 et

763 1047 838 1110 de
871 1047 947 1129 ijs
978 1047 1256 1110 omnibus
1294 1054 1347 1110 et
1378 1047 1643 1131 sinqulis
1686 1046 1969 1129 confectis
2005 1046 2261 1110 diversis
2292 1046 2557 1130 ejusdem
2592 1049 2819 1111 tenoris
2837 1046 3107 1131 publicis
3137 1050 3579 1131 instrumentis,
3610 1050 3809 1135 siqillo
3845 1048 4201 1115 Communis
4231 1054 4413 1115 vestri

768 1156 1043 1236 munitis,
1060 1155 1253 1237 juaeta
1299 1153 1606 1218 dictarum
1651 1155 1867 1243 seriem
1897 1154 2244 1236 literarum,
2278 1175 2541 1240 quorum
2572 1175 2769 1217 unum
2806 1154 2994 1218 eidem
3030 1157 3250 1219 nuntio
3277 1155 3740 1220 custodiendum
3757 1178 3880 1241 per
3909 1179 4071 1241 eum,
4103 1158 4407 1245 nobisque,

766 1282 905 1324 cum
950 1262 1037 1325 ad
1080 1282 1188 1325 nos
1232 1261 1506 1344 redierit,
1553 1261 1976 1344 deferendum.
2026 1260 2362 1346 Reliquum
2408 1281 2547 1324 vero
2579 1282 2701 1344 per
2746 1281 2844 1324 vos
2887 1259 3056 1324 nobis
3101 1264 3480 1346 quantocius,
3520 1263 3613 1327 vel
3654 1264 3866 1328 saltem
3911 1265 4088 1347 infra
4123 1271 4409 1351 proaeimo

756 1369 1049 1451 futuram
1096 1369 1361 1432 mediam
1408 1368 1941 1453 quadraqesimam
1985 1368 2330 1452 dilz‘qenter,
2363 1374 2415 1432 et
2442 1367 2710 1450 fideliter
2738 1368 3177 1431 destinandum
3209 1370 3403 1453 plena
3448 1370 3715 1453 ejusdem
3761 1373 4017 1436 civitatis
4063 1381 4116 1437 et
4161 1378 4408 1440 univer·

761 1478 977 1557 sitatis,
1032 1474 1359 1539 Communi
1403 1483 1458 1540 et
1492 1475 1714 1560 populi
1761 1476 1891 1557 ejus
1904 1525 1920 1557 ,
1969 1482 2024 1540 et
2065 1476 2481 1561 sinyularium
2522 1495 2935 1559 personarum
2979 1496 3051 1538 ac
3094 1478 3599 1559 universitatum,
3639 1480 3954 1543 comitatus
3999 1488 4053 1544 et
4098 1481 4408 1547 districtus

764 1583 1034 1665 ejusdem
1080 1584 1494 1668 reinteqratio,
1540 1590 1594 1646 et
1642 1585 1707 1645 in
1757 1585 2063 1667 inteqrum
2109 1584 2407 1646 restitutio
2452 1582 2538 1646 ad
2580 1582 2871 1664 honores,
2917 1582 3275 1667 diqnitates.
3317 1584 3560 1667 famam
3606 1593 3659 1649 et
3703 1593 3928 1650 statum
3976 1588 4051 1652 de
4097 1596 4306 1653 nostra
4353 1598 4406 1654 et

767 1690 1039 1773 ejusdem
1085 1689 1261 1754 Sedis
1301 1692 1508 1776 qratia
1555 1688 2027 1775 subsequantur.
2064 1688 2192 1753 Nos
2237 1691 2428 1774 iqitur
2470 1696 2742 1774 qerentes
2786 1691 3084 1753 civitatem
3122 1691 3414 1774 eamdem,
3449 1692 3701 1777 ejusque
3731 1696 4080 1758 comitatum
4111 1703 4166 1760 et
4196 1697 4408 1761 distri-

761 1805 947 1880 ctum,
980 1805 1295 1882 tamquam
1332 1799 1665 1882 precipuas
1712 1804 1953 1861 nostras
1997 1804 2052 1861 et
2098 1796 2367 1880 ejusdem
2410 1794 2678 1861 Ecclesie
2720 1804 2942 1879 terras,
2974 1804 3029 1861 et
3067 1798 3414 1882 sinqulares
3432 1820 3732 1882 personas
3761 1803 4055 1884 i'JJsorum,
4088 1810 4406 1889 tamquam

748 1905 1099 1988 peculiares
1144 1912 1415 1987 nostr03,
1462 1912 1517 1968 et
1562 1904 1833 1986 ejusde-m
1896 1903 2159 1968 Ecclesie
2213 1904 2376 1986 filios
2437 1905 2499 1966 in
2567 1903 2888 1967 visceribus
2922 1906 3215 1988 precipue
3260 1904 3577 1969 charitatis
3621 1908 3900 1971 eumdem
3957 1912 4250 1973 nuntium
4297 1912 4408 1976 illa

764 2012 1064 2075 mittimus
1107 2013 1465 2076 auctoritate
1511 2019 1565 2076 et
1600 2018 1891 2095 potestate
1938 2013 2268 2093 munitum,
2317 2032 2503 2095 quam
2548 2012 2798 2093 civitati,
2838 2013 3149 2074 comitatui
3194 2019 3248 2075 et
3292 2012 3600 2077 districtui
3643 2017 4011 2098 memoratis,
4042 2039 4114 2081 ac
4159 2020 4407 2083 unirer·

763 2117 1042 2182 sitatibus
1086 2126 1142 2182 et
1175 2120 1457 2202 personis
1501 2117 1926 2203 sinqularibus
1971 2118 2342 2199 eorumdem,
2376 2138 2641 2203 quorum
2686 2120 2964 2181 omnium
3006 2121 3465 2202 prosperitatem
3514 2128 3568 2183 et
3613 2122 3990 2186 commodum
4012 2125 4200 2207 pleno
4230 2127 4411 2190 corde

760 2226 1055 2308 zelamus,
1100 2226 1187 2289 ad
1218 2246 1476 2310 presens
1520 2227 1904 2310 coqnocimus
1950 2226 2251 2308 expedire.
2298 2225 2539 2289 Datum
2585 2226 2883 2288 ArinIoni
2944 2225 3206 2289 seeundo
3250 2226 3409 2307 jdus
3453 2226 3737 2310 octobris,
3773 2229 4168 2313 pontificatus
4212 2235 4409 2297 nostri

762 2352 929 2394 anno
976 2339 1197 2417 quarto
1247 2358 1307 2413 ι»,
1356 2331 1488 2416 legi
1533 2331 1688 2395 feeit
1736 2352 1850 2417 per
1898 2352 1999 2395 me
2049 2330 2455 2395 Grimaldum
2506 2330 2830 2394 notarium
2877 2330 3379 2418 infrascriptum,
3429 2354 3506 2396 ac
3551 2333 3717 2396 dixit
3763 2342 3827 2398 et
3873 2335 4188 2401 instanter
4218 2339 4408 2424 petijt

764 2460 803 2502 a
851 2439 1021 2503 dicto
1071 2438 1330 2504 domino
1380 2439 1666 2521 Thade0,
1702 2439 2043 2504 Communi
2090 2445 2154 2503 et
2198 2439 2451 2524 Populo
2499 2439 2856 2525 prelibatis,
2890 2439 3062 2524 quod
3108 2439 3350 2503 vellent
3398 2440 3621 2505 audire
3671 2442 3833 2505 alias
3880 2443 4101 2508 literas
4149 2454 4407 2531 aposto-

764 2546 943 2629 licas,
980 2547 1043 2610 in
1094 2547 1326 2631 quibus
1374 2548 1870 2611 continebantur
1917 2546 2395 2629 conventioneS,
2430 2545 2868 2610 ordinationes
2916 2553 2981 2610 et
3027 2553 3218 2631 pacta
3263 2547 3486 2611 habita
3531 2549 3701 2613 inter
3748 2549 4077 2614 dominnm
4116 2560 4408 2618 nostrum

765 2674 1085 2721 summum
1145 2653 1561 2734 Pontificem,
1611 2665 1675 2717 et
1721 2653 2039 2717 sindicum
2086 2659 2150 2716 et
2198 2653 2678 2717 ambaxiatores
2725 2651 3082 2738 predictos,
3135 2653 3286 2738 quia
3334 2654 3469 2738 ipse
3517 2663 3657 2718 erat
3702 2664 3968 2741 paratus
4016 2679 4127 2722 eas
4191 2661 4411 2724 statim

765 2761 1007 2845 legere,
1053 2782 1169 2825 seu
1215 2760 1347 2845 legi
1392 2760 1606 2825 facere
1654 2767 1719 2824 et
1763 2761 2092 2846 perficere,
2140 2760 2462 2845 complere
2526 2767 2591 2824 et
2651 2760 3021 2824 executioni
3076 2761 3290 2824 debite
3338 2761 3729 2827 demandare
3779 2765 3995 2828 omnia
4040 2772 4106 2828 et
4152 2767 4411 2852 singula

768 2869 830 2931 in
878 2868 1064 2932 dictis
1109 2868 1313 2932 literis
1362 2874 1684 2949 contenta,
1733 2866 2077 2931 dummodo
2127 2867 2249 2953 ipsi
2293 2867 2638 2931 efficaciter
2682 2868 2862 2953 prius
2920 2867 3209 2931 facerent
3264 2876 3328 2931 et
3393 2868 3822 2955 adimplerent
3877 2873 4094 2936 omnia
4155 2881 4221 2936 et
4281 2875 4411 2938 sin-

767 2976 921 3059 gula
969 2981 1321 3057 conventa,
1372 2975 1759 3040 concordata
1807 2982 1873 3039 et
1914 2975 2135 3059 jurata
2183 2996 2297 3060 per
2345 2996 2454 3039 eos
2502 2974 2855 3039 secundum
2905 2981 3193 3039 tenorem
3240 2984 3304 3040 et
3351 2976 3810 3041 continentiam
3873 2978 4204 3043 literarum
4269 3003 4411 3067 pre·

768 3083 1105 3147 dictarum.

944 3189 1309 3276 Requisivit
1355 3190 1551 3254 etiam
1608 3197 1673 3253 et
1720 3189 1975 3254 induxit
2019 3190 2279 3255 eosdem
2327 3197 2639 3275 quantum
2686 3191 2896 3276 potuit
2941 3190 3212 3254 sollicite
3247 3199 3312 3253 et
3342 3191 3707 3276 diligenter,
3741 3192 3910 3278 quod
3945 3194 4233 3279 predicta
4265 3218 4411 3281 per·

764 3298 1053 3379 licerent,
1099 3298 1514 3380 ratificarent,
1563 3305 1628 3361 et
1676 3298 1892 3361 omnia
1940 3297 2364 3383 complerent,
2412 3298 2752 3383 presertim
2803 3319 2948 3361 cum
2995 3298 3131 3384 ipse
3181 3298 3477 3362 dominus
3539 3299 3829 3363 notarius
3875 3301 4139 3365 nuntius
4186 3302 4266 3366 de
4315 3303 4407 3367 in-

766 3405 1052 3468 tentione
1098 3412 1163 3468 et
1209 3406 1603 3469 conscientia
1634 3405 1874 3469 domini
1907 3405 2111 3469 nostri
2144 3404 2392 3468 Summi
2424 3405 2780 3488 Pontificis,
2815 3411 2886 3468 ut
2918 3405 3103 3488 dixit,
3139 3413 3351 3468 certus
3385 3406 3642 3487 existat,
3678 3406 3847 3491 quod
3897 3407 4066 3472 idem
4112 3409 4409 3475 dominus

767 3520 987 3577 noster
1047 3512 1364 3576 sinceram
1427 3520 1491 3576 et
1554 3520 1892 3598 paternam
1958 3533 2033 3576 ac
2095 3512 2441 3597 specialem
2489 3511 2898 3575 affectionem
2944 3511 3184 3576 habeat
3231 3512 3312 3576 ad
3361 3513 3714 3595 civitatem,
3765 3514 3939 3578 cives
3984 3521 4049 3579 et
4095 3516 4404 3602 populum

764 3619 1205 3707 supradictos,
1252 3641 1489 3704 eosque
1549 3619 1823 3683 intendit
1869 3627 2151 3683 tractare
2197 3627 2261 3683 et
2307 3620 2612 3705 prosequi
2658 3618 3124 3702 favorabiliter,
3167 3620 3332 3684 sicut
3378 3620 3644 3685 devotos
3691 3642 3840 3685 suos
3888 3622 4053 3687 filios
4100 3632 4165 3687 et
4212 3625 4408 3688 etiam

768 3728 1101 3814 speciales.
1150 3726 1237 3791 Et
1284 3727 1335 3790 si
1383 3727 1507 3813 ipsi
1555 3734 1858 3792 contenta
1907 3727 1970 3790 in
2018 3727 2204 3791 dictis
2251 3727 2456 3791 literis
2521 3726 2880 3791 liberaliter
2937 3734 3002 3790 et
3063 3735 3358 3814 prompte
3420 3727 3557 3792 sine
3620 3727 3996 3794 difficultate
4058 3731 4162 3795 vel
4226 3753 4407 3796 mora

769 3834 1172 3921 integraliter
1217 3840 1281 3899 et
1328 3855 1472 3900 cum
1519 3834 1773 3917 effectu,
1823 3834 2065 3899 faciant
2110 3840 2176 3898 et
2221 3834 2589 3921 compleant
2629 3834 2823 3920 juxta
2872 3833 3156 3921 ipsarum
3204 3834 3539 3899 literarum
3584 3842 3874 3900 tenorem
3930 3843 3993 3901 et
4039 3839 4292 3923 seriem,
4335 3847 4408 3905 ut

767 3951 1087 4025 tenentur,
1122 3942 1417 4007 dominus
1466 3950 1683 4006 noster
1728 3941 2134 4028 postmodum
2169 3963 2362 4028 super
2394 3941 2521 4005 illis
2554 3942 2829 4028 punctis,
2865 3963 2979 4006 εει]
3012 3942 3331 4027 capitulis,
3367 3963 3491 4028 que
3524 3943 3617 4006 eis
3649 3944 3838 4007 nimis
3872 3944 4054 4028 dura,
4088 3946 4406 4032 nimisque

767 4052 994 4137 gravia
1041 4058 1105 4114 et
1152 4050 1588 4135 importabilia
1635 4050 1773 4114 fore
1822 4049 2153 4132 dicebant,
2203 4050 2382 4135 sique
2430 4049 2589 4113 talia
2636 4050 2699 4112 in
2749 4049 2936 4113 dictis
2984 4049 3186 4113 literis
3233 4049 3399 4114 forte
3446 4057 3662 4114 essent
3707 4050 3787 4114 de
3835 4052 4403 4136 moderationibus,

766 4157 1311 4222 declarationibus
1359 4164 1423 4221 et
1470 4157 1770 4221 remediis
1818 4157 2216 4243 opportunis,
2248 4165 2441 4243 prout
2487 4157 2796 4242 expedire
2844 4163 3281 4240 cognosceret,
3315 4158 3405 4221 sic
3453 4163 3517 4221 et
3564 4158 3779 4222 taliter
3811 4160 4202 4244 provideret,
4236 4162 4408 4247 quod

770 4265 892 4351 ipsi
940 4265 1224 4329 contenti
1280 4286 1420 4328 esse
1481 4264 1793 4328 deberent
1853 4272 1916 4328 et
1964 4271 2259 4350 possent,
2308 4284 2427 4327 nec
2473 4264 2703 4347 vellet,
2755 4264 2928 4349 quod
2989 4264 3110 4350 ipsi
3172 4273 3582 4329 remanerent
3643 4265 3727 4328 ad
3789 4266 4247 4352 impossibilia,
4296 4275 4410 4332 aut

769 4372 958 4436 nimis
1019 4372 1181 4435 dura
1240 4372 1347 4435 vel
1406 4372 1925 4435 inconvenientia
1987 4372 2279 4457 obligati.
2326 4371 2411 4434 Et
2472 4379 2623 4436 tunc
2688 4371 2984 4435 nonnulli
3028 4371 3108 4435 de
3158 4371 3442 4436 Consilio
3490 4393 3605 4435 seu
3649 4372 3889 4459 populo
3937 4374 4292 4460 prelibato,
4345 4382 4408 4439 et

766 4479 1134 4566 specialiter
1167 4479 1460 4543 dominus
1493 4478 1740 4542 Paulus
1766 4485 1829 4543 et
1852 4479 2087 4543 Petrus
2120 4478 2619 4543 ambassiatores
2653 4478 3027 4565 supradicti,
3051 4479 3354 4543 dixerunt
3385 4486 3450 4543 et
3481 4480 3954 4566 responderunt
3979 4481 4145 4545 inter
4170 4491 4406 4566 cetera,

768 4586 936 4672 quod
986 4586 1194 4651 dictus
1241 4586 1536 4650 dominus
1584 4593 1802 4650 noster
1847 4586 2030 4672 Papa
2064 4586 2321 4650 dixerat
2368 4594 2432 4649 et
2478 4586 2866 4672 promiserat
2911 4586 3004 4650 eis
3052 4607 3379 4672 expresse,
3415 4586 3585 4671 quod
3617 4608 3812 4673 super
3859 4589 4182 4653 nonnullis
4233 4591 4409 4676 capi-

768 4694 941 4776 tulis,
991 4715 1114 4780 que
1162 4693 1332 4758 dicto
1379 4694 1636 4757 domino
1686 4701 1905 4757 nostro
1953 4693 2390 4776 tradiderant,
2440 4715 2562 4780 que
2609 4695 2807 4757 etiam
2855 4694 2948 4757 eis
2994 4694 3253 4759 omnino
3301 4695 3737 4780 importabilia
3784 4695 3921 4760 fore
3969 4707 4406 4781 asseruerunt,

767 4802 1047 4866 debebat
1093 4801 1452 4888 providere,
1487 4807 1551 4864 et
1595 4822 1790 4887 super
1837 4801 1964 4865 illis
2008 4801 2231 4865 literas
2279 4801 2667 4887 apostolicas
2716 4801 2801 4865 ad
2845 4807 3098 4887 partem
3145 4800 3315 4866 dicto
3364 4801 3622 4866 domino
3677 4803 3929 4867 notario
3980 4804 4203 4868 nuntio
4250 4804 4407 4869 dare

766 4910 849 4972 ad
897 4909 1435 4973 modificationem
1482 4909 1910 4995 capitulorum
1958 4908 2415 4994 predictorum.

945 5015 1031 5080 Et
1076 5016 1227 5102 quia
1273 5037 1469 5102 super
1514 5015 1700 5079 dictis
1748 5016 2069 5101 capitulis,
2118 5021 2183 5079 et
2229 5036 2423 5101 super
2469 5015 2797 5079 nonnullis
2844 5014 3009 5098 aliie,
3044 5037 3169 5100 que
3216 5015 3340 5079 sibi
3386 5016 3581 5079 etiam
3631 5037 3903 5080 onerosa
3950 5016 4161 5100 valde,
4202 5025 4268 5082 et
4314 5018 4408 5082 eis

769 5124 1027 5188 omnino
1073 5123 1511 5210 importabilia
1558 5122 1879 5204 dicebant,
1914 5144 2040 5186 non
2089 5129 2230 5186 erat
2275 5144 2390 5208 per
2437 5122 2677 5186 dictum
2726 5123 3056 5187 dominum
3104 5129 3394 5186 nostrum
3427 5121 3678 5208 Papam
3725 5123 3968 5208 aliquid
4016 5124 4405 5209 ordinatum,

770 5230 1078 5295 nolebant
1124 5230 1247 5316 ipsi
1293 5230 1465 5293 cives
1512 5237 1577 5294 et
1622 5229 1898 5316 populus
1946 5229 2225 5294 civitatis
2273 5228 2558 5316 predicte
2606 5229 2853 5315 aliquid
2897 5229 3218 5294 ratificare
3277 5250 3392 5293 seu
3452 5230 3772 5316 complere
3838 5230 3916 5293 de
3979 5231 4295 5296 contentis
4343 5232 4408 5296 in

768 5338 972 5403 literis
1017 5336 1373 5424 prelibatis,
1420 5337 1616 5401 immo
1664 5337 2141 5422 requisiverunt
2188 5358 2333 5401 cum
2378 5336 2688 5401 instantia
2734 5337 3060 5423 prefatum
3114 5335 3442 5401 dominum
3491 5338 3816 5401 notarium
3863 5338 4188 5421 nuntium,
4238 5340 4410 5424 quod

769 5446 850 5510 ad
898 5446 1140 5510 dictum
1186 5444 1515 5508 dominum
1564 5451 1850 5508 nostrum
1898 5444 2150 5530 Papam
2197 5444 2521 5530 quamcito
2567 5452 2821 5530 posset,
2869 5451 3188 5508 remearet
3235 5453 3299 5508 et
3346 5444 3740 5530 supplicaret
3797 5466 3914 5530 pro
3961 5445 4408 5531 reparatione,

766 5551 1239 5618 modificatione
1285 5558 1351 5615 et
1395 5552 1791 5616 correctione
1839 5551 2271 5637 capitulorum
2315 5551 2770 5638 predictorum.

946 5659 1112 5723 Item
1160 5659 1443 5745 quidam,
1478 5658 1732 5723 nomine
1779 5658 2076 5722 dominus
2122 5658 2433 5723 Ferrinus
2481 5658 2560 5722 de
2609 5658 2948 5743 Gallucijs,
2983 5658 3188 5742 miles,
3223 5658 3554 5745 respondit
3585 5666 3650 5724 et
3695 5659 3861 5724 dixit
3899 5660 4066 5725 inter
4097 5668 4312 5725 cetera
4345 5662 4410 5726 in

766 5768 936 5832 dicto
984 5767 1228 5853 palatio
1273 5766 1551 5853 publice,
1587 5765 1756 5852 quod
1806 5766 1925 5829 nisi
1975 5766 2149 5830 dicta
2197 5766 2483 5852 capitula
2530 5766 3052 5830 modificarentur
3099 5772 3164 5830 et
3219 5766 3715 5852 corrigerentur,
3751 5775 3816 5831 et
3846 5768 4188 5853 presertim
4233 5769 4409 5854 capi-

768 5875 996 5958 tulum,
1031 5874 1200 5960 quod
1247 5872 1532 5959 loquitur
1571 5873 1650 5937 de
1680 5873 2170 5956 Conservatore,
2205 5873 2445 5956 dicens,
2480 5872 2651 5959 quod
2690 5873 2849 5937 nihil
2885 5874 3194 5938 intererat
3224 5874 3468 5940 domini
3513 5875 3715 5939 nostri
3761 5875 3962 5961 Pape,
3998 5896 4115 5939 nee
4163 5875 4409 5961 aliquid

767 5983 983 6047 facere
1029 5981 1313 6045 habebat
1358 6002 1553 6067 super
1601 5980 1807 6046 officio
1856 5980 2344 6045 Conservatoris
2377 5980 2670 6066 predicti,
2703 5981 2898 6045 immo
2932 5981 3016 6044 ad
3057 5981 3302 6045 dictum
3347 5983 3677 6067 populum,
3711 6003 3823 6046 seu
3873 5980 4225 6046 Commune
4266 6004 4409 6069 spe·

767 6090 988 6155 stabat
1034 6088 1292 6153 omnino
1341 6090 1557 6152 facere
1621 6088 2156 6154 Conservatorem
2205 6088 2593 6174 predictum,
2642 6095 2707 6152 et
2752 6088 2936 6152 illum
2983 6088 3304 6172 fecerunt,
3348 6088 3649 6153 videlicet
3694 6089 4022 6152 dominum
4070 6088 4409 6153 Thadeum

768 6198 848 6262 de
895 6197 1198 6284 Pepulis,
1248 6217 1439 6281 quem
1485 6196 1744 6260 omnino
1801 6195 2041 6260 habere
2087 6196 2396 6261 volebant
2442 6196 2507 6259 in
2556 6194 3129 6278 conservatorem,
3180 6196 3486 6281 quamdiu
3544 6195 3714 6260 idem
3760 6196 4056 6260 dominus
4105 6195 4409 6261 Thadeus

768 6306 970 6369 vitam
1016 6303 1279 6367 duceret
1326 6303 1388 6366 in
1436 6302 1758 6385 humanis,
1792 6310 1857 6367 et
1905 6302 2212 6367 nolebant
2258 6303 2502 6389 aliquid
2550 6303 2893 6385 ratificare,
2928 6303 3312 6390 approbare,
3346 6324 3458 6367 seu
3506 6304 3829 6389 complere
3876 6302 3955 6367 de
3994 6304 4310 6368 contentis
4342 6304 4410 6368 in

769 6411 956 6477 dictis
1001 6410 1227 6493 literis,
1261 6411 1385 6474 nisi
1429 6411 1607 6497 prius
1648 6410 1820 6476 dicta
1853 6410 2158 6496 capitula,
2193 6418 2257 6474 et
2289 6412 2569 6475 maxime
2602 6411 2845 6476 dictum
2878 6412 3233 6498 capitulum
3265 6411 3344 6475 de
3378 6410 3869 6494 Conservatore,
3903 6417 4118 6475 essent
4150 6411 4409 6476 omnino

767 6524 1078 6601 correcta,
1127 6517 1479 6602 declarata,
1529 6517 1893 6601 emendata,
1942 6539 2057 6582 seu
2105 6517 2491 6582 modificata.
