5542 7775
1329 604 1475 673 198
2901 627 3381 679 MONUMENTA

1317 801 1650 863 nenorum,
1697 782 1765 846 in
1811 783 2094 870 presenti
2140 789 2525 847 testamento
2574 805 2775 869 usque
2824 783 2905 847 ad
2953 784 3189 847 dictam
3239 785 3664 870 quantitatem
3720 786 3898 871 legat
3961 787 4053 850 eis
4122 794 4187 851 et
4255 809 4384 851 non
4454 787 4659 869 ultra,
4708 796 4773 851 et
4818 788 4945 853 3161

1314 889 1615 953 contenti.

1490 996 1657 1060 Item
1705 997 1948 1082 legavit
1994 996 2302 1062 fratribus
2348 997 2502 1079 suis,
2536 998 2780 1062 scilicet
2824 998 3082 1063 domino
3130 998 3478 1064 Guillelmo
3526 1007 3589 1063 et
3639 1000 3837 1083 Gom,
3882 1007 3947 1065 et
3992 1002 4331 1088 nepotibus
4379 1003 4512 1067 suis
4560 1001 4942 1066 Guramonti

1311 1104 1442 1167 filio
1491 1104 1762 1169 condam
1810 1104 2050 1170 domini
2098 1104 2315 1170 Calori
2375 1106 2786 1192 primogeniti
2847 1106 3065 1170 fratris
3122 1107 3254 1188 sui,
3301 1106 3753 1194 etssOapricino
3815 1108 3947 1173 filio
4011 1110 4282 1173 condam
4340 1111 4583 1175 domini
4632 1110 4937 1174 Saraceni

1310 1210 1528 1274 fratris
1573 1212 1692 1295 sui,
1741 1220 1946 1277 totum
1992 1213 2152 1277 illud
2201 1213 2371 1300 quod
2417 1236 2500 1278 ex
2549 1213 2903 1278 hereditate
2951 1214 3154 1300 patris
3201 1214 3299 1277 sui
3346 1214 3587 1279 domini
3634 1215 3900 1301 Ugolini
3951 1216 4207 1303 Caprizi
4256 1217 4376 1303 ipsi
4409 1218 4702 1281 testatori
4734 1218 4937 1302 potuit

1308 1318 1666 1405 pervenire.

1485 1426 1651 1490 Item
1701 1428 1877 1513 legat
1920 1428 2226 1514 predictis
2272 1429 2580 1493 fratribus
2627 1430 2759 1493 suis
2805 1439 2871 1494 et
2916 1431 3256 1518 nepotibus
3303 1436 3508 1494 totum
3554 1430 3791 1518 podere
3848 1431 4019 1516 quod
4081 1432 4235 1527 emit
4292 1454 4331 1496 a
4380 1431 4778 1496 Guramonte
4829 1452 4936 1494 ne-

1306 1541 1455 1620 pote
1502 1556 1618 1599 suo
1667 1536 1731 1599 in
1779 1543 1953 1600 terra
1998 1543 2062 1601 et
2110 1537 2289 1601 curia
2336 1536 2608 1622 Cavagli
2653 1544 2717 1601 et
2765 1538 3175 1624 pertinenciis
3222 1537 3478 1624 poderis
3523 1560 3641 1624 pro
3688 1539 4026 1624 equalibus
4072 1540 4524 1625 porcionibus,
4576 1538 4665 1602 ita
4720 1545 4933 1602 tamen

1306 1641 1477 1726 quod
1524 1663 1653 1706 non
1696 1644 1945 1729 possint
1991 1643 2275 1708 alienare
2324 1645 2388 1708 in
2435 1645 2597 1708 alias
2644 1666 2953 1731 personas
3025 1667 3217 1730 quam
3267 1646 3432 1709 inter
3478 1645 3651 1731 ipsos
3696 1646 4048 1731 legatarios
4100 1647 4204 1709 vel
4250 1646 4521 1710 heredes
4568 1667 4825 1727 eorum,
4873 1652 4936 1708 et

1305 1747 1384 1812 de
1431 1749 1552 1813 hoc
1599 1750 1727 1813 sint
1774 1751 2078 1815 contenti.

1482 1857 1647 1922 Item
1693 1859 1937 1944 legavit
1986 1860 2220 1941 Ghinn,
2253 1860 2385 1925 filio
2433 1859 2714 1924 naturali
2760 1860 3033 1925 condam
3077 1860 3319 1924 domini
3367 1860 3674 1925 Saraceni
3722 1860 3939 1925 fratris
3985 1861 4105 1943 sui,
4142 1860 4530 1946 quingentas
4572 1860 4772 1924 libras
4820 1860 4932 1925 bo-

1304 1985 1723 2044 nonenorum,
1773 1987 1897 2052 que
1944 1967 2068 2031 sibi
2114 1967 2346 2031 dentur
2390 1967 2458 2031 16
2505 1968 3015 2055 possessionibus
3063 1968 3517 2032 immobilibus.

1479 2071 1647 2135 Item
1694 2073 1898 2137 voluit
1943 2080 2008 2137 et
2056 2074 2385 2137 mandavit
2432 2074 2603 2160 quod
2650 2075 2993 2139 servitores
3040 2074 3174 2155 sui,
3222 2074 3332 2160 qui
3378 2082 3664 2160 tempore
3713 2074 3935 2138 mortis
3982 2096 4095 2140 sue
4142 2097 4359 2140 secum
4417 2081 4823 2138 morarentur
4869 2083 4935 2138 et

1300 2186 1565 2261 starent,
1606 2181 1660 2244 si
1711 2180 2101 2245 remunerati
2149 2203 2276 2245 non
2323 2190 2538 2246 essent
2583 2190 2648 2247 et
2694 2181 3008 2246 satisfacti
3054 2204 3170 2268 per
3213 2182 3424 2267 ipsum
3471 2190 3844 2247 testatorem
3891 2181 3970 2246 de
4019 2183 4311 2247 mercede
4359 2204 4602 2265 eorum,
4638 2183 4931 2246 commis·

1300 2286 1509 2350 sarius
1556 2309 1709 2351 suus
1755 2288 2114 2353 satisfaciat
2155 2289 2269 2370 eis,
2318 2289 2482 2353 sicut
2530 2290 2738 2354 eidem
2787 2289 3222 2354 commissario
3270 2289 3725 2355 convenienter
3773 2290 3977 2354 visum
4030 2290 4244 2354 fuerit.

1475 2393 1642 2458 Item
1688 2394 1888 2459 libere
1935 2396 2180 2481 legavit
2228 2403 2291 2459 et
2346 2395 2587 2459 dimisit
2647 2396 3084 2461 commissario
3147 2418 3263 2460 suo
3326 2396 3774 2482 infrascripto,
3824 2397 4071 2461 ratione
4136 2397 4435 2461 videlicet
4494 2398 4931 2462 commissario

1295 2508 1581 2582 tantum,
1632 2502 1711 2567 de
1758 2504 2160 2589 possessione
2209 2524 2327 2566 sua
2373 2525 2568 2588 quam
2614 2503 2809 2568 habet
2858 2504 2921 2566 in
2970 2511 3141 2567 terra
3191 2502 3698 2586 Dalmanzatici,
3748 2504 3992 2569 scilicet
4038 2526 4121 2568 ex
4167 2505 4369 2569 latere
4436 2527 4580 2569 sero
4639 2506 4741 2569 vie
4806 2526 4930 2590 quc

1296 2609 1475 2672 vadit
1521 2632 1637 2695 per
1682 2609 2280 2695 Dalmanzaticum,
2330 2618 2394 2675 et
2442 2632 2480 2674 a
2526 2611 2728 2675 latere
2778 2611 3064 2675 inferiori
3111 2610 3221 2674 ubi
3267 2611 3391 2674 sita
3438 2619 3535 2675 est
3581 2612 3855 2676 ecclesia
3917 2611 4083 2676 dicte
4153 2619 4358 2695 terre,
4406 2612 4578 2699 quod
4630 2634 4713 2676 ex
4758 2612 4931 2676 dicta

1295 2725 1479 2803 parte
1524 2719 1947 2804 possessionis
1995 2719 2164 2782 idem
2212 2719 2687 2783 commissarius
2733 2718 2935 2805 possit
2980 2718 3128 2782 inde
3175 2719 3505 2805 percipere
3554 2720 3944 2784 sufficienter
3989 2722 4323 2785 annuatim
4368 2721 4447 2785 de
4502 2720 4776 2803 redditu,
4818 2720 4928 2784 de-

1294 2825 1500 2889 ductis
1548 2827 1871 2913 expensis,
1905 2828 2375 2913 quinquaginta
2424 2828 2622 2891 libras
2669 2828 3188 2909 bononenorum3
3223 2827 3302 2890 de
3350 2849 3477 2912 qua
3524 2828 3799 2913 pecunia
3844 2835 3981 2893 tota
4029 2829 4349 2894 ordinavit
4396 2837 4460 2893 et
4509 2830 4713 2894 voluit
4756 2829 4927 2916 quod

1293 2941 1545 2997 ematur
1607 2934 1939 2998 annuatim
1993 2956 2110 3021 per
2160 2936 2370 3020 ipsum
2417 2934 2923 2999 commissarium
2972 2956 3245 3020 pannus,
3294 2944 3358 2999 et
3404 2935 3588 2998 illum
3634 2942 3841 2999 totum
3900 2936 4009 3000 det
4068 2947 4133 3001 et
4188 2937 4531 3002 distribuat
4579 2938 4644 3001 in
4692 2938 4927 3003 tunicis

1290 3040 1595 3106 Fratrum
1641 3042 2132 3107 Predicatorum
2179 3042 2258 3107 de
2306 3050 2626 3107 conventu
2671 3041 2964 3106 Bononie
3011 3063 3127 3127 pro
3176 3042 3392 3105 anima
3440 3063 3557 3106 sua
3618 3051 3681 3106 et
3745 3043 3809 3106 16
3870 3043 4048 3107 66116
4112 3044 4241 3109 alio
4298 3065 4415 3108 636
4486 3044 4689 3131 possit
4753 3044 4926 3108 dicta

1290 3150 1564 3236 pecunia
1628 3150 1916 3215 converti
1976 3151 2079 3215 vel
2127 3150 2428 3237 expendi.
2479 3149 2666 3224 Quod
2727 3149 3016 3233 legatum
3063 3148 3270 3212 dictus
3326 3156 3594 3213 testator
3650 3150 3921 3236 precipit
3975 3172 4116 3215 esse
4164 3160 4579 3238 perpetuum,
4628 3159 4692 3215 et
4733 3154 4930 3236 jussit

1288 3257 1458 3343 quod
1504 3257 1798 3344 predicta
1843 3280 1995 3345 pars
2041 3256 2539 3344 poss[ess]ionis,
2573 3278 2767 3343 quam
2815 3257 2905 3320 sic
2953 3256 3215 3319 dimittit
3261 3264 3326 3320 et
3372 3256 3569 3340 legat,
3603 3257 3668 3320 in
3716 3264 4099 3344 perpetuum
4146 3259 4337 3322 vendi
4383 3280 4509 3323 non
4551 3260 4753 3345 possit
4807 3280 4927 3324 nec

1289 3365 1595 3452 obligari,
1643 3387 1759 3430 seu
1804 3367 1992 3430 aliter
2038 3365 2117 3429 de
2167 3366 2307 3452 ipsa
2354 3364 2675 3445 ordinari,
2726 3364 2849 3427 nisi
2909 3365 3075 3428 sicut
3136 3363 3379 3427 dictum
3439 3370 3570 3444 est3
3622 3363 3701 3428 de
3749 3364 3923 3428 dicta
3969 3373 4186 3429 autem
4230 3374 4414 3453 parte
4459 3367 4922 3452 possessionis,

1280 3496 1470 3561 quam
1535 3476 1626 3539 sic
1687 3474 1943 3538 demisit
1997 3483 2062 3538 et
2109 3472 2384 3560 reliquid
2430 3494 2515 3536 ex
2561 3493 2729 3535 nunc
2777 3494 2895 3558 pro
2943 3479 3014 3535 61
3065 3480 3217 3535 1666
3264 3493 3378 3558 per
3424 3472 3884 3557 presentem(¹)
3918 3480 4408 3556 testamentum,
4458 3475 4701 3539 dictum
4748 3498 4923 3540 com-

1277 3583 1645 3647 missarium
1690 3583 1885 3647 mittit
1934 3582 1997 3645 16
2044 3581 2305 3668 plenam
2352 3589 2416 3645 et
2463 3582 2867 3667 corporalem
2927 3581 3395 3667 possessionem
3423 3629 3443 3663 ,
3487 3587 3553 3644 et
3599 3601 3747 3644 eum
3792 3580 4120 3645 dominum
4167 3582 4323 3647 facit
4384 3590 4455 3646 61
4509 3584 4711 3648 libere
4772 3607 4924 3649 eam

1276 3690 1492 3755 locare
1538 3691 1742 3776 possit
1795 3691 1898 3755 cui
1945 3689 2221 3754 voluerit
2266 3689 2349 3753 ad
2394 3688 2641 3754 fructus
2688 3688 3153 3776 percipiendos
3202 3687 3289 3751 Et
3335 3687 3391 3751 si
3422 3687 3571 3752 huic
3605 3688 3821 3773 legato
3855 3689 4088 3774 aliquis
4122 3690 4561 3756 contradicere
4608 3693 4712 3757 vel
4759 3694 4922 3757 alle-

1276 3818 1432 3883 gare
1494 3799 1958 3884 presumpserit
2017 3798 2097 3862 de
2153 3798 2301 3882 jure
2368 3798 2472 3861 vel
2533 3797 2612 3861 de
2676 3798 2882 3878 111616,
2931 3818 3015 3860 ex
3074 3816 3245 3859 nunc
3298 3795 3513 3881 privat
3558 3795 3743 3859 illum
3792 3796 3897 3861 vel
3944 3796 4089 3861 illos
4136 3799 4309 3862 omni
4354 3799 4573 3884 legato
4621 3808 4686 3864 et
4732 3801 4921 3865 here-

1276 3905 1477 3970 ditate
1541 3906 1600 3970 ei
1662 3906 1767 3970 vel
1822 3906 1914 3970 eis
1962 3906 2029 3969 in
2075 3906 2199 3970 isto
2246 3913 2629 3970 testamento
2679 3905 3126 3989 contingente,
3176 3911 3241 3967 et
3286 3904 3370 3968 ad
3417 3903 3755 3968 arbitrium
3801 3904 3954 3969 dicti
4001 3906 4420 3971 commissarii
4469 3910 4668 3993 possit
4714 3909 4920 3974 libere

1276 4013 1573 4078 distribui
1607 4021 1672 4078 et
1702 4013 1844 4078 dari
1873 4035 1989 4100 pro
2022 4014 2237 4077 anima
2270 4034 2407 4077 sua.
2453 4013 2553 4078 De
2601 4012 2890 4100 predicto
2935 4018 3155 4076 autem
3193 4010 3411 4097 legato
3443 4018 3507 4074 et
3539 4011 3910 4094 elemosina,
3947 4012 4035 4075 ita
4069 4020 4138 4076 ut
4169 4012 4412 4078 dictum
4451 4023 4549 4079 est
4601 4016 4920 4103 disposuit

1275 4130 1340 4186 et
1400 4122 1741 4207 disponere
1795 4121 2033 4202 voluit,
2082 4129 2154 4186 ut
2197 4121 2498 4185 videlicet
2559 4130 2913 4185 conventus
2978 4118 3283 4183 Fratrum
3342 4117 3835 4183 Predicatorum
3881 4119 3960 4183 (le
4007 4120 4305 4185 Bononia
4364 4128 4429 4185 et
4477 4123 4598 4209 ipsi
4653 4124 4919 4190 Fratres

1275 4228 1554 4294 debeant
1599 4229 1836 4293 intuitu
1880 4230 2138 4315 pietatis
2185 4237 2250 4293 et
2296 4228 2729 4293 misericordie
2777 4228 2900 4293 sibi
2945 4248 3061 4314 pro
3103 4232 3172 4290 ut
3204 4225 3506 4290 decenter
3536 4233 3601 4289 et
3633 4227 4090 4291 convenienter
4122 4228 4260 4292 fieri
4292 4238 4524 4314 potest,
4561 4233 4916 4298 concedere

1274 4338 1480 4401 altare
1528 4337 1704 4402 beati
1749 4337 1929 4401 Petri
1961 4344 2025 4401 et
2054 4337 2266 4418 Pauli,
2300 4336 2471 4422 quod
2503 4344 2600 4400 est
2640 4337 2833 4421 juxta
2880 4336 3086 4399 altare
3132 4334 3344 4418 majus
3391 4332 3590 4419 ipsius
3637 4342 4017 4418 conventus,
4068 4336 4151 4399 ad
4199 4338 4370 4423 quod
4418 4339 4622 4404 altare
4673 4342 4911 4406 cotidie

1274 4467 1392 4531 pro
1439 4446 1657 4509 anima
1703 4444 1903 4530 ipsius
1949 4445 2146 4508 missa
2191 4444 2421 4508 devote
2470 4443 2830 4508 celebretur
2876 4465 2993 4529 pro
3042 4441 3258 4505 anima
3304 4461 3452 4504 sua.

1453 4551 1621 4616 Item
1669 4552 1839 4638 quod
1885 4551 2056 4616 omni
2105 4572 2274 4615 anno
2322 4550 2386 4614 16
2434 4551 2536 4615 (116
2585 4551 2684 4614 361
2731 4549 3159 4615 anniversarii
3205 4551 3601 4637 solempnem
3648 4552 3909 4616 missam
3953 4550 4033 4614 ad
4068 4554 4275 4617 altare
4308 4555 4518 4638 majus
4556 4554 4907 4620 (116111161-

1272 4666 1404 4724 tres
1452 4660 1780 4724 celebrare
1828 4657 2107 4722 debeant
2151 4679 2268 4743 pro
2316 4658 2532 4721 anima
2579 4658 2780 4744 ipsius
2828 4658 3154 4721 testatoris
3202 4659 3435 4724 intuitu
3484 4660 3764 4745 pietatis.

1452 4767 1531 4831 In
1578 4766 1875 4832 omnibus
1922 4774 2141 4829 autem
2187 4763 2330 4828 aliis
2377 4765 2510 4828 suis
2541 4764 2724 4829 bonis
2757 4763 3103 4828 mobilibus
3136 4773 3201 4829 et
3234 4765 3687 4850 immobilibus,
3716 4767 3971 4851 juribus
4003 4775 4068 4830 et
4100 4768 4459 4831 actionibus
4491 4769 4613 4832 sibi
4646 4792 4905 4856 compe-

1272 4875 1556 4939 tentibus
1601 4895 1921 4962 pauperes
1969 4872 2208 4938 Christi
2255 4873 2692 4937 mendicantes
2738 4872 2862 4935 sibi
2907 4872 3180 4937 heredes
3228 4873 3534 4956 instituit,
3584 4882 3649 4938 et
3696 4874 4000 4959 intelligit
4060 4896 4377 4961 pauperes
4437 4898 4746 4962 personas
4794 4877 4908 4941 de-

1272 4983 1435 5047 biles
1479 4992 1545 5048 et
1591 4983 1911 5064 infirmas,
1959 4990 2025 5046 et
2087 4982 2198 5067 qui
2258 4981 2501 5045 auxilio
2564 4981 2771 5044 victus
2817 4990 2882 5045 et
2930 4982 3199 5046 vestitus
3246 4990 3395 5046 sunt
3440 4983 3750 5047 destituti.
3798 4982 3885 5047 Et
3949 4983 4033 5046 ad
4093 4984 4383 5069 predicta
4430 4985 4644 5048 omnia
4691 4986 4917 5068 legata

1271 5091 1497 5156 relicta
1559 5098 1623 5156 et
1680 5089 2173 5154 fideicommissa
2233 5088 2617 5175 prestanda,
2667 5088 2881 5152 danda
2926 5096 2993 5153 et
3038 5089 3515 5172 distribuenda,
3564 5098 3628 5154 et
3690 5091 3773 5154 ad
3834 5091 4049 5156 omnia
4094 5099 4160 5155 et
4213 5092 4470 5176 singula
4531 5093 4909 5179 supradicta

1270 5199 1653 5284 exequenda
1701 5204 1766 5262 et
1813 5196 2193 5283 complenda
2239 5196 2397 5260 facit
2441 5202 2506 5259 et
2553 5195 2808 5259 ordinat
2854 5218 3041 5260 suum
3087 5197 3596 5261 commissarium
3641 5200 3923 5284 priorem
3956 5198 4262 5262 Fratrum
4291 5199 4783 5264 Predicatorum
4830 5201 4913 5264 de

1267 5306 1601 5389 Bononia,
1651 5305 1762 5392 qui
1807 5326 1923 5391 pro
1970 5312 2258 5390 tempore
2306 5303 2537 5383 fuerit,
2585 5303 2687 5366 cui
2734 5303 2847 5367 dat
2892 5303 3152 5391 plenam
3196 5304 3522 5369 licentiam
3567 5315 3632 5370 et
3680 5305 3951 5370 liberam
3999 5313 4387 5393 potestatem
4433 5328 4550 5392 pro
4602 5308 4911 5393 predictis

1270 5414 1567 5478 omnibus
1613 5420 1678 5478 et
1723 5412 1995 5497 31636113
2041 5410 2436 5496 exequendis
2484 5410 2841 5496 accipiendi
2886 5411 3177 5475 tenutam
3224 5421 3289 5476 et
3334 5413 3735 5498 corporalem
3797 5413 4269 5499 possessionem
4314 5414 4579 5501 propria
4628 5416 4911 5480 auctori-

1267 5529 1401 5586 tate
1450 5521 1735 5586 omnium
1779 5520 2094 5585 bonorum
2142 5540 2425 5600 suorum,
2472 5527 2538 5582 et
2584 5517 2903 5582 vendendi
2950 5526 3016 5582 et
3061 5519 3407 5602 alienandi,
3458 5520 3810 5606 obligandi,
3855 5521 4143 5585 cautelas
4191 5521 4588 5607 emptoribus
4635 5522 4715 5586 de
4758 5523 4910 5606 jure

1265 5628 1581 5692 valituras
1642 5625 1920 5690 faciendi
1967 5625 2103 5690 sine
2153 5623 2593 5688 subastatione
2641 5624 2744 5687 vel
2802 5624 3021 5709 aliqua
3078 5626 3243 5709 juris
3305 5626 3794 5713 solempnitate,
3842 5628 4061 5713 precia
4123 5627 4514 5714 aecipiendi,
4563 5629 4781 5693 debita
4843 5640 4912 5696 et

1269 5735 1515 5801 credita
1559 5755 1678 5798 sua
1724 5732 2050 5819 exigendi,
2098 5732 2380 5819 petendi,
2429 5740 2561 5795 tam
2609 5732 2674 5795 in
2716 5732 2960 5816 judicio
3009 5755 3204 5817 quam
3250 5741 3457 5815 extra,
3506 5742 3571 5797 et
3616 5734 4003 5819 paciscendi,
4053 5735 4453 5820 transigendi
4502 5742 4567 5799 et
4614 5737 4907 5820 cedendi,

1267 5851 1333 5907 et
1378 5849 1831 5929 procuratores
1880 5862 2081 5904 unum
2127 5840 2231 5903 vel
2278 5840 2496 5925 plures
2542 5840 2606 5902 in
2655 5839 2958 5925 predictis
3005 5841 3301 5904 omnibus
3348 5849 3413 5904 et
3473 5842 3743 5927 singulis
3807 5842 4103 5927 quotiens
4166 5843 4226 5906 ei
4286 5844 4497 5907 visum
4551 5844 4745 5910 fuerit
4808 5847 4908 5910 fa-

1267 5950 1498 6034 ciendi,
1542 5957 1606 6013 et
1652 5948 1957 6035 quicquid
2005 5969 2121 6034 per
2167 5968 2313 6010 eum
2361 5947 2603 6010 factum
2649 5948 2843 6010 fuerit
2890 5947 2956 6010 16
3003 5948 3307 6033 predictis
3354 5956 3419 6013 et
3465 5949 3737 6035 singulis
3782 5949 4236 6035 predictorum,
4281 5957 4497 6015 ratum
4542 5961 4607 6016 et
4652 5953 4909 6018 firmum

1259 6058 1458 6145 jussit
1503 6057 1729 6122 haberi
1778 6057 1861 6122 ab
1908 6054 2255 6120 heredibus
2300 6061 2366 6118 et
2412 6054 2743 6138 legatariis
2790 6054 2944 6119 suis.
2992 6054 3078 6118 Et
3124 6055 3180 6118 si
3226 6056 3373 6120 huic
3420 6061 3805 6120 testamento
3853 6056 4084 6141 aliquis
4131 6057 4568 6123 contradicere
4612 6059 4713 6122 vel
4746 6061 4909 6126 alle-

1263 6187 1423 6253 gare
1469 6164 1938 6252 presumpserit
1983 6162 2064 6227 de
2105 6163 2253 6247 jure
2303 6162 2406 6226 vel
2452 6162 2531 6225 de
2580 6162 2772 6246 factO,
2806 6164 2871 6226 in
2913 6162 3157 6247 judicio
3191 6163 3294 6227 vel
3342 6171 3550 6244 extra,
3581 6164 3873 6249 privetur
3904 6170 3967 6227 et
3998 6164 4334 6249 priventur
4365 6166 4447 6229 ab
4481 6168 4655 6230 omni
4684 6167 4908 6252 legato

1261 6283 1327 6340 et
1373 6275 1810 6340 emolumento
1857 6272 1918 6336 ei
1962 6272 2070 6336 vel
2117 6271 2211 6335 eis
2257 6271 2324 6334 in
2371 6270 2493 6335 isto
2542 6278 2927 6335 testamento
2974 6271 3230 6354 relict0,
3273 6279 3338 6335 et
3385 6272 3601 6336 omnia
3648 6273 3819 6337 bona
3865 6273 4299 6337 devolvantur
4346 6274 4773 6360 expendenda
4818 6276 4907 6340 ad

1424 6509 1503 6575 (1)
1542 6509 1647 6559 suc.
