5542 7775
1200 604 1243 674 2
1262 604 1352 673 18
2770 624 3249 677 mosomum

1198 778 1393 842 luerit
1438 786 1503 842 et
1549 777 1861 860 tenuerit;
1909 782 1973 841 et
2021 776 2279 863 quando
2329 776 2708 860 moderatiO,
2756 777 2932 843 facta
2980 800 3019 842 a
3066 778 3355 865 predicto
3401 781 3758 845 venerabili
3806 790 3990 867 patre
4039 782 4298 848 domino
4346 784 4547 848 fratre
4596 783 4844 849 Jacobo

1197 885 1522 971 quondam
1568 884 1951 949 bononiensi
1997 883 2354 971 EpiscopO,
2404 885 2589 969 cujus
2653 884 3115 950 moderationis
3176 894 3362 951 tenor
3408 887 3557 951 talis
3606 894 3705 952 est
3751 896 3910 971 etc.,
3957 890 4175 954 valeat
4228 897 4294 955 et
4352 899 4571 955 teneat
4635 899 4700 955 et
4760 891 4843 954 sit

1196 1014 1365 1078 equa
1411 1000 1475 1057 et
1515 994 1695 1077 justa
1740 1000 1806 1056 et
1850 991 2080 1074 fuerit,
2128 1000 2194 1056 et
2240 991 2474 1056 debeat
2538 992 2913 1075 observari,
2962 1014 3107 1057 cum
3171 1015 3339 1080 equa
3399 1002 3463 1058 et
3519 996 3697 1079 justa
3758 996 3840 1059 sit
3901 1003 3967 1061 et
4022 1019 4168 1061 cum
4215 997 4300 1062 ab
4344 1019 4424 1062 ea
4471 1019 4599 1062 non
4645 997 4841 1062 fuerit

1195 1100 1629 1186 appellatum3
1677 1099 1741 1164 in
1789 1099 1910 1163 hoc
1957 1098 2202 1163 scilicet
2249 1099 2484 1163 debeat
2530 1099 2902 1182 observari,
2953 1107 3025 1164 ut
3070 1100 3306 1165 fratres
3353 1101 3521 1166 dicte
3583 1102 3852 1167 ecclesie
3912 1105 4118 1169 sancti
4166 1104 4399 1189 Jacobj
4455 1103 4534 1168 de
4599 1104 4841 1169 Savina

1194 1228 1323 1271 non
1367 1206 1684 1292 recipiant
1729 1205 1812 1270 ad
1860 1206 2261 1292 sepulturam
2309 1205 2737 1292 parochianos
2784 1206 3204 1272 ecclesiarum
3254 1214 3477 1273 sancte
3521 1207 3728 1274 Marie
3775 1209 4185 1295 Magdalene,
4233 1211 4441 1275 sancti
4488 1211 4836 1297 Leonardj,

1192 1322 1256 1379 et
1303 1314 1511 1378 sancti
1557 1313 1808 1399 Egidii,
1857 1320 1923 1378 et
1969 1313 2034 1377 in
2080 1313 2377 1378 omnibus
2425 1313 2570 1377 aliis
2618 1334 2742 1399 que
2791 1312 2858 1377 in
2910 1313 3082 1377 dicta
3129 1313 3574 1380 moderatione
3623 1317 4050 1401 continentur,
4101 1339 4227 1382 non
4276 1318 4574 1383 obstante
4631 1318 4839 1382 indul-

1191 1422 1412 1507 gentia
1444 1396 1737 1506 generali
1768 1441 2074 1485 concessa
2120 1420 2308 1485 dictis
2356 1419 2695 1484 Fratribus
2742 1428 2809 1485 et
2856 1419 3086 1484 Ordini
3132 1421 3620 1487 Heremitarum
3667 1424 3875 1489 sancti
3917 1424 4148 1489 Jacobi
4197 1424 4275 1489 de
4325 1424 4570 1489 Savina
4603 1447 4641 1488 a
4672 1425 4838 1490 bone

1191 1529 1498 1593 memorie
1544 1528 1802 1592 domino
1851 1527 2229 1592 Innocentio
2278 1526 2463 1612 Papa
2509 1534 2762 1613 quarto,
2798 1548 2943 1592 cum
2992 1529 3057 1591 in
3104 1529 3277 1593 dicta
3326 1529 3733 1615 indulgentia
3774 1531 4186 1618 impetranda
4215 1531 4295 1596 de
4328 1531 4617 1618 predicto
4649 1540 4839 1618 pacto

1192 1657 1321 1700 non
1367 1635 1562 1699 fuerit
1607 1634 1783 1699 facta
1828 1635 2109 1717 menti03
2158 1641 2222 1698 et
2273 1656 2396 1699 non
2447 1635 2745 1698 obstante
2795 1634 2925 1698 alia
2971 1635 3376 1721 indulgentia
3432 1659 3739 1701 concessa
3789 1638 4092 1724 predictis
4138 1638 4479 1704 Fratribus
4512 1645 4577 1703 et
4610 1639 4839 1704 Ordini

1193 1765 1232 1807 a
1279 1745 1444 1808 bone
1493 1742 1797 1807 memorie
1845 1742 2103 1806 domino
2150 1741 2530 1806 Alexandro
2574 1742 2761 1828 Papa
2810 1749 3061 1828 quarto,
3110 1765 3256 1807 cum
3304 1744 3476 1809 dicta
3524 1744 3929 1831 indulgentia
3976 1754 4041 1810 et
4095 1748 4238 1832 ejus
4299 1746 4694 1833 generalitas
4755 1747 4838 1812 sit

1192 1849 1695 1936 res[trin]genda
1728 1848 1811 1913 ad
1845 1849 1930 1933 id,
1965 1849 2043 1914 de
2078 1872 2204 1936 quo
2253 1849 2623 1936 specialiter
2669 1849 3009 1935 agebatur,
3044 1851 3289 1915 scilicet
3327 1851 3409 1915 ad
3457 1853 4013 1938 presentacionem
4057 1852 4303 1918 Prioris
4343 1854 4511 1918 dicte
4545 1853 4834 1937 ecclesie,

1193 1967 1258 2023 et
1305 1958 1739 2021 visitationem
1790 1963 1855 2021 et
1910 1957 2411 2039 correctionem,
2463 1978 2591 2021 uon
2639 1964 2858 2021 autem
2905 1958 3372 2044 complectatur
3427 1960 3863 2045 sepulturam,
3910 1961 4159 2025 scilicet
4204 1968 4275 2025 ut
4322 1960 4475 2025 dicti
4522 1960 4836 2044 Fratre[s]

1192 2065 1621 2152 parochianos
1666 2064 1982 2129 dictarum
2032 2065 2226 2128 trium
2274 2064 2693 2128 ecclesiarum
2741 2064 3028 2151 recipere
3075 2065 3323 2151 possint
3369 2065 3450 2129 ad
3498 2067 3896 2152 sepulturam
3936 2073 4160 2132 contra
4193 2068 4467 2132 formam
4500 2067 4670 2132 dicte
4702 2089 4835 2132 mo-

1194 2173 1568 2238 derationis.

1373 2280 1489 2361 (L.
1525 2281 1568 2362 †
1601 2279 1696 2361 S.)
1744 2280 1888 2365 Ego
1937 2280 2236 2344 Matheus
2284 2279 2610 2366 quondam
2657 2281 2892 2365 Jacobj
2942 2280 3250 2366 palatini,
3300 2283 3684 2346 auctoritate
3732 2282 4049 2368 imperiali
4098 2283 4424 2366 notarius,
4474 2282 4707 2346 sedens
4754 2281 4835 2345 ad

1192 2387 1390 2475 pedes
1432 2387 1821 2451 venerabilis
1868 2388 2071 2473 patris
2119 2386 2359 2451 domini
2408 2386 2772 2469 Octaviani,
2807 2387 3099 2451 Bononie
3146 2387 3377 2471 Electi,
3412 2398 3476 2453 et
3522 2390 3954 2476 predictorum
3998 2398 4275 2476 quatuor
4307 2390 4682 2476 peritorum,
4714 2387 4835 2452 hoc

1191 2495 1563 2575 consilium,
1616 2494 1737 2580 ipsi
1784 2494 2041 2558 domino
2103 2494 2328 2558 Electo
2388 2517 2505 2581 per
2552 2494 2874 2581 predictos
2924 2503 3200 2580 quatuor
3249 2495 3590 2583 Sapientes
3637 2496 3857 2561 datum
3906 2497 3972 2560 in
4020 2497 4275 2561 comuni
4334 2495 4704 2578 concordia,
4755 2495 4833 2559 de

1192 2603 1474 2688 ipsorum
1523 2601 1828 2665 mandato
1877 2602 2124 2688 scripsi,
2158 2610 2222 2666 et
2268 2602 2361 2665 eis
2410 2602 2540 2687 legi
2586 2603 2808 2684 semel,
2843 2602 3124 2666 secundo
3173 2612 3238 2668 et
3285 2604 3496 2686 tertie,
3544 2604 3710 2669 sicut
3735 2606 3932 2690 jacet,
3966 2611 4030 2668 et
4076 2603 4156 2668 de
4201 2604 4487 2690 ipsorum
4530 2602 4833 2667 mandato

1182 2709 1511 2796 publicavi
1558 2717 1623 2773 et
1669 2707 1917 2796 scripsi.

2950 3028 3069 3093 VI.

2663 3243 2858 3325 1268,
2913 3244 2995 3306 12
3033 3242 3370 3326 februarii.

1310 3455 1416 3518 Ex
1465 3455 1640 3519 arch.
1689 3456 1899 3520 sancti
1946 3455 2269 3520 Dominici
2316 3456 2518 3540 Bon.,
2568 3478 2740 3520 nunc
2788 3457 2853 3521 in
2901 3457 3062 3521 Tab.
3099 3457 3277 3522 MaX.
3310 3458 3498 3541 bon.,
3548 3465 3701 3523 sect.
3748 3484 3777 3515 ‹
3825 3458 4195 3523 Demaniale
4240 3483 4302 3541 ι,
4353 3478 4526 3521 num.
4564 3437 4655 3499 ,¹⁷⁸

4563 3496 4707 3551 7513·

1368 3668 1481 3749 (L.
1518 3670 1561 3751 †
1598 3668 1692 3751 S.)
1742 3668 1820 3732 In
1868 3669 2125 3733 nomine
2174 3669 2437 3733 Domini
2482 3670 2686 3734 nostri
2733 3669 2894 3735 Jesu
2944 3670 3203 3753 Christi,
3241 3692 3449 3735 amen.
3500 3672 3692 3735 Anno
3740 3670 4096 3735 nativitatis
4144 3671 4283 3734 eius
4331 3669 4672 3733 millesimo
4719 3668 4835 3732 du-

1187 3777 1537 3840 centesimo
1586 3776 1993 3861 sexagesimo
2042 3783 2291 3859 octavo,
2343 3776 2689 3841 indictione
2738 3777 3098 3861 undecima,
3149 3778 3251 3842 die
3299 3778 3679 3843 duodecima
3726 3778 4005 3842 intrante
4051 3777 4399 3842 februario.
4431 3780 4535 3852 (Ῑῖ
4551 3776 4836 3841 Domina

1186 3883 1556 3968 Bonafillia,
1606 3886 1740 3949 filia
1786 3884 2111 3971 quondam
2157 3884 2424 3971 Ugolini
2471 3884 2727 3969 Medici,
2765 3908 2929 3951 uxor
2976 3886 3215 3951 Tuschi
3261 3887 3481 3972 becarj
3531 3887 3609 3951 de
3658 3894 3951 3951 contrata
3984 3884 4278 3971 Vignatii
4324 3886 4529 3950 sancti
4570 3886 4833 3950 Proculi

1185 3992 1620 4075 bononiensis,
1656 4014 1694 4056 a
1744 4014 1843 4057 me
1879 3993 2130 4057 notario
2165 3994 2573 4079 infrascripto
2608 3994 2890 4078 cognita,
2926 4016 3186 4080 compos
3220 3996 3450 4058 mentis
3483 4001 3548 4058 et
3580 3995 3885 4081 corporis,
3920 4015 4109 4057 suum
4138 4015 4256 4079 per
4289 3993 4835 4079 nuncupationem

1185 4105 1249 4164 et
1285 4099 1422 4164 sine
1456 4100 1711 4187 scriptis
1758 4107 2215 4164 testamentum
2262 4109 2327 4164 et
2373 4122 2634 4164 suorum
2682 4102 2998 4165 bonorum
3047 4101 3530 4190 dispositionem
3572 4101 3724 4165 fecit
3757 4108 3820 4165 et
3853 4100 4195 4183 ordinavit,
4230 4107 4302 4165 ut
4335 4100 4601 4163 inferius
4635 4099 4836 4164 conti-

1186 4217 1396 4273 netur.
1443 4209 1521 4272 In
1570 4209 1793 4294 primis
1842 4230 1957 4295 pro
2006 4209 2222 4272 anima
2263 4230 2380 4272 sua
2413 4208 2688 4295 reliquid
2721 4209 2953 4294 viginti
2985 4209 3186 4273 libras
3217 4210 3703 4274 bononenorum
3737 4208 4194 4295 expendendas
4228 4208 4496 4273 arbitrio
4529 4208 4829 4272 comissa·

1185 4317 1428 4380 riorum
1468 4337 1733 4379 suorum
1766 4317 1936 4380 cirea
1968 4316 2368 4402 sepulturam
2400 4337 2605 4398 suam,
2640 4337 2836 4401 quam
2869 4316 3067 4402 elegit
3100 4323 3256 4403 aput
3288 4317 3628 4381 ecclesiam
3660 4317 3964 4381 Fratrum
3993 4315 4484 4380 Predicatorum
4517 4315 4833 4380 Bononie.

1185 4423 1352 4487 Item
1382 4423 1742 4488 Conventui
1768 4422 2061 4487 Bononie
2094 4423 2464 4487 eorumdem
2497 4421 2805 4487 Fratrum
2836 4424 3114 4510 reliquid
3146 4424 3374 4508 viginti
3409 4424 3609 4488 libras
3642 4424 4149 4488 bononenorum.
4175 4422 4340 4487 Item
4374 4422 4619 4507 legavit
4651 4421 4838 4486 fratri

1183 4529 1646 4594 Bartholomeo
1694 4529 1988 4614 magistri
2034 4529 2353 4594 Johannis
2400 4529 2805 4612 bononiensi,
2853 4531 2933 4595 de
2984 4530 3225 4596 Ordine
3272 4530 3783 4613 Predicatorum,
3817 4530 4163 4615 sexaginta
4209 4529 4410 4593 libras
4465 4528 4835 4594 bononeno-

1183 4659 1325 4701 rum
1375 4659 1491 4723 pro
1540 4636 1721 4700 libris
1770 4636 2057 4700 emendis
2105 4636 2186 4699 ab
2234 4637 2376 4722 ipso
2424 4636 2508 4700 ad
2555 4659 2744 4700 usum
2791 4659 2978 4701 suum
3028 4639 3091 4702 in
3138 4639 3273 4702 vita
3318 4659 3456 4721 sua,
3492 4659 3652 4723 quos
3700 4638 3897 4701 libros
3946 4644 4092 4723 post
4139 4643 4408 4700 mortem
4458 4636 4661 4722 ipsius
4709 4636 4836 4699 fra-

1184 4745 1302 4810 tris
1350 4744 1815 4826 Bartholomei,
1850 4744 2054 4808 voluit
2092 4743 2389 4809 distribui
2438 4744 2606 4808 inter
2653 4743 2890 4808 fratres
2939 4744 3292 4828 studentes,
3340 4744 3420 4809 de
3466 4745 3762 4809 Bononia
3810 4743 4135 4826 oriundOS,
4186 4764 4304 4829 per
4348 4742 4644 4807 Priorem
4690 4764 4835 4829 pro-

1185 4854 1530 4919 vincialem
1592 4851 1997 4934 Lonbardie,
2048 4853 2158 4937 qui
2209 4858 2361 4916 tunc
2423 4852 2734 4938 temporis
2797 4853 2938 4917 erit.
2990 4852 3158 4916 Item
3227 4852 3414 4916 fratri
3476 4851 3831 4916 Ramberto
3897 4849 4279 4915 Primaditio
4350 4850 4505 4914 dicti
4576 4849 4836 4915 Ordinis

1186 4962 1430 5046 legavit
1479 4960 1762 5046 quinque
1809 4959 2010 5023 libras
2057 4960 2544 5024 bononenorum
2589 4981 2707 5045 pro
2770 4958 2953 5023 libris
3017 4959 3141 5023 sibi
3204 4959 3511 5024 emendis.
3560 4959 3727 5023 Item
3789 4958 3976 5023 fratri
4036 4957 4297 5022 Monete
4360 4956 4653 5041 ejusdem
4714 4956 4833 5021 Or·

1184 5069 1352 5133 dinis
1402 5067 1678 5153 reliquid
1725 5074 1854 5131 tres
1904 5066 2103 5130 libras
2150 5066 2657 5131 bononenorum.
2707 5065 2875 5129 Item
2923 5066 3109 5130 fratri
3154 5067 3352 5131 Petro
3400 5066 3747 5130 Zucchello
3795 5065 3874 5129 ‹le
3920 5064 4149 5129 Laudo
4208 5064 4363 5129 dicti
4411 5062 4673 5129 Ordinis
4736 5084 4834 5127 re-

1184 5175 1389 5263 liquid
1438 5183 1569 5240 tres
1615 5174 1816 5239 libras
1863 5173 2371 5238 bononenorum.
2423 5173 2588 5237 Item
2637 5174 2827 5237 fratri
2875 5173 3221 5238 Francisco
3270 5173 3520 5237 Pissitti
3567 5172 3720 5237 dicti
3768 5172 4033 5237 Ordinis
4080 5172 4363 5258 quinque
4413 5171 4634 5234 libras.
4669 5170 4833 5234 Item

1185 5285 1372 5348 fratri
1424 5283 1746 5364 GaudinO,
1796 5303 2106 5347 converso
2154 5281 2307 5346 dicti
2357 5280 2640 5364 Ordinis,
2675 5288 2808 5346 tres
2855 5281 3056 5346 libras
3103 5282 3610 5346 bononenorum.
3645 5280 3811 5345 Item
3846 5280 4189 5345 Sororibus
4222 5278 4599 5344 monasterii
4630 5278 4835 5342 sancti

1184 5391 1457 5458 Joannis
1504 5390 1799 5477 Baptiste
1848 5388 2123 5474 reliquid
2186 5395 2317 5453 tres
2383 5389 2584 5453 libras
2639 5411 2756 5475 pro
2819 5411 2949 5453 una
3012 5388 3306 5475 pitantia.
3370 5388 3538 5452 Item
3609 5388 3867 5451 domino
3929 5386 4250 5470 RolandO,
4315 5385 4623 5450 canonico
4686 5406 4834 5449 san-

1185 5500 1271 5564 cti
1321 5497 1700 5578 Salvatoris,
1749 5496 2112 5582 propinquo
2160 5518 2296 5579 suo,
2340 5495 2622 5582 reliquid
2667 5497 2950 5582 quinque
2996 5496 3197 5560 libras
3243 5496 3750 5560 bononenorum.
3800 5494 3964 5558 Item
4014 5494 4219 5558 sorori
4267 5492 4437 5557 Gilie
4485 5491 4564 5556 de
4612 5499 4834 5556 sancto

1184 5606 1382 5671 Petro
1429 5604 1694 5669 martire
1740 5603 1988 5688 legavit
2034 5603 2466 5689 quadraginta
2515 5604 2754 5669 solidos
2802 5603 3309 5668 bononenorum.
3360 5603 3526 5667 Item
3573 5603 3778 5666 sorori
3833 5601 4216 5666 Richeldine
4264 5600 4344 5665 de
4391 5598 4835 5664 Misericordia

1185 5712 1461 5799 reliquid
1512 5711 1945 5798 quadraginta
1993 5710 2231 5775 solidos
2264 5711 2771 5776 bononenorum.
2807 5711 2973 5775 Item
3008 5711 3212 5774 sorori
3243 5710 3632 5775 Helisabcth
3664 5717 3885 5773 sancte
3917 5708 4124 5772 Marie
4155 5707 4549 5792 Magdalene
4591 5706 4836 5791 legavit

1184 5820 1618 5909 quadraginta
1668 5818 1908 5883 solidos
1957 5819 2465 5883 bononenorum.
2515 5818 2682 5883 Item
2730 5819 2937 5883 sorori
2982 5818 3441 5883 Bartholomee
3490 5817 3569 5881 de
3615 5815 3920 5898 Pulliola,
3956 5815 4161 5880 sorori
4193 5814 4487 5899 magistri
4518 5813 4834 5895 Danielis,

1183 5929 1428 6015 legavit
1478 5936 1608 5993 tres
1657 5928 1856 5991 libras
1905 5927 2410 5992 bononenorum.
2460 5925 2626 5989 Item
2672 5925 3069 5991 Monasterio
3116 5925 3323 5989 sancti
3386 5925 3650 5989 Proculi
3698 5923 3975 6009 reliquid
4021 5923 4254 6008 viginti
4301 5922 4561 6004 solidos,
4605 5921 4837 6008 quibus

1183 6037 1390 6104 voluit
1436 6058 1576 6101 esse
1627 6041 2020 6099 contentum.
2069 6033 2237 6098 Item
2284 6033 2514 6116 Marie,
2557 6054 2681 6119 que
2730 6041 3020 6097 moratur
3067 6041 3132 6096 et
3179 6032 3289 6096 diu
3338 6032 3513 6095 stetit
3562 6053 3707 6096 cum
3753 6052 3853 6114 ea,
3889 6029 4164 6116 reliquid
4211 6036 4343 6094 tres
4390 6029 4588 6092 libras
4636 6028 4835 6093 bono-

1182 6165 1518 6211 nenorum.
1568 6142 1735 6206 Item
1782 6141 2039 6206 domine
2087 6140 2450 6223 Lucchisie,
2500 6139 2770 6204 comatri
2818 6161 2954 6222 sue,
2990 6139 3267 6226 reliquid
3316 6138 3597 6224 quinque
3644 6138 3847 6202 libras
3892 6137 4400 6201 bononenorum.
4450 6135 4837 6200 Commissa·

1184 6255 1313 6319 rios
1358 6274 1509 6316 snos
1559 6257 1625 6315 et
1669 6250 1865 6335 hujus
1912 6249 2011 6314 sui
2060 6248 2432 6314 testamenti
2478 6256 2856 6313 executores
2906 6247 3237 6312 constituit
3291 6253 3355 6311 et
3402 6268 3543 6311 esse
3591 6246 3797 6310 voluit
3842 6244 4136 6309 Priorem
4182 6243 4489 6309 Fratrum
4533 6242 4835 6307 Predica·

1183 6369 1398 6427 torum
1442 6359 1758 6440 Bononie,
1794 6357 1904 6443 qui
1950 6378 2067 6444 pro
2117 6363 2406 6443 tempore
2454 6354 2669 6438 fuerit,
2720 6363 2786 6421 et
2832 6355 3214 6441 magistrum
3261 6354 3604 6420 Danielem
3651 6352 3981 6416 doctorem
4026 6351 4375 6416 medicine:
4424 6350 4657 6436 quibus
4703 6349 4835 6412 suis

1183 6466 1640 6535 commissariis
1673 6465 1850 6530 dedit
1882 6472 1947 6530 et
1979 6464 2204 6529 tribuit
2235 6465 2496 6551 plenam
2527 6464 2856 6528 licentiam
2881 6472 2945 6527 et
2977 6462 3411 6527 omnimodam
3443 6466 3830 6548 potestatem
3864 6458 4392 6546 apprehendendi
4418 6457 4634 6523 omnia
4665 6456 4836 6520 bona
