5542 7775
1247 628 1277 695 1
1298 625 1394 696 30
2817 646 3300 697 MONUMENTA

1226 800 1587 883 petendum,
1638 799 2074 883 inpetrandum
2125 806 2177 862 et
2225 797 2642 881 obtinendum,
2692 798 3040 862 nominibus
3103 798 3322 884 quibus
3365 820 3558 884 supra
3605 808 3658 864 et
3705 802 3884 864 etIam
3943 802 4061 865 rice
4121 808 4174 864 et
4221 803 4465 866 nomine
4509 803 4782 865 omnium
4831 811 4884 867 et

1239 907 1625 991 sinqulomtm
1672 907 1892 969 civium
1941 906 2419 970 districtualium
2465 928 2569 969 seu
2617 904 3000 970 subditorum
3047 907 3139 970 rel
3195 906 3609 970 habitatorum
3654 907 3808 971 dicte
3853 909 4109 971 civitatis
4155 907 4431 972 Bononie
4477 916 4530 973 et
4577 910 4890 973 districtus

1241 1021 1295 1077 et
1342 1034 1863 1098 quorumcumque
1907 1015 2087 1076 etiam
2131 1014 2479 1095 forensium
2527 1015 2635 1099 qui
2680 1014 3085 1097 infrascripta
3131 1021 3271 1077 rata
3318 1013 3619 1078 habebunt
3663 1036 3703 1078 a
3749 1017 4125 1078 sanctissimo
4163 1023 4343 1099 patre
4375 1016 4675 1099 predictO,
4721 1016 4889 1081 abso·

1238 1121 1490 1184 lutionis
1552 1119 1901 1201 beneficium
1946 1122 2321 1205 simpliciter,
2369 1129 2424 1184 et
2469 1121 2554 1184 ad
2598 1120 2900 1184 cautelam
2929 1121 3122 1203 juxta
3163 1122 3438 1204 formam
3483 1120 3746 1186 Eoelesie
3789 1129 4165 1204 consuetam,
4212 1129 4268 1186 et
4323 1124 4760 1188 restitutionem
4825 1127 4890 1187 in

1239 1230 1545 1313 inteyrum
1590 1227 1679 1290 ad
1717 1228 1980 1310 famam,
2013 1235 2241 1291 statum
2281 1235 2335 1291 et
2379 1228 2464 1291 ad
2506 1228 2761 1292 honores
2808 1229 3244 1312 ecclesiasticos,
3277 1236 3329 1293 et
3360 1230 3720 1313 temporales
3750 1236 3804 1293 et
3848 1230 4236 1294 ecclesiastica
4279 1228 4562 1313 beneficia
4593 1239 4648 1295 et
4678 1253 4890 1317 quam-

1239 1356 1497 1419 cumque
1539 1335 1731 1397 aliam
1778 1336 2236 1418 restitutionem,
2268 1336 2727 1417 relaoeationem,
2760 1336 3150 1399 remotionem
3196 1342 3250 1399 et
3297 1338 3726 1400 revocationem
3757 1359 3796 1399 a
3830 1336 4304 1422 quibuscumque
4332 1338 4664 1421 sententijs,
4685 1340 4887 1422 penis,

1228 1441 1645 1525 processibuS,
1694 1449 1819 1505 tam
1866 1464 1905 1505 a
1936 1441 2091 1525 jure
2136 1463 2322 1527 quam
2367 1441 2443 1505 ab
2487 1441 2730 1506 homine
2776 1443 2945 1523 latis,
2982 1444 3201 1526 positis
3245 1464 3351 1507 seu
3396 1443 3678 1526 inflictis,
3727 1464 3873 1529 quos
3929 1444 4017 1508 vel
4076 1464 4230 1529 quas
4293 1446 4409 1529 ipsi
4466 1448 4889 1510 constituentes

1245 1548 1580 1613 Commune
1612 1557 1665 1612 et
1712 1547 2107 1631 Universitas,
2138 1556 2249 1612 aut
2294 1550 2522 1634 aliquis
2561 1550 2975 1633 predictorum
3024 1551 3405 1614 incurrerint
3433 1552 3737 1614 occasione
3765 1552 4118 1636 aliquorum
4151 1552 4482 1635 malorum,
4515 1574 4885 1635 excessuum,

1239 1655 1329 1719 vel
1374 1657 1722 1740 culparum,
1770 1663 1881 1719 aut
1926 1657 2196 1719 aliorum
2241 1663 2655 1720 contentorum
2704 1658 2767 1719 in
2819 1664 2984 1739 nota,
3031 1659 3436 1721 instrumento
3467 1657 3557 1721 rel
3602 1658 3821 1721 litteris
3864 1658 4203 1741 antedictis,
4243 1659 4333 1723 cel
4372 1679 4448 1722 ex
4490 1661 4892 1741 contumacia,

1236 1783 1344 1827 seu
1390 1762 1795 1827 inobedientia
1843 1771 1955 1826 aut
2000 1784 2122 1826 non
2167 1762 2545 1827 observantia
2580 1765 3027 1848 premissorum
3073 1765 3164 1828 vel
3207 1765 3477 1827 aliorum
3524 1785 4066 1850 quorumcumque,
4101 1772 4153 1829 et
4200 1765 4274 1829 de
4294 1766 4588 1850 predictis
4619 1774 4672 1830 et
4701 1787 4889 1850 super

1226 1870 1525 1953 predictis
1571 1870 1889 1934 humiliter
1936 1871 2409 1954 supplicandum
2455 1873 2833 1934 sanctissimo
2867 1873 3047 1955 patri
3079 1872 3357 1955 predicto
3402 1873 3571 1935 omni
3617 1880 3670 1936 et
3718 1893 4093 1957 quocumque
4123 1874 4387 1954 nomine,
4419 1873 4615 1955 modO,
4632 1874 4788 1955 jure
4835 1881 4889 1937 et

1232 1977 1446 2059 forma
1493 1976 1711 2062 quibus
1745 1985 1965 2061 potest,
2001 1985 2057 2042 et
2101 1977 2187 2041 ad
2231 1980 2438 2041 omnia
2482 1985 2537 2042 et
2579 1979 2826 2063 sinyula
2868 1978 3181 2061 facienda,
3215 2000 3329 2063 que
3359 1981 3424 2042 in
3446 1979 3743 2063 predictis
3787 1980 3877 2043 rel
3922 1981 4086 2067 circa
4104 1979 4385 2063 predicta
4417 1981 4598 2043 utilia
4623 1980 4890 2064 fuerunt

1238 2085 1329 2148 vel
1377 2084 1810 2169 quomodolibet
1855 2092 2235 2169 opportuna,
2282 2092 2335 2148 et
2379 2084 2466 2147 ad
2516 2085 2993 2169 supplicandum
3046 2085 3382 2169 humiliter,
3431 2086 3594 2172 quod
3644 2088 3933 2150 sanctitas
3975 2107 4092 2149 sua
4136 2086 4428 2172 diynetur
4469 2088 4659 2151 alicui
4690 2087 4888 2172 probo

1239 2193 1367 2255 ciro
1412 2195 1779 2256 committere
1826 2193 2007 2277 quod,
2043 2194 2108 2255 in
2154 2213 2301 2256 casu
2350 2214 2466 2277 quo
2500 2195 2796 2277 possessio
2840 2195 3096 2257 civitatis
3141 2193 3543 2258 Bononiensis
3584 2194 3801 2278 fuerit,
3833 2197 3986 2258 sicut
4032 2196 4098 2257 in
4137 2193 4357 2258 litteris
4389 2196 4890 2258 reconciliationis

1237 2301 1599 2381 continetur,
1634 2298 1897 2363 Ecclesie
1931 2302 2204 2363 restituta
2254 2307 2309 2363 et
2354 2301 2675 2382 ratificatio
2720 2308 3136 2365 contentorum
3185 2303 3248 2363 in
3299 2303 3443 2385 ipsis
3487 2302 3727 2383 litteris,
3758 2302 3941 2364 salvis
3978 2300 4490 2365 declarationibus
4521 2300 4888 2387 quibusdam

1226 2428 1347 2490 per
1395 2409 1593 2490 ipsum
1640 2406 1958 2470 dominum
1993 2427 2229 2491 papam
2269 2406 2574 2489 faciendis
2620 2408 2796 2490 infra
2839 2415 3067 2471 certum
3117 2415 3352 2492 tempus
3385 2429 3505 2491 per
3551 2409 3752 2492 ipsum
3798 2408 4117 2471 dominum
4155 2415 4434 2472 nostrum
4456 2430 4691 2493 papam
4723 2409 4885 2472 limi-

1238 2514 1519 2596 tandum,
1562 2514 1759 2596 fuerit
1803 2512 2138 2595 subsecuta,
2185 2514 2501 2595 concedat,
2548 2516 2905 2579 auctoritate
2964 2516 3286 2598 apostolica
3345 2535 3532 2599 super
3577 2514 3684 2578 hoc
3728 2514 3842 2578 sibi
3885 2516 4223 2599 specialiter
4265 2514 4593 2597 attributa,
4640 2516 4886 2579 domino

1251 2620 1499 2684 Thadeo
1544 2621 1618 2684 de
1668 2620 1905 2705 Pepolis
1948 2620 2171 2705 absque
2215 2622 2343 2685 alia
2390 2642 2543 2684 noca
2591 2624 3004 2685 nominatione
3049 2622 3124 2685 de
3171 2625 3296 2706 ipso
3320 2643 3442 2705 per
3460 2622 3764 2706 populum
3793 2622 4105 2705 facienda,
4137 2622 4728 2686 administrationem
4749 2623 4882 2706 ple-

1236 2730 1481 2791 nariam
1515 2729 1769 2811 jnrinm
1819 2736 1872 2791 et
1918 2727 2143 2791 bonum
2186 2729 2272 2791 ad
2320 2749 2639 2792 romanam
2684 2728 3020 2793 Ecclesiam
3071 2732 3134 2792 in
3181 2732 3434 2812 civitate,
3482 2732 3768 2793 comitatu
3816 2737 3869 2793 et
3914 2730 4196 2793 districtu
4241 2728 4704 2794 bononiensibus
4737 2751 4886 2813 per·

1235 2837 1582 2917 tinentium,
1625 2835 1960 2920 9erendam
2006 2843 2062 2899 et
2108 2836 2505 2899 exercendam
2550 2838 2795 2901 nomine
2840 2843 2894 2899 et
2940 2838 3062 2900 vice
3109 2836 3371 2901 Ecclesie
3401 2837 3677 2921 predicte
3722 2838 3808 2900 ad
3838 2844 4073 2921 tempus
4104 2837 4179 2900 de
4212 2857 4329 2922 quo
4358 2838 4667 2901 sanctitati
4697 2838 4889 2921 ipsius

1238 2941 1539 3006 ridebitur
1585 2942 1886 3026 capedire,
1918 2950 2296 3006 sacramento
2343 2950 2542 3006 tamen
2587 2944 2923 3026 fidelitatis,
2957 2943 3248 3025 domini0‚
3283 2965 3446 3007 mero
3491 2951 3544 3007 et
3591 2946 3779 3008 mioeto
3823 2945 4100 3028 imperio,
4131 2944 4568 3028 jurisdictione
4611 2951 4665 3008 et
4710 2965 4886 3028 supe·

1238 3051 1514 3113 rioritate
1560 3057 1613 3112 et
1658 3049 1878 3113 horum
1928 3052 2365 3134 recoqnitione,
2413 3072 2626 3113 census
2670 3053 3125 3134 constitutione,
3172 3059 3225 3114 et
3271 3051 3347 3114 de
3391 3051 3616 3114 dandis
3661 3054 3986 3136 armiyeris
4039 3050 4433 3136 obliyatione,
4479 3072 4588 3115 nec
4649 3071 4774 3115 non
4834 3059 4886 3115 et

1237 3157 1597 3239 officialium·
1641 3156 1727 3219 ad
1753 3157 2249 3239 jurisdictionem
2297 3157 2652 3240 hujusmodi
2698 3159 2819 3220 rice
2864 3165 2917 3221 et
2963 3160 3209 3221 nomine
3255 3179 3507 3223 romane
3537 3157 3802 3223 Ecclesie
3832 3158 4251 3241 exercendam,
4285 3166 4338 3222 et
4367 3158 4889 3222 administratoris

1222 3265 1477 3345 jurium
1524 3272 1577 3326 et
1623 3262 1918 3326 bonorum
1980 3262 2401 3327 Unirersitatis
2446 3264 2715 3347 ejusdem
2750 3286 2873 3348 per
2925 3263 3256 3328 Commune
3302 3273 3355 3329 et
3414 3267 3713 3350 populum
3773 3265 4163 3330 bononienses
4225 3265 4785 3345 nominandorum,
4833 3272 4886 3328 et

1226 3392 1348 3454 per
1416 3372 1611 3455 ipsam
1666 3367 1999 3433 Ecclesiam
2052 3391 2374 3433 romanam
2422 3371 2877 3455 eliqendorum,
2913 3371 3344 3454 ponendorum
3372 3420 3388 3453 ,
3436 3372 3994 3437 constituendorum
4055 3392 4160 3435 seu
4221 3370 4718 3455 deputandorum
4772 3371 4885 3433 ele·

1237 3479 1463 3541 ctione.
1498 3478 1832 3561 positione,
1879 3478 2298 3541 constitutione
2344 3484 2397 3541 et
2445 3477 2870 3561 deputatione,
2907 3485 3098 3561 prout
3143 3480 3210 3542 in
3258 3479 3476 3542 litteris
3522 3480 4023 3543 reconciliationis
4080 3479 4423 3542 continetur
4460 3476 4788 3560 facienda,
4836 3484 4889 3540 et

1235 3585 1381 3666 alijs
1409 3583 1668 3666 juribus
1713 3585 2014 3647 universis
2058 3586 2125 3647 in
2172 3586 2429 3667 cii-itate,
2475 3585 2760 3647 comitatu
2810 3591 2863 3648 et
2908 3584 3190 3648 districtu
3234 3584 3733 3668 bononiensibus,
3781 3584 4046 3649 Ecclesie
4092 3605 4346 3648 romane
4390 3582 4889 3667 competentibus,

1236 3691 1421 3754 salcis
1464 3711 1701 3774 semper
1744 3697 1798 3755 et
1844 3691 2029 3755 illesis
2052 3690 2576 3774 permanentibus,
2611 3699 2663 3755 et
2708 3693 3093 3777 inteyraliter
3136 3692 3309 3777 apud
3353 3691 3687 3757 Ecclesiam
3734 3692 4189 3757 remanentibus
4233 3692 4673 3776 supradictam,
4695 3697 4889 3775 prout

1235 3801 1301 3862 in
1350 3800 1568 3863 litteris
1611 3801 1948 3883 apostolicis
1996 3801 2518 3881 reconciliationis,
2552 3808 2605 3863 et
2637 3800 3004 3886 quibusdam
3049 3801 3193 3884 alijs
3237 3822 3424 3886 super
3468 3803 3644 3865 certis
3692 3800 4233 3884 modificationibus
4278 3809 4333 3865 et
4378 3798 4892 3865 declarationibus

1230 3907 1535 3990 faciendis
1579 3908 1865 3971 seriosius
1910 3909 2210 3971 contineri
2256 3910 2613 3992 reperietur.
2666 3907 2943 3972 Volentes
2974 3916 3028 3972 et
3059 3930 3333 3993 expresse
3364 3911 3814 3991 consentientes,
3849 3912 3964 3994 ipsi
4005 3912 4423 3973 constituentes
4464 3915 4517 3971 et
4555 3907 4889 3970 Commune

1237 4022 1291 4079 et
1352 4013 1472 4078 Uni
1479 4016 1811 4078 versitatem
1850 4015 2215 4097 predictam,
2250 4023 2317 4079 ut
2345 4018 2752 4099 premittitur,
2787 4023 3308 4099 reppresentantes
3353 4016 3535 4100 quod,
3567 4037 3690 4080 non
3737 4015 4003 4080 obstante
4031 4018 4400 4080 concessione
4421 4015 4701 4099 predicta
4732 4013 4889 4077 dicto

1237 4120 1481 4183 domino
1538 4118 1807 4202 TleadeO,
1840 4127 1909 4183 ut
1930 4122 2337 4204 premittitur,
2379 4121 2691 4203 facienda,
2732 4123 2849 4205 ipsi
2891 4124 3313 4185 constituentes
3355 4129 3410 4186 et
3472 4120 3844 4186 Unirersitas
3888 4129 3943 4184 et
3995 4121 4328 4185 Commune
4372 4121 4762 4184 bononienses
4804 4120 4892 4182 ad

1229 4227 1585 4291 solvendum
1630 4247 1879 4290 censum
1924 4236 2048 4290 octo
2095 4228 2338 4292 milium
2380 4228 2761 4310 florenorum
2807 4229 3071 4313 sinqulis
3116 4230 3301 4292 annis
3344 4228 3456 4292 sub
3504 4231 3681 4293 certis
3730 4230 3977 4312 forma,
4025 4229 4234 4312 mod0,
4281 4230 4540 4293 termino
4605 4236 4660 4291 et
4707 4228 4891 4311 penis

1238 4337 1401 4399 inter
1450 4334 1775 4419 prefatum
1831 4334 2145 4399 dominum
2183 4358 2416 4420 papam
2465 4344 2517 4400 et
2562 4336 2826 4399 sindicos
2887 4335 3307 4400 Universitatis
3352 4345 3404 4400 el
3460 4337 3815 4400 Communis
3858 4337 4318 4401 bononiensium
4377 4338 4537 4400 alias
4590 4337 4892 4401 ordinatis

1237 4463 1489 4506 romane
1542 4440 1808 4506 Ecclesie
1862 4451 2153 4526 perpetuo
2199 4445 2322 4507 sint
2367 4451 2419 4507 et
2466 4451 2824 4507 remaneant
2871 4443 3135 4528 obliyati.
3185 4443 3338 4507 Item
3386 4444 3471 4507 ad
3516 4444 4004 4508 constituendum
4051 4451 4102 4508 et
4159 4443 4646 4508 substituendum
4693 4445 4888 4507 alium

1238 4571 1680 4634 quemcumque
1724 4550 2060 4632 sindicum,
2096 4559 2563 4634 procuratorem
2615 4559 2668 4614 et
2729 4553 3032 4614 nuncium
3093 4551 3240 4614 dicti
3304 4549 3693 4632 Communis,
3758 4550 4178 4616 Universitatis
4223 4560 4276 4615 et
4318 4552 4533 4635 populi
4578 4554 4642 4614 in
4691 4552 4890 4614 locum

1235 4658 1495 4720 alterius
1542 4677 1751 4719 eornm
1798 4657 1884 4719 ad
1927 4660 2133 4720 omnia
2182 4665 2234 4721 et
2280 4659 2524 4743 sinyula
2572 4660 2930 4743 supradicta
2978 4660 3070 4722 vel
3113 4660 3326 4744 aliqua
3373 4680 3446 4722 ea·
3491 4661 3596 4740 eis,
3629 4660 3703 4722 de
3749 4680 3868 4743 quo
3913 4661 4031 4739 ipsi.
4074 4658 4249 4722 ambo
4286 4661 4473 4723 simul
4511 4658 4891 4721 concedentes

1235 4767 1641 4846 convenerint,
1675 4767 1783 4849 qui
1826 4764 1902 4827 ab
1950 4768 2033 4830 eis
2078 4767 2533 4830 constituendus
2565 4768 2654 4830 rel
2698 4766 3175 4848 substituendus,
3219 4789 3348 4831 una
3393 4788 3530 4831 cum
3577 4768 3770 4831 altero
3815 4788 3888 4830 ea·
3921 4768 4237 4851 predictis,
4285 4768 4499 4851 exequi
4545 4767 4740 4830 caleat
4784 4786 4889 4830 su-

1221 4873 1515 4957 pradicta
1553 4873 1821 4956 perinde
1866 4893 1936 4935 ac
1981 4875 2035 4935 si
2079 4874 2164 4935 ad
2209 4895 2277 4937 ea
2326 4883 2466 4938 esset
2515 4877 2576 4938 in
2626 4875 2732 4938 hoc
2777 4878 3183 4938 instrumento
3229 4877 3600 4957 nominatus,
3650 4882 3704 4938 et
3749 4876 4090 4958 specialiter
4132 4875 4218 4937 ad
4258 4874 4525 4958 yerenda
4573 4881 4627 4936 et
4661 4893 4890 4957 procu-

1234 4981 1441 5043 randa
1487 4982 1693 5043 omnia
1740 4987 1794 5042 et
1838 4981 2085 5064 sinqula
2131 4982 2523 5064 supradicta,
2571 5003 2709 5044 cum
2750 4982 3041 5065 predictis
3101 4982 3352 5046 sindicis
3411 4984 3501 5046 rel
3560 4983 3752 5046 altero
3813 5003 4022 5045 eorum
4076 4981 4382 5044 ordinatis
4426 5002 4465 5044 a
4526 4979 4852 5043 Communi
4871 5029 4888 5061 ,

1251 5086 1687 5168 Universitate,
1801 5089 1956 5171 pulo
2005 5095 2057 5151 et
2110 5088 2372 5151 Consilio
2417 5089 2752 5152 antedictis.
2799 5088 3037 5152 Dantes
3083 5096 3138 5152 et
3182 5090 3562 5152 concedentes
3606 5090 3782 5153 dictis
3829 5110 4038 5153 eorum
4086 5089 4359 5171 sindicis,
4403 5088 4590 5150 simul
4629 5089 4892 5172 yerenti-

1233 5195 1346 5258 bus
1392 5202 1445 5259 et
1480 5195 1763 5278 predicta
1804 5195 2206 5278 facientibus,
2251 5216 2355 5259 seu
2404 5195 2822 5260 substituendo
2866 5216 2971 5260 seu
3019 5197 3434 5260 constituendo
3477 5197 3553 5260 ab
3599 5199 3681 5260 eis
3727 5204 3795 5260 ut
3839 5217 4070 5280 supra,
4117 5198 4182 5259 in
4235 5197 4555 5279 premissis
4615 5193 4895 5258 omnibus

1234 5312 1288 5368 et
1334 5305 1618 5389 sinyulis,
1668 5312 1721 5367 et
1768 5326 1977 5367 eorum
2024 5305 2347 5386 occasione,
2397 5312 2449 5366 et
2495 5303 2973 5386 dependentibus
3018 5325 3089 5367 ac
3136 5304 3573 5389 emeryentibus
3619 5325 3692 5368 ea·
3737 5305 3959 5368 eisdem
3995 5305 4256 5389 plenum
4304 5303 4564 5367 liberum
4619 5309 4672 5366 et
4715 5323 4892 5387 yene-

1232 5412 1366 5475 rale
1409 5434 1480 5474 ac
1525 5412 1779 5494 speciale
1826 5411 2210 5493 mandatum,
2242 5431 2383 5474 cum
2430 5432 2621 5491 mera,
2655 5409 2845 5474 libera
2893 5418 2948 5475 et
2982 5411 3264 5495 qenerali
3292 5433 3364 5474 ac
3394 5413 3637 5495 speciali
3680 5412 4275 5476 administrationem
4321 5419 4374 5475 et
4420 5431 4654 5473 omnem
4698 5410 4888 5472 aliam

1232 5522 1653 5583 auctoritatem
1700 5526 1755 5582 et
1817 5526 2163 5603 potestatem
2230 5520 2633 5582 necessariam·
2694 5526 2749 5582 et
2811 5520 3021 5582 utilem
3079 5539 3185 5582 seu
3232 5527 3676 5603 opportunam,
3719 5528 3902 5604 prout
3948 5522 4031 5583 eis
4076 5518 4380 5582 ridebitur
4435 5520 4501 5581 in
4553 5518 4891 5604 premissis,

1232 5627 1455 5712 ayendi
1502 5635 1554 5690 et
1591 5626 1956 5711 perficiendi
1996 5626 2272 5710 predicta
2317 5629 2522 5689 omnia
2571 5635 2624 5690 et
2671 5628 2938 5711 sinyula.
2986 5634 3039 5690 et
3083 5629 3290 5690 omnia
3337 5628 3466 5690 alia
3513 5649 3628 5713 que
3672 5630 3740 5690 in
3781 5628 4103 5711 predictis,
4150 5627 4242 5690 vel
4284 5647 4492 5690 eorum
4553 5626 4890 5706 occasione,

1232 5736 1615 5798 occurrerint
1654 5734 1944 5817 facienda
1994 5734 2069 5797 de
2098 5733 2275 5815 jure,
2322 5735 2757 5798 consuetudine
2818 5735 2909 5798 rel
2961 5736 3037 5798 de
3075 5735 3262 5817 facto,
3311 5737 3401 5799 rel
3435 5737 3719 5820 partium
3766 5735 4086 5798 roluntate.
4139 5732 4265 5798 Nec
4318 5755 4439 5797 non
4477 5735 4895 5817 promittentes

1234 5841 1386 5904 mihi
1430 5843 1671 5904 notario
1716 5841 2142 5925 infrascriptO,
2194 5848 2259 5904 ut
2294 5840 2537 5924 publice
2572 5861 2835 5924 persone
2878 5843 3200 5926 stipulanti
3245 5849 3298 5906 et
3345 5843 3658 5925 recipienti
3711 5844 3830 5904 rice
3869 5847 3921 5904 et
3968 5843 4212 5904 nomine
4245 5841 4485 5925 prefati
4527 5839 4895 5902 sanctissimi

1228 5952 1428 6033 patris
1475 5956 1527 6012 et
1576 5948 1838 6013 Ecclesie
1886 5971 2136 6013 romane
2189 5956 2242 6012 et
2281 5951 2552 6012 omnium
2605 5956 2659 6013 et
2704 5950 3090 6035 sinqulorum
3141 5972 3403 6035 quorum
3451 5952 3696 6013 interest
3741 5950 3831 6012 rel
3877 5950 4154 6014 intererit
4197 5955 4306 6011 aut
4347 5950 4631 6011 interesse
4671 5948 4893 6030 poterit

1230 6060 1539 6143 perpetuis
1584 6057 1974 6141 temporibuS,
2002 6056 2191 6139 firma
2239 6065 2377 6120 rata
2426 6065 2478 6120 et
2519 6066 2701 6142 yrata
2756 6056 2997 6140 habere,
3028 6065 3249 6139 tenere,
3282 6066 3335 6122 et
3383 6057 3808 6122 inriolabiliter
3851 6056 4166 6120 observare
4212 6063 4265 6119 et
4295 6055 4652 6139 adimplere,
4683 6056 4890 6117 omnia

1232 6173 1287 6231 et
1332 6166 1579 6250 sinqula
1621 6166 1894 6251 yerenda
1940 6186 2045 6228 seu
2093 6165 2619 6248 administranda,
2666 6165 3085 6249 concedenda,·
3116 6165 3557 6249 promittenda,
3602 6186 3706 6228 seu
3749 6164 4066 6246 firmanda
4101 6185 4223 6248 per
4266 6165 4426 6247 ipsos
4469 6162 4751 6244 sindicos,
4787 6183 4889 6246 ye-

1234 6282 1434 6338 rentes
1480 6280 1534 6337 et
1579 6274 2121 6356 administrantes,
2162 6272 2456 6356 facientes
2502 6280 2569 6336 ut
2613 6293 2809 6357 supra
2855 6274 2921 6336 in
2956 6274 3274 6356 premissis
3321 6280 3373 6336 et
3418 6274 3580 6336 circa
3615 6273 3956 6357 premissa,
4003 6272 4094 6335 rel
4139 6291 4348 6335 eorum
4395 6272 4735 6351 occasione,
4781 6267 4894 6332 sub

1230 6380 1590 6467 obliqatione
1635 6388 1689 6444 et
1727 6379 2053 6464 hypotheca
2086 6381 2361 6443 omnium
2396 6379 2691 6444 bonorum
2726 6380 2919 6463 ipsius
2956 6378 3331 6461 Communis,
3380 6377 3799 6442 Unirersitatis
3828 6386 3880 6441 et
3901 6378 4143 6462 populi,
4175 6379 4244 6440 in
4265 6376 4588 6461 premissis
4616 6374 4897 6440 omnibus

1188 6567 1203 6574 ⁶
1230 6487 1466 6554 casibus
1515 6496 1569 6552 et
1618 6486 1873 6572 quolibet
1916 6508 2169 6551 casuum
2216 6487 2652 6570 predictorum.
2691 6486 3120 6550 Promiserunt
3161 6488 3417 6569 insuper
3445 6488 3866 6549 constituentes
3887 6485 4151 6569 predicti
4180 6484 4290 6548 sub
4324 6504 4702 6568 quacumque
4721 6502 4896 6566 pena
