5542 7775
1587 610 2048 662 SPEOTANTIA
2105 609 2207 658 AD
2263 606 2773 658 PROFESSORES
2831 605 3041 656 JURIS
3099 604 3367 655 CIVILIS
4190 581 4286 650 63

660 768 813 851 suis,
847 767 1089 832 relictis
1136 775 1354 831 tamen
1402 765 1466 829 in
1514 787 1593 830 ea
1639 765 1828 829 domo
1875 785 1992 850 pro
2039 762 2272 848 majori
2318 769 2501 850 parte
2549 761 2694 825 aliis
2741 761 2935 825 rebus
2982 759 3114 824 suis
3158 766 3224 824 et
3269 759 3498 824 ceteris
3530 759 3902 825 custodibus
3935 761 4014 825 de
4047 761 4294 826 familia

659 897 812 957 sua3
847 883 911 939 et
959 873 1132 960 quod
1176 873 1472 938 domiuus
1518 872 1829 937 Albertus
1862 869 1993 955 [de]
2027 870 2499 935 Cazainimiciis
2537 891 2683 934 oum
2716 867 3103 954 quibusdam
3128 866 3495 931 hominibus
3527 867 3792 931 armatis
3825 869 3940 932 ivit
3973 869 4056 933 ad
4087 870 4295 956 ipsam

658 981 919 1047 domum
965 981 1271 1045 Fratrum
1316 980 1670 1061 Minorum,
1720 987 1786 1044 et
1832 978 2112 1042 minatus
2168 977 2290 1041 fuit
2336 976 2506 1062 quod
2555 977 2764 1062 ipsum
2813 975 3200 1038 interficeret
3246 980 3311 1037 et
3355 974 3664 1060 spoliaret
3709 976 3920 1062 ipsum
3965 977 4296 1042 dominum

661 1087 1106 1154 Guillielmum
1153 1088 1449 1151 omnibus
1496 1087 1627 1151 suis
1675 1085 1862 1150 bonis
1919 1106 2041 1171 que
2090 1084 2375 1148 habebat
2421 1084 2485 1147 in
2535 1083 2676 1169 ipsa
2722 1082 2984 1146 civitate
3026 1082 3185 1144 etin
3221 1081 3362 1167 ipsa
3394 1081 3603 1164 domo,
3639 1083 3761 1146 nisi
3793 1083 4062 1148 haberet
4095 1085 4294 1149 libras

661 1202 1101 1279 octoceutum,
1151 1195 1230 1259 de
1280 1194 1512 1281 quibus
1561 1216 1709 1258 eum
1754 1192 2377 1278 condempnaverat3
2426 1198 2491 1254 et
2548 1189 2719 1275 quod
2781 1189 3086 1274 imposuit
3140 1187 3396 1252 cuidam
3442 1211 3557 1253 suo
3602 1189 3735 1255 filio
3782 1192 4064 1256 naturali
4124 1193 4296 1278 quod

659 1303 783 1367 iret
827 1324 944 1390 pro
990 1302 1277 1366 maxima
1324 1301 1683 1387 quantitate
1730 1299 2062 1364 hominum
2109 1305 2504 1362 armatorum
2552 1296 2902 1361 occaxione
2951 1294 3318 1360 offendendi
3357 1295 3599 1360 dictum
3639 1297 3964 1362 domiuum
4001 1299 4296 1365 Guilliel-

659 1433 837 1476 mum
898 1417 963 1475 et
1022 1408 1297 1475 robaudi
1343 1417 1407 1473 et
1454 1407 1790 1472 auferendi
1837 1407 2051 1472 omnia
2101 1427 2225 1492 que
2271 1404 2586 1487 habebat,
2635 1411 2701 1468 et
2747 1403 2919 1489 quod
2966 1403 3162 1467 etiam
3209 1403 3416 1468 dictus
3463 1403 3758 1469 dominus
3804 1406 4115 1472 Albertus
4173 1409 4295 1474 Ca-

661 1518 1035 1583 zainimicus
1082 1538 1336 1603 semper
1382 1515 1668 1580 habebat
1721 1514 2018 1579 custodes
2081 1513 2165 1578 ad
2219 1514 2459 1577 dictam
2518 1512 2780 1577 domum
2842 1510 3148 1574 Fratrum
3207 1510 3533 1576 Minorum
3596 1519 3662 1576 et
3723 1514 3806 1577 ad
3863 1514 4122 1579 domum
4184 1518 4297 1582 ubi

664 1630 1090 1692 consueverat
1134 1623 1451 1707 habitare,
1487 1623 1570 1687 ad
1615 1623 1739 1687 hoc
1786 1643 1866 1686 ne
1914 1620 2157 1707 aliquid
2190 1627 2408 1707 posset
2439 1619 2757 1683 removeri
2791 1625 2855 1682 et
2886 1618 3252 1704 exportar13
3287 1625 3351 1683 et
3384 1619 3557 1705 quod
3587 1619 3815 1686 timore
3841 1625 4084 1706 mortiS,
4118 1632 4182 1689 et
4215 1647 4294 1691 ne

663 1732 1099 1798 offenderetur
1145 1737 1209 1795 et
1256 1729 1643 1816 spoliaretur
1690 1749 1806 1815 per
1852 1728 2063 1814 ipsum
2108 1726 2439 1790 dominum
2483 1724 2830 1789 Albertum
2875 1730 2940 1789 et
2987 1725 3131 1788 illos
3179 1724 3289 1811 qui
3334 1746 3553 1789 secum
3615 1734 3833 1810 erant,
3882 1728 4296 1797 Guardianus

660 1840 830 1904 dicte
878 1837 1106 1902 domus
1137 1843 1201 1901 ct
1234 1837 1436 1901 frater
1468 1835 1702 1919 Gnido,
1736 1836 1915 1922 prior
1951 1834 2313 1920 Hospitalis
2347 1832 2826 1897 cruciferorum
2855 1832 3209 1897 Mediolani
3240 1834 3650 1897 contulerunt
3681 1841 3747 1899 et
3777 1835 4093 1901 dederunt
4125 1838 4296 1905 dicto

663 1946 923 2011 domiuo
969 1945 1243 2009 Alberto
1291 1965 1531 2031 coppas
1580 1943 1837 2028 argenti
1883 1942 2082 2029 ipsius
2128 1941 2371 2006 domini
2418 1939 2796 2022 Guillielmi,
2830 1961 2955 2026 que
2987 1939 3295 2005 valebant
3325 1939 3487 2005 libre
3520 1947 3899 2026 trecentum,
3933 1951 3998 2008 et
4028 1944 4298 2011 brachia

660 2054 992 2138 octoginta
1048 2052 1403 2116 stamfortis
1463 2073 1579 2138 pro
1628 2050 1914 2115 vestibus
1974 2049 2250 2112 militum
2304 2069 2600 2130 suorum,
2650 2046 2941 2111 valentes
3003 2046 3201 2110 libras
3264 2048 3609 2133 sexaginta
3663 2049 4182 2137 bononenorum,
4230 2062 4298 2119 et

661 2160 1093 2248 copertorium
1139 2180 1340 2223 unum
1385 2158 1465 2223 de
1511 2157 1893 2244 v[er]megio
1940 2165 2005 2221 et
2057 2156 2317 2220 blaveto
2371 2155 2694 2237 listatum,
2744 2153 3070 2218 fodratum
3124 2154 3205 2219 de
3261 2156 3540 2239 zanetis,
3589 2158 3812 2222 valens
3861 2158 4060 2224 libras
4106 2182 4296 2225 sexa-

661 2269 883 2355 ginta,
933 2276 998 2333 et
1043 2268 1465 2332 matarasium
1524 2288 1723 2330 unum
1770 2266 1849 2330 de
1897 2265 2150 2348 samito,
2198 2265 2423 2329 valens
2485 2263 2684 2328 libras
2750 2264 3222 2350 quinquaginta
3288 2264 3575 2348 circiter,
3624 2265 3898 2330 cultram
3959 2289 4155 2332 unam
4216 2269 4295 2333 de

662 2377 935 2441 zendato
959 2375 1312 2461 vermegiO,
1338 2374 1579 2439 valoris
1610 2374 1920 2438 librarum
1955 2372 2297 2457 sexaginta
2329 2372 2602 2454 circiter,
2628 2372 3060 2458 copertorium
3092 2392 3289 2435 unum
3323 2371 3402 2435 de
3436 2372 3711 2437 scarleto
3744 2379 3808 2437 et
3839 2381 4084 2439 moreto
4119 2374 4296 2441 fode-

661 2491 875 2548 ratum
921 2482 1000 2548 de
1034 2483 1228 2565 varis,
1262 2482 1501 2546 valoris
1532 2481 1846 2546 librarum
1879 2479 2405 2564 centumtriginta
2438 2486 2602 2560 octo,
2636 2478 2763 2542 duo
2795 2478 2980 2564 paria
3011 2478 3318 2542 robarum
3348 2500 3464 2565 pro
3497 2478 3851 2544 domicellis
3890 2480 3970 2545 de
4016 2482 4294 2567 grixello

660 2599 726 2656 et
772 2591 851 2655 de
898 2589 1103 2655 viride
1150 2590 1563 2654 brachiorum
1607 2588 2147 2674 vigintiquinque,
2180 2586 2421 2651 valoris
2459 2585 2775 2650 librarum
2819 2585 3100 2650 sedecim·
3144 2592 3210 2650 et
3255 2585 3584 2651 soldorum
3625 2588 3927 2674 quinque,
3962 2589 4088 2652 duo
4121 2590 4295 2676 capi-

660 2699 821 2763 talia
868 2719 1068 2762 unum
1115 2697 1195 2761 do
1243 2697 1473 2761 samito
1520 2704 1585 2761 et
1630 2695 1807 2760 aliud
1855 2695 1934 2760 de
1982 2695 2200 2780 gaxia,
2236 2694 2475 2758 valoris
2522 2693 2835 2757 librarum
2883 2699 3026 2757 octo
3066 2693 3339 2777 circiter,
3373 2715 3570 2757 unam
3600 2715 3854 2758 sarzam
3884 2696 4153 2760 rubeam
4184 2718 4298 2762 va-

659 2806 815 2870 loris
862 2805 1175 2869 librarum
1232 2804 1571 2869 duodecim
1630 2803 1903 2885 circiter,
1953 2803 2113 2866 duas
2176 2802 2575 2886 bragoneras
2637 2800 3025 2887 completas,
3074 2807 3139 2864 et
3207 2823 3404 2865 unam
3467 2801 3711 2866 faldam
3772 2802 4187 2889 perlameris,
4237 2813 4301 2869 et

660 2934 860 2976 unum
908 2912 1148 2977 collare
1195 2911 1371 2994 ferri,
1420 2918 1485 2976 et
1532 2932 1728 2975 unam
1782 2917 2108 2991 testeram,
2158 2917 2222 2973 et
2284 2929 2480 2973 unam
2543 2929 2881 2995 croperam
2942 2908 3181 2973 valoris
3244 2909 3557 2973 librarum
3620 2911 3964 2996 sexaginta
4025 2911 4299 2977 circiter.

660 3019 828 3084 Item
888 3041 1087 3084 unam
1147 3020 1345 3083 aliam
1405 3018 1650 3083 faldam
1708 3017 2088 3104 perlameris
2136 3023 2201 3080 et
2251 3016 2411 3080 duas
2473 3016 2819 3102 gamberas
2866 3016 3106 3080 valoris
3153 3016 3466 3080 librarum
3513 3016 3853 3082 duodecim
3900 3019 4191 3102 circiter;
4239 3027 4305 3085 et

662 3127 834 3212 quod
879 3128 1087 3191 dictus
1132 3125 1428 3190 domiuus
1475 3125 1786 3190 Albertus
1835 3124 1987 3189 fecit
2033 3123 2303 3189 conduci
2350 3130 2415 3189 et
2460 3124 2707 3209 portari
2751 3123 2959 3187 dictas
3004 3144 3108 3187 res
3155 3131 3220 3186 et
3274 3131 3548 3208 argenta
3595 3123 3677 3187 ad
3725 3124 3985 3190 domum
4049 3126 4304 3191 habita·

660 3236 853 3299 tionis
900 3255 1049 3316 sue;
1098 3241 1163 3299 et
1210 3234 1378 3319 quod
1426 3233 1713 3320 predicte
1762 3254 1865 3297 res
1912 3233 2242 3318 redempte
2291 3231 2553 3296 fuerunt
2599 3252 2715 3318 per
2754 3230 2966 3318 ipsum
2999 3231 3330 3295 dominum
3363 3231 3828 3315 Guillielmum,
3862 3254 3973 3297 seu
4007 3255 4125 3319 per
4155 3256 4301 3321 pre-

661 3341 866 3405 dictos
913 3341 1370 3405 ambaxatores
1417 3341 1674 3405 nomine
1723 3340 1924 3428 ipsius
1972 3340 2213 3404 domini
2262 3339 2620 3404 Guillielmi
2663 3339 2846 3403 libris
2889 3344 3295 3402 octocentum
3325 3338 3833 3423 bononenorum,
3867 3347 3932 3404 et
3964 3341 4136 3426 quod
4167 3342 4306 3429 ipse

662 3448 958 3513 dominus
1005 3447 1415 3513 Guillielmus
1463 3447 1724 3511 easdem
1771 3455 1992 3511 mutuo
2040 3447 2290 3532 accepit
2337 3445 2457 3510 sub
2503 3445 2717 3509 usuris
2765 3445 2850 3509 ad
2897 3452 3267 3532 computum
3316 3445 3726 3511 denariorum
3759 3448 3954 3511 trium
3985 3470 4103 3534 pro
4136 3449 4304 3514 libra

661 3556 725 3620 in
761 3577 1015 3639 mense3
1049 3563 1113 3620 et
1161 3555 1332 3641 quod
1379 3555 1691 3620 derobate
1738 3562 1803 3619 et
1835 3562 2097 3641 accepte
2132 3555 2394 3619 fuerunt
2424 3554 2595 3618 dicto
2629 3554 2888 3618 domino
2924 3553 3317 3637 Guillielmo,
3352 3575 3466 3619 seu
3498 3554 3742 3619 familie
3775 3577 3911 3639 sue,
3943 3558 4010 3621 in
4043 3557 4305 3622 civitate

660 3662 763 3726 vel
805 3662 1096 3726 districtu
1130 3661 1424 3726 Bononie
1473 3661 1597 3726 due
1630 3683 1908 3748 pancere
1945 3662 2143 3748 ipsius
2178 3661 2421 3725 domiui
2454 3660 2832 3744 Guillielmi,
2865 3660 3104 3725 valoris
3137 3661 3450 3725 librarum
3482 3661 3701 3726 decem
3738 3662 4012 3746 circiter,
4045 3670 4111 3728 et
4143 3664 4304 3728 sella

662 3790 793 3833 una
842 3769 921 3833 de
969 3768 1333 3856 pallafreno
1379 3768 1619 3833 valoris
1667 3768 1980 3833 librarum
2029 3776 2306 3856 quatuor
2352 3769 2626 3851 circiter,
2659 3775 2725 3832 et
2764 3768 2937 3854 quod
2985 3767 3292 3833 derobate
3340 3776 3405 3833 et
3450 3769 3667 3833 ablate
3713 3769 3976 3834 fuerunt
4023 3771 4147 3857 ipsi
4191 3771 4304 3836 do-

660 3878 833 3944 mino
885 3877 1278 3960 Guillielmo,
1313 3876 1449 3941 sive
1496 3876 1754 3942 domino
1799 3876 2086 3942 Bariano
2134 3876 2213 3941 de
2261 3876 2582 3959 Pusterla,
2618 3875 2792 3942 socio
2833 3883 2908 3969 et·
2938 3876 3178 3942 vicario
3228 3898 3344 3942 suo
3391 3877 3458 3941 in
3505 3876 3765 3942 civitate
3812 3878 4067 3963 Ymole,
4101 3878 4301 3944 infra-

659 3985 828 4050 dicte
876 4007 979 4050 res
1026 3984 1226 4071 ipsius
1275 3984 1518 4049 domiui
1567 3984 1923 4049 Guillielmi
1966 3985 2031 4048 iu
2064 3984 2357 4049 districtu
2391 3984 2672 4049 civitatis
2704 3983 2939 4048 Ymole
2972 4005 3172 4070 prope
3208 3984 3430 4049 villam
3461 3984 3541 4049 de
3572 3984 3833 4050 Muzeta
3865 4008 3981 4073 per
4011 3986 4304 4052 homines

659 4092 939 4158 civitatis
970 4092 1205 4156 Ymole
1254 4098 1318 4156 et
1364 4092 1658 4157 Bononie
1707 4099 1771 4156 et
1811 4114 2032 4156 earum
2065 4091 2413 4174 districtus,
2447 4091 2704 4176 quando
2738 4091 2876 4179 ipse
2909 4091 3187 4156 vicarius
3220 4098 3285 4156 et
3316 4092 3612 4157 dominus
3639 4093 3864 4159 Guido
3895 4094 3976 4158 de
4007 4094 4303 4179 P[al]azo

664 4201 806 4285 ejus
853 4200 1036 4264 miles
1098 4198 1447 4264 veniebant
1494 4199 1573 4264 de
1622 4199 1883 4265 civitate
1929 4199 2164 4264 Ymole
2211 4200 2295 4264 ad
2341 4199 2621 4285 propria.
2668 4198 2804 4263 Res
2852 4207 3069 4263 autem
3116 4206 3267 4263 sunt
3328 4200 3499 4285 ipse,
3550 4200 3850 4265 videlicet
3903 4202 4306 4288 pallafrenus

664 4329 830 4371 unus
881 4290 1222 4371 ferrandus
1269 4329 1414 4371 cum
1460 4307 1622 4371 sella
1669 4306 1897 4371 dorata
1945 4315 2010 4371 et
2057 4307 2239 4371 freno
2286 4306 2525 4371 valoris
2572 4307 2886 4371 librarum
2934 4306 3347 4393 septuaginta
3409 4307 3680 4390 circiter,
3730 4316 3949 4372 scutus
4012 4331 4179 4373 unus
4241 4316 4306 4374 et

662 4414 951 4500 capellus
999 4435 1165 4478 unus
1213 4413 1367 4478 ferri
1414 4414 1700 4497 doratus,
1737 4415 1975 4479 valoris
2023 4414 2338 4478 librarum
2385 4420 2681 4499 quatuor,
2716 4413 3072 4478 mallonum
3117 4436 3318 4479 unum
3362 4421 3426 4480 et
3474 4414 3778 4501 tapedum
3825 4422 3890 4480 et
3937 4415 4196 4480 bastum
4241 4423 4307 4481 et

660 4521 847 4586 bulze
881 4521 1007 4586 due
1040 4521 1280 4586 valoris
1312 4521 1625 4586 librarum
1659 4522 1978 4604 undecim,
2007 4522 2183 4585 mula
2213 4542 2345 4586 una
2377 4522 2456 4586 de
2489 4523 2787 4604 somerio,
2811 4522 3050 4586 valoris
3083 4523 3393 4586 librarum
3426 4522 3916 4608 quinquaginta.
3943 4523 4109 4587 Item
4140 4524 4304 4589 libre

664 4636 922 4693 centum
971 4629 1443 4715 quinquaginta
1489 4630 1975 4693 bononenorum
2023 4628 2088 4692 in
2131 4628 2406 4715 pecunia
2438 4634 2800 4693 numerata.
2834 4628 3000 4693 Item
3033 4629 3229 4693 toalie
3264 4629 3546 4715 quinque
3577 4637 3642 4694 et
3671 4629 3970 4694 mantiles
4003 4632 4306 4716 quinque,

663 4742 729 4800 et
774 4735 967 4799 malle
1001 4735 1147 4819 due,
1179 4736 1422 4800 valoris
1470 4736 1783 4800 librarum
1831 4736 2134 4819 sedecim,
2167 4736 2529 4821 bragonere
2578 4736 2703 4800 due
2751 4736 3091 4823 complete,
3125 4736 3365 4801 valoris
3410 4737 3724 4801 librarum
3768 4737 3993 4802 decem
4030 4739 4304 4823 circiter,

661 4843 947 4907 bandere
994 4843 1140 4926 due,
1189 4843 1428 4907 valoris
1487 4843 1801 4908 librarum
1850 4845 2072 4909 decem
2121 4844 2395 4927 circiter,
2444 4851 2857 4931 supravestes
2920 4843 3043 4908 due
3106 4865 3224 4931 pro
3287 4844 3671 4927 domicellis,
3719 4845 3798 4910 de
3847 4846 4043 4910 armis
4105 4847 4306 4933 ipsius

663 4949 908 5015 domiui
956 4950 1331 5033 Guillielmi,
1379 4951 1619 5015 valoris
1665 4951 1980 5015 librarum
2027 4952 2309 5038 quinque
2358 4951 2631 5016 circiter.
2675 4951 2763 5016 Et
2811 4951 3106 5015 similiter
3152 4960 3304 5016 tunc
3352 4958 3613 5039 accepte
3661 4959 3726 5017 et
3774 4952 3998 5018 robate
4045 4953 4309 5019 fuerunt

663 5057 835 5122 dicto
884 5057 1143 5122 domino
1193 5055 1477 5121 Guidoni
1523 5057 1602 5122 de
1642 5057 1942 5141 P[erJazo
1989 5060 2070 5123 he
2119 5080 2242 5142 res,
2278 5058 2579 5123 videlicet
2626 5057 2829 5145 ipsius
2875 5058 3119 5123 domini
3159 5057 3536 5141 Guillielmi,
3569 5058 3870 5124 videlicet
3909 5060 4307 5145 pallafrenus

661 5186 829 5229 unus
877 5165 1064 5229 albus
1112 5185 1258 5229 cum
1304 5165 1467 5228 sella
1512 5172 1577 5230 et
1616 5165 1822 5248 freno,
1857 5166 2095 5230 valoris
2128 5166 2442 5231 librarum
2474 5166 2948 5252 quinquaginta
2980 5166 3254 5248 circiter,
3287 5186 3492 5252 equus
3522 5187 3689 5230 unus
3721 5188 3908 5231 sorus
3941 5167 4308 5254 maltengus

662 5270 742 5335 de
790 5270 1087 5354 someri0,
1121 5271 1360 5335 valoris
1399 5271 1715 5335 librarum
1760 5272 2192 5357 quadraginta
2240 5273 2513 5355 circiter,
2548 5272 2805 5336 bastum
2852 5294 3052 5336 unum
3099 5272 3338 5337 valoris
3381 5272 3690 5337 librarum
3723 5280 4000 5359 quatuor
4031 5274 4306 5357 circiter,

665 5399 1005 5442 marouum
1049 5400 1250 5442 unum
1296 5386 1361 5443 et
1406 5379 1680 5465 tapedus
1726 5400 1892 5444 unus
1939 5380 2181 5444 valoris
2227 5379 2543 5444 librarum
2588 5402 2725 5462 sex,
2760 5380 3104 5467 capironus
3152 5401 3317 5444 unus
3349 5380 3525 5464 ferri,
3558 5380 3800 5445 valoris
3831 5381 4144 5445 librarum
4178 5388 4308 5446 tres

666 5485 942 5569 circiter,
976 5486 1203 5571 guanti
1235 5486 1363 5551 duo
1396 5485 1573 5569 ferri,
1606 5487 1847 5551 valoris
1886 5487 2213 5551 soldorum
2247 5488 2680 5573 quadraginta
2712 5487 2987 5570 circiter,
3021 5487 3309 5574 capellus
3339 5508 3507 5551 unus
3547 5487 3705 5552 ferri
3750 5487 4034 5572 dotatus,
4068 5489 4308 5554 valoris

664 5593 996 5658 soldorum
1045 5594 1479 5680 quadraginta
1526 5595 1799 5677 circiter,
1833 5602 2052 5660 scutus
2084 5616 2251 5659 unus
2282 5595 2569 5679 doratus,
2601 5595 2845 5659 valoris
2885 5596 3197 5659 librarum
3234 5602 3512 5682 quatuor
3542 5595 3829 5679 circiter3
3862 5604 3928 5661 et
3960 5597 4132 5681 quod
4163 5618 4308 5682 pre-

666 5698 822 5764 dicti
870 5701 1021 5786 equi
1065 5708 1131 5765 et
1177 5721 1280 5765 res
1328 5701 1562 5765 amisse
1611 5701 1918 5766 valebant
1963 5701 2316 5766 secundum
2364 5702 2537 5788 quod
2583 5702 2879 5788 superius
2927 5701 3325 5786 continetur3
3373 5710 3439 5766 et
3486 5701 3769 5788 quotide
3802 5702 3995 5767 feudo
4029 5725 4145 5768 suo
4177 5724 4309 5768 non

665 5807 893 5872 habuit
940 5830 979 5872 a
1029 5808 1303 5873 Comuni
1332 5808 1626 5874 Bononie
1659 5810 1830 5873 ultra
1862 5809 2062 5873 libras
2094 5810 2270 5874 mille
2305 5810 2778 5897 quinquaginta
2824 5810 3311 5875 bononenorum
3353 5818 3418 5875 et
3464 5833 3504 5874 a
3552 5810 3824 5875 Comuni
3862 5810 4095 5876 Ymole
4136 5811 4310 5875 ultra

662 5915 865 5980 libras
898 5922 1256 5981 tercentum
1303 5917 1571 6003 triginta
1618 5923 1750 5981 tres
1797 5924 1863 5982 et
1908 5917 2122 5982 soldos
2171 5939 2287 5982 sex
2329 5926 2394 5982 et
2442 5918 2741 5983 denarios
2776 5925 2954 6001 octo3
2989 5924 3053 5981 et
3085 5916 3256 6003 quod
3303 5917 3680 6003 expendidit
3725 5939 3928 6003 usque
3978 5918 4059 5982 ad
4109 5918 4307 5983 libras

663 6022 1031 6108 vigintitres
1064 6023 1337 6105 circiter,
1371 6032 1436 6088 et
1469 6023 1639 6109 quod
1671 6024 1848 6089 nolet
1878 6025 2200 6110 predictas
2234 6024 2505 6109 injurias
2538 6046 2802 6111 passum
2833 6025 3031 6089 fuisse
3065 6046 3179 6110 pro
3213 6025 3517 6112 predictis
3550 6025 3732 6089 libris
3763 6025 3985 6090 decem
4025 6025 4307 6090 milibus.

666 6129 809 6204 Quo
858 6137 1263 6195 sacramento
1310 6132 1600 6217 prestito,
1634 6131 1856 6196 dicunt
1903 6138 1967 6196 et
1999 6131 2343 6196 consulunt
2375 6132 2547 6217 quod
2578 6153 2694 6219 per
2724 6131 3127 6196 Potestatem
3159 6139 3222 6196 et
3255 6132 3542 6197 Comune
3575 6140 3639 6196 et
3674 6132 4030 6197 Consilium
4061 6132 4308 6197 Medio-

664 6235 798 6300 lani
846 6238 1333 6302 concedatur(¹)
1367 6238 1577 6303 eidem
1638 6238 1896 6303 domino
1954 6238 2301 6304 Guilielmo
2350 6237 2573 6325 [quod]
2619 6239 3008 6325 ubicumque
3054 6238 3133 6303 de
3181 6239 3473 6325 personis
3521 6245 3585 6303 et
3631 6239 3824 6304 rebus
3871 6239 4308 6326 predictarum

820 6486 899 6550 (l)
939 6483 1081 6536 Sarti
1134 6485 1269 6554 legit
1325 6501 1355 6533 α
1395 6486 1725 6537 concorditer
1764 6503 1824 6551 »,
1864 6486 2069 6538 Savioli
2121 6487 2432 6539 emendavit
2489 6503 2519 6535 α(
2559 6492 2928 6538 concesserunt
2968 6492 3024 6538 ut
3063 6503 3124 6551 »3
3164 6486 3259 6539 sed
3308 6487 3539 6539 sintaxis
3585 6487 3875 6553 orationis,
3914 6503 4024 6556 qua
4060 6489 4314 6556 petitioni

668 6576 1021 6627 annuendum
1061 6591 1179 6627 esse
1218 6575 1538 6641 consulitur,
1577 6575 1797 6627 modum
1836 6576 2062 6645 requirit
2102 6576 2525 6628 coniunctivum.

5495 6762 5502 6773 ο
5493 6716 5502 6739 Α·
5493 6670 5502 6685 ι
5491 5542 5504 6645 ψᾼμᾼᾼ--Π-ῃ-ψ--ῌ-ιᾈ-ᾃ
5501 5400 5504 5517 ᾼ-ᾼᾼ
5495 5060 5505 5377 ᾼ-ῴιιῌμ-ο-μᾼᾹ
5499 4986 5505 5035 2⁴⁴-
