5542 7775
24 435 35 470 -
12 307 35 378 a*
12 145 39 242 ³3·Z

1220 611 1370 683 336
2721 636 2950 685 vrrAE:
3006 637 3366 686 nmmum

1216 788 1403 861 inter
1455 789 1774 862 Venetos
1831 798 1902 862 et
1958 799 2262 863 nostros.
2328 791 2570 887 Atque
2646 790 2759 863 hic
2834 791 3114 887 quidem
3191 791 3680 886 Mac-agnanus
3756 793 4087 891 princeps
4142 792 4276 865 fuit
4332 792 4705 888 legationis
4762 794 4850 866 ad

1213 910 1403 1009 ipsos
1458 913 1777 986 Venetos
1834 937 1963 1010 pro
2021 913 2330 986 ineunda
2386 913 2785 1008 concordia,
2828 914 3420 1010 quemadmodum
3474 925 3753 989 constat
3810 941 3901 989 ex
3963 915 4179 989 Libro
4236 916 4850 1012 Reformationum

1213 1036 1287 1109 in
1340 1037 1632 1111 archivo
1690 1037 1972 1135 publico
2031 1039 2122 1111 ad
2177 1038 2365 1111 hunc
2423 1063 2684 1112 annum
2745 1040 2877 1112 sub
2935 1039 3046 1112 die
3109 1039 3242 1138 ΙΙΙ.
3304 1041 3633 1114 octobris.
3697 1042 3813 1114 Ad
3873 1042 4195 1115 eumdem
4257 1042 4610 1139 pertinere
4677 1052 4848 1139 puto

1214 1162 1400 1259 quod
1457 1163 1528 1235 in
1585 1163 1833 1236 eodem
1894 1163 2113 1236 Libro
2172 1162 2786 1259 Reformationum
2846 1164 2996 1262 ipso
3052 1189 3237 1238 anno
3297 1167 3426 1239 sub
3505 1166 3616 1239 die
3694 1166 4085 1264 penultima
4164 1166 4313 1240 iulii
4381 1167 4688 1241 habetur
4760 1167 4848 1240 de

1209 1286 1721 1361 Universitatis
1776 1288 2279 1361 reformatione
2343 1314 2385 1361 a
2442 1293 2746 1386 quatuor
2791 1288 3027 1384 legum
3086 1290 3332 1387 peritis
3388 1315 3478 1362 ex
3518 1291 3821 1364 Senatus
3873 1291 4234 1365 voluntate
4274 1292 4623 1388 facienda,
4668 1292 4852 1365 inter

1212 1437 1386 1508 quos
1445 1413 1671 1510 primo
1727 1413 2136 1486 nominatur
2190 1412 2346 1486 loco
2406 1415 2892 1509 Macagnanus
2954 1414 3040 1487 de
3099 1415 3552 1510 Azzoguidis.

1425 1537 1564 1611 ΠΙ.
1622 1538 1762 1610 Hic
1815 1537 2033 1633 igitur
2088 1537 2270 1611 alter
2326 1538 2664 1612 illustrior
2719 1539 2877 1636 fuit,
2920 1547 2991 1612 et
3049 1539 3235 1612 idem
3293 1539 3407 1613 ille
3456 1550 3586 1636 est,
3630 1541 3715 1614 de
3755 1566 3893 1638 quo
3935 1542 4217 1639 scripsit
4269 1541 4845 1639 Diplovataccius

1208 1661 1591 1736 honorifice
1631 1661 2132 1736 admodumss).
2167 1663 2305 1736 Sed
2343 1664 2414 1736 in
2456 1664 2697 1762 primis
2737 1673 2889 1737 tum
2927 1664 3506 1763 Diplovataccius
3544 1666 3718 1763 ipse,
3763 1675 3913 1738 tum
3957 1665 4075 1738 alii
4115 1666 4236 1763 qui
4274 1666 4359 1739 de
4397 1666 4844 1761 Mac-agnano

1210 1794 1460 1883 postea
1516 1786 1977 1883 scripserunt,
2021 1788 2092 1858 in
2150 1811 2233 1860 eo
2293 1786 2405 1859 vel
2460 1788 2766 1860 maxime
2826 1797 3068 1861 errant
3125 1790 3313 1886 quod
3350 1790 3874 1885 Macagnanum
3915 1791 3986 1862 in
4029 1791 4181 1888 ipso
4223 1787 4609 1863 iuventutis
4645 1790 4844 1886 flore,

1211 1909 1478 1984 scilicet
1535 1935 1758 1983 annos
1816 1919 2063 1984 natum
2120 1911 2409 2006 XXV„
2452 1912 2706 1984 obiisse
2766 1921 3133 2008 statuunt;
3194 1939 3350 1987 cum
3413 1939 3742 2011 namque,
3788 1924 3865 1987 ut
3921 1940 4138 2013 supra
4191 1915 4455 1987 dictum
4510 1923 4640 2010 est,
4681 1914 4845 1987 huic

1208 2035 1657 2130 Macagnano
1713 2060 1914 2108 suam
1971 2035 2061 2108 ad
2120 2036 2609 2132 exequendam
2670 2036 3108 2110 voluntatem
3151 2048 3577 2112 testamento
3618 2040 4043 2113 commiserit
4085 2040 4573 2136 Macagnanus
4612 2039 4845 2112 senior

1209 2162 1300 2234 ad
1357 2187 1618 2235 annum
1676 2161 2272 2258 MCCCXVIII.‚
2323 2164 2808 2258 grandaevum
2869 2163 3095 2261 ipsum
3155 2165 3370 2236 fuisse
3429 2175 3732 2263 oportet,
3776 2191 3934 2238 cum
3994 2166 4084 2238 ad
4140 2165 4209 2238 id
4269 2165 4603 2259 muneris,
4658 2164 4842 2261 quod

1209 2286 1382 2359 satis
1433 2312 1654 2382 grave
1712 2296 1820 2360 est
1866 2296 1937 2360 et
1995 2298 2411 2386 provectum
2466 2288 2823 2361 hominem
2879 2289 3223 2386 exposcit,
3267 2288 3532 2362 electus
3571 2290 3728 2364 fuit.
3774 2290 4125 2379 Quoniam
4166 2314 4334 2363 vero
4373 2290 4524 2362 eius
4579 2289 4842 2362 mentio

1208 2413 1516 2485 occurrit
1570 2413 1645 2485 in
1701 2413 2176 2486 monumentis
2232 2413 2514 2509 nostris,
2558 2413 2809 2486 saltem
2871 2438 3090 2510 usque
3148 2415 3238 2487 ad
3295 2440 3557 2487 annum
3613 2414 4254 2511 MCCCXL11.(2),
4295 2416 4642 2488 subducto
4699 2413 4842 2487 cal-

1208 2536 1366 2609 culo
1422 2547 1724 2635 apparet
1779 2563 1949 2610 sane
2005 2538 2404 2633 grandioris
2461 2537 2682 2612 multo
2740 2539 2999 2611 aetatis
3055 2539 3271 2612 fuisse
3329 2539 3879 2635 Macagnanum,
3922 2565 4079 2612 cum
4142 2564 4179 2612 e
4237 2540 4384 2612 vita
4441 2540 4766 2613 excessit.

1419 2661 1731 2735 Publicis
1789 2662 2293 2759 dignitatisque
2350 2662 2600 2759 plenus
2658 2663 3068 2735 muneribus
3124 2664 3411 2736 functus
3467 2674 3573 2736 est
3632 2664 3815 2737 alter
3879 2666 4093 2738 etiam
4164 2664 4280 2737 hic
4355 2665 4842 2759 Macagnanus

1207 2810 1336 2884 per
1389 2795 1790 2884 temporum
1840 2786 2220 2860 intervalla
2258 2796 2327 2860 et
2369 2812 2493 2885 pro
2546 2787 2760 2860 variis
2801 2787 3110 2860 civitatis
3149 2798 3432 2861 nostrae
3472 2789 4146 2887 opportunitatibuS,
4195 2789 4392 2886 quod'
4420 2798 4840 2885 argumento

1205 2922 1314 2985 est
1372 2937 1511 2984 non
1569 2911 1799 2985 levem
1856 2912 2070 2984 fuisse
2130 2913 2216 2985 de
2276 2912 2426 2984 eius
2484 2912 2807 2985 doctrina
2866 2921 2935 2984 et
2993 2913 3274 3008 ingenio
3331 2913 3771 3010 opinionem3
3824 2924 3895 2987 et
3953 2915 4273 3012 profecto
4331 2914 4389 2986 si
4445 2939 4693 2987 verum
4749 2914 4840 2987 sit

1206 3036 1733 3132 Macagnanum
1788 3037 1857 3108 in
1915 3037 2068 3134 ipso
2127 3037 2512 3110 iuventutis
2568 3037 2741 3109 flore
2805 3062 2842 3110 e
2902 3038 3050 3111 vita
3106 3038 3515 3134 excessisse,
3577 3040 3764 3135 quod
3821 3039 3868 3110 ii
3925 3048 4249 3112 statuunt
4307 3049 4656 3134 auctores,
4719 3039 4840 3112 vix

1203 3187 1456 3259 nempe
1514 3171 1673 3260 post
1728 3187 1842 3236 an.
1904 3162 2154 3242 XXV.
2194 3163 2346 3234 fieri
2404 3187 2558 3235 meo
2613 3162 2872 3235 iudicio
2934 3188 3072 3235 uon
3131 3163 3413 3260 poterit,
3457 3175 3536 3237 ut
3582 3163 3962 3261 plurimum
4022 3165 4359 3262 temporis
4416 3164 4839 3262 impenderit

1204 3286 1317 3360 vel
1375 3287 1690 3361 docendo
1731 3286 1843 3361 vel
1882 3288 2278 3384 scribend0,
2322 3288 2738 3384 praesertim
2781 3313 2942 3360 cum
2983 3287 3318 3361 ecclesiae
3368 3313 3537 3362 suae
3594 3290 4003 3362 muneribus
4059 3288 4399 3362 obeundis
4447 3290 4536 3362 ad
4577 3290 4835 3363 dictam

1202 3412 1573 3486 ecclesiam
1629 3413 1847 3486 fuisse
1895 3413 2315 3510 oportuerit,
2359 3438 2585 3509 neque
2625 3412 2890 3485 diutius
2929 3412 3291 3486 Bononiae
3331 3414 3729 3486 substitisse
3772 3415 4162 3511 putandum
4202 3415 4316 3487 sit.
4360 3413 4612 3511 Itaque
4653 3415 4840 3511 quod

1201 3538 1303 3612 ait
1360 3537 1960 3636 Diplovataccius,
2003 3562 2161 3610 eum
2219 3537 2549 3610 nimirum
2609 3537 2847 3634 plures
2906 3537 3420 3635 disputationes
3477 3540 3867 3635 scripsisse,
3911 3537 4187 3636 aliaque
4247 3540 4320 3611 in
4378 3539 4613 3612 varias
4667 3539 4838 3612 iuris

1202 3672 1443 3760 partes
1500 3663 1802 3736 edidisse
1859 3687 2001 3735 non
2057 3663 2341 3735 omnino
2399 3662 2841 3735 crediderim.
2905 3662 3376 3736 Verisimilius
3448 3688 3753 3760 namque
3826 3688 3979 3736 esse
4045 3663 4355 3736 arbitror
4409 3663 4837 3759 Macagnani

1201 3788 1496 3862 senioris
1553 3813 1639 3861 ea
1695 3787 1932 3861 omnia
1986 3787 2219 3860 foetus
2276 3787 2533 3883 fuisse;
2593 3797 2663 3860 et
2725 3787 3060 3883 quoniam
3115 3812 3343 3884 neque
3417 3788 4033 3887 Diplovataccius,
4092 3813 4320 3884 neque
4378 3788 4830 3884 Pancirolus,

1197 3940 1426 4012 neque
1482 3913 2076 3988 Mazzucchellius
2131 3915 2333 3988 binos
2390 3914 2606 3988 fuisse
2668 3914 2918 3987 eodem
2979 3922 3293 4011 tempore
3350 3914 3834 4010 Macagnanos
3880 3915 4065 4012 juris
4121 3914 4345 3988 civilis
4403 3916 4838 4013 professores

1200 4040 1590 4138 subspicati
1644 4048 1833 4136 sunt,
1875 4039 2082 4112 facile
2140 4064 2309 4112 sane
2366 4064 2605 4113 errare
2670 4047 3051 4135 potuerunt
3109 4048 3181 4111 et
3231 4040 3351 4112 uni
3400 4040 3766 4137 eidemque
3812 4040 4122 4113 tribuere
4166 4064 4250 4112 ea
4289 4065 4468 4136 quae
4508 4040 4581 4112 in
4617 4064 4838 4113 unum

1196 4175 1268 4239 et
1324 4164 1628 4238 alterum
1687 4173 1891 4238 erant
1947 4164 2450 4261 dispertienda.
2510 4165 3041 4259 Macagnanum
3104 4173 3337 4236 tamen
3394 4164 3580 4237 hunc
3638 4165 3982 4238 iuniorem
4047 4190 4349 4260 magnae
4409 4164 4840 4238 celebritatis

1195 4290 1412 4363 fuisse
1470 4315 1631 4362 cum
1688 4314 1779 4363 ex
1835 4288 2141 4362 laudatis
2198 4289 2701 4386 scriptoribus,
2765 4296 2915 4360 tum
2980 4288 3287 4361 maxime
3358 4298 3682 4362 constare
3740 4298 3975 4387 potest
4033 4315 4124 4362 ex
4180 4289 4416 4362 citatis
4471 4288 4836 4362 Pontificis

1195 4414 1441 4511 literis,
1484 4414 1557 4486 in
1614 4415 1868 4511 quibus
1927 4414 2012 4486 de
2068 4414 2218 4486 eius
2274 4414 2597 4486 doctrina
2651 4412 2924 4487 illustre
2989 4413 3332 4486 habemus
3387 4414 3891 4489 testimonium.
3939 4414 4024 4486 In
4071 4414 4321 4486 iisdem
4361 4413 4618 4485 dicitur
4655 4412 4838 4486 filius

1195 4539 1638 4635 Bliobarixii,
1681 4539 1801 4636 qui
1858 4539 1967 4611 vir
2019 4537 2273 4612 nobilis
2326 4538 2567 4611 itidem
2625 4537 3049 4636 appellatur.
3113 4537 3187 4611 Si
3242 4538 3666 4634 conjecturis
3705 4537 3899 4611 locus
3937 4539 4052 4634 sit,
4096 4538 4282 4611 hunc
4321 4536 4838 4610 Bliobarixium

1194 4689 1357 4738 eum
1411 4689 1564 4739 esse
1621 4664 2051 4762 putabimuS,
2094 4688 2327 4761 quem,
2371 4672 2449 4736 ut
2488 4664 3039 4761 supradiximus,
3083 4664 3571 4758 Macagnanus
3634 4663 3706 4734 in
3760 4663 3906 4735 suis
3964 4662 4223 4737 tabulis
4280 4662 4836 4735 testamentariis

1192 4816 1379 4864 anno
1435 4789 1918 4863 MCCGXIX.
1980 4789 2049 4861 in
2108 4789 2668 4862 commissarium
2727 4813 2872 4861 una
2930 4814 3090 4862 cum
3163 4789 3653 4884 MacagnanO,
3715 4812 3890 4885 quos
3946 4797 4240 4886 nepotes
4301 4795 4546 4882 vocat,
4606 4785 4826 4883 eligit.

1191 4914 1448 4989 Omnia
1503 4916 1603 4989 sic
1659 4914 1864 4987 facile
1922 4914 2257 4987 coherere
2323 4921 2689 5011 poterunt,
2751 4914 2809 4985 si
2866 4938 3119 5011 nempe
3178 4923 3575 4987 statuamus
3631 4913 4155 5008 Macagnanum
4213 4913 4560 4985 seniorem
4619 4912 4836 4985 fuisse

1190 5040 1489 5113 fratrem
1562 5039 1982 5112 Bliobarixii
2048 5039 2273 5136 patris
2337 5038 2545 5111 huius
2600 5037 3035 5133 Macagnani
3089 5038 3410 5134 iunioris,
3471 5038 3592 5135 qui
3659 5048 4154 5135 praemortuus
4224 5038 4315 5110 sit
4384 5037 4831 5131 Macagnano

1198 5166 1481 5239 seniori.

1409 5291 1599 5363 Huic
1656 5299 1896 5363 tamen
1952 5289 2262 5387 opinioni
2319 5288 2600 5362 officere
2659 5289 2942 5361 videtur
2990 5289 3083 5384 id,
3127 5289 3315 5384 quod
3371 5289 3461 5361 ad
3519 5313 3784 5361 annum
3838 5287 4479 5361 MCCCXXXIX.
4527 5312 4613 5360 ex
4656 5287 4837 5360 actis

1189 5416 1448 5489 nostris
1506 5415 1804 5514 publicis
1861 5414 2206 5487 habemus
2281 5440 2323 5486 a
2394 5413 2783 5486 Thaddaeo
2856 5438 3109 5510 nempe
3185 5413 3456 5511 Pepulo
3529 5437 3814 5486 causam
3883 5413 4259 5509 quamdam
4336 5411 4835 5509 appellationis

1191 5541 1639 5615 commissam
1694 5540 1909 5613 fuisse
1967 5539 2439 5635 Macagnano,
2484 5539 2602 5635 qui
2653 5538 2911 5612 ibidem
2973 5539 3231 5611 dicitur
3284 5539 3468 5611 filius
3524 5537 3964 5611 Bliobarixii.
4008 5537 4081 5610 Si
4138 5545 4376 5611 autem
4434 5561 4684 5610 verum
4743 5535 4836 5610 sit

1190 5666 1720 5762 Macagnanum
1778 5665 2122 5737 iuniorem
2180 5688 2366 5737 anno
2442 5664 2698 5737 aetatis
2773 5664 3024 5735 XXV.
3092 5664 3384 5759 obiisse,
3445 5663 3615 5736 illud
3686 5687 3855 5735 sane
3931 5662 4234 5735 efficitur
4306 5662 4832 5756 Macagnanum

1189 5791 1379 5865 hunc
1437 5790 1551 5863 cui
1606 5789 2036 5862 Thaddaeus
2093 5810 2379 5861 causam
2438 5788 2981 5869 examinandam
3025 5789 3395 5884 seniorem,
3438 5789 3784 5871 subducto
3824 5788 4009 5859 enim
4050 5785 4345 5881 calculo,
4388 5794 4828 5884 compertum

1351 6092 1428 6154 (l)
1470 6089 1557 6141 Sic
1595 6090 1711 6140 eius
1744 6090 1853 6139 vita
1888 6089 2202 6139 exorditur:
2236 6105 2263 6135 «t
2294 6088 2666 6156 Mac-‚agnanus
2705 6087 2770 6138 de
2815 6088 2950 6138 Ara·
3223 6090 3300 6153 (2)
3343 6087 3404 6137 In
3439 6086 3607 6138 Libro
3641 6087 3940 6138 Pron-Ision.
3966 6086 4067 6137 sub
4106 6086 4192 6137 die
4221 6084 4457 6136 XXVII.
4485 6086 4722 6136 octobris
4760 6084 4833 6136 ad

1188 6181 1410 6250 gundis,
1449 6182 1586 6232 alias
1625 6180 1691 6232 de
1731 6178 2077 6247 Azzoguidis,
2116 6179 2295 6246 patria
2333 6177 2707 6242 bononiensis,
2747 6177 2957 6244 optima
3065 6177 3210 6228 huno
3251 6193 3454 6227 annum
3495 6176 3845 6227 nominantur
3883 6175 4087 6227 Paulus
4139 6175 4204 6226 de
4257 6174 4544 6238 Liazariis,
4583 6174 4830 6226 Joannes

1188 6271 1402 6323 familia
1439 6276 1618 6337 natus,
1656 6270 1791 6339 legit
1828 6269 2047 6338 quidem
2087 6268 2479 6320 scientissimus
2517 6267 2620 6319 hoc
2661 6267 2778 6335 ipso
2819 6271 2955 6318 tem-
3065 6265 3412 6330 Calderinus,
3451 6265 3824 6333 Macagnanus
3872 6265 3938 6316 de
3978 6264 4303 6333 Azzoguidis
4343 6269 4398 6316 et
4445 6263 4714 6316 Ricardus
4760 6263 4831 6316 de

1188 6378 1320 6431 pore
1362 6360 1571 6412 Bartoli
1609 6364 1663 6412 et
1700 6377 1831 6412 suae
1872 6359 2170 6411 iuventutis
2208 6357 2390 6408 floruit
2426 6375 2475 6408 1».
2520 6357 2645 6407 Cod.
2684 6355 2952 6422 Diplovat.
3063 6353 3319 6405 Saliceto.

1188 6452 1249 6503 in
1289 6450 1529 6502 Institut.
1569 6449 1855 6501 Scientiar.
1895 6448 2082 6500 bonon.
2121 6464 2246 6516 pag.
2288 6449 2390 6498 214
2430 6463 2507 6511 v.,
2547 6463 2598 6497 n.
2645 6449 2760 6497 156.
