5542 7775
1234 619 1332 690 64
2800 637 3281 688 MONUMENTA

1225 802 1561 867 civitatum
1590 798 1884 865 Bononie
1931 805 1996 863 et
2032 796 2266 862 Ymole
2317 803 2382 861 et
2413 794 2819 860 districtuum
2851 817 3095 879 earum,
3129 803 3194 861 et
3226 796 3490 861 cuilibet
3521 817 3746 861 earum
3776 796 4013 883 poterit
4046 796 4363 879 invenire,
4398 796 4600 882 possit
4631 817 4862 883 capere

1224 917 1289 974 et
1334 908 1622 974 detinere
1669 931 1788 974 sua
1834 907 2239 988 auctoritate,
2272 913 2337 970 et
2383 925 2529 970 cum
2575 904 2801 968 nuntio
2834 910 2900 968 et
2929 903 3067 968 sine
3102 904 3325 969 nuntio
3359 904 3685 988 Comuuis,
3718 926 3922 990 usque
3956 904 4038 968 ad
4085 904 4590 969 satisfactionem
4624 904 4864 969 residui

1223 1018 1378 1083 dicti
1423 1018 1665 1101 salarii,
1699 1015 1871 1103 quod
1902 1014 2231 1080 residuum
2275 1020 2374 1078 est
2421 1011 2591 1099 quod
2632 1034 2671 1076 a
2704 1011 2978 1076 Comuni
3024 1011 3319 1075 Bononie
3367 1011 3651 1097 recipere
3684 1011 3963 1076 debebat
4000 1011 4201 1076 libras
4248 1010 4558 1076 duomilia
4605 1018 4864 1077 centum

1221 1126 1731 1207 bononenorum,
1770 1130 1835 1188 et
1880 1122 2210 1187 residuum
2255 1120 2426 1207 quod
2472 1120 2759 1206 recipere
2801 1118 3081 1184 debebat
3115 1140 3152 1182 a
3187 1119 3460 1186 Comuni
3490 1119 3722 1184 Ymole
3754 1125 3852 1183 est
3884 1118 4197 1183 librarum
4229 1125 4488 1184 centum
4518 1119 4863 1205 sexaginta

1221 1258 1339 1301 sex
1369 1241 1435 1299 et
1464 1233 1794 1299 soldorum
1823 1230 2131 1296 tredecim
2163 1237 2229 1294 et
2259 1229 2671 1294 denariorum
2704 1235 2983 1315 quatuor
3013 1227 3521 1311 bononenorum,
3554 1235 3619 1292 et
3651 1249 3854 1314 usque
3887 1228 3971 1292 ad
4011 1227 4520 1293 satisfactionem
4564 1235 4631 1292 et
4674 1228 4862 1292 resti-

1218 1343 1533 1408 tutionem
1578 1340 2014 1427 predictarum
2059 1338 2373 1403 librarum
2415 1336 2684 1421 triginta
2746 1336 3029 1422 quinque
3076 1357 3195 1422 pro
3240 1335 3476 1399 damno
3539 1357 3852 1421 equorum
3914 1357 4178 1400 suorum
4241 1336 4750 1418 vulneratorum,
4796 1341 4862 1400 et

1216 1471 1422 1537 usque
1454 1449 1539 1513 ad
1569 1446 2077 1513 satisfactionem
2109 1444 2543 1532 predictarum
2574 1443 2887 1508 librarum
2918 1448 3322 1507 octocentum
3363 1443 3850 1507 bononenorum
3882 1449 3946 1506 et
3982 1464 4323 1507 usurarum
4363 1442 4657 1528 preteriti
4698 1449 4860 1506 tem·

1214 1558 1389 1645 poris
1436 1564 1502 1622 et
1546 1554 1751 1620 futuri
1795 1554 1878 1618 ad
1924 1560 2294 1639 computum
2341 1551 2671 1617 soldorum
2715 1551 2912 1614 trium
2960 1571 3076 1636 pro
3121 1550 3291 1615 libra
3337 1549 3404 1613 in
3451 1570 3656 1632 anno3
3699 1571 3861 1636 quas
3908 1549 4113 1633 dedit,
4164 1571 4280 1614 seu
4326 1548 4483 1614 dare
4532 1549 4706 1632 fecit,
4741 1571 4857 1636 pro

1215 1666 1386 1732 dicto
1434 1665 1694 1731 domino
1742 1663 2014 1728 Alberto
2062 1660 2495 1726 Cazainimico
2540 1681 2658 1745 pro
2703 1657 3196 1744 recuperatione
3251 1664 3316 1722 et
3372 1655 3811 1745 redemptione
3868 1657 4301 1744 predictarum
4352 1678 4710 1745 cupparum
4754 1679 4857 1722 ar-

1215 1773 1397 1861 genti
1440 1780 1507 1837 et
1552 1766 2060 1851 colax-iorumu),
2092 1774 2156 1833 et
2202 1788 2419 1831 rerum
2463 1787 2624 1851 quas
2671 1765 2899 1830 habuit
2942 1764 3151 1829 dictus
3196 1763 3493 1828 dominus
3539 1763 3851 1829 Albertus
3897 1773 3967 1828 ut
4007 1764 4302 1850 superius
4350 1771 4594 1829 tactum
4626 1771 4760 1846 est3
4793 1771 4859 1829 et

1213 1902 1419 1968 usque
1451 1879 1534 1945 ad
1564 1878 2073 1944 satisfactionem
2104 1874 2539 1962 predictarum
2562 1873 2837 1937 duarum
2868 1893 3296 1959 pancerarum
3329 1871 3704 1936 robatarum
3728 1871 3794 1936 in
3819 1871 4080 1936 civitate
4111 1872 4405 1936 Bononie
4430 1872 4537 1936 vel
4562 1871 4857 1936 districtu

1214 1998 1280 2054 et
1325 2009 1528 2073 usque
1591 1987 1671 2051 ad
1734 1984 2242 2051 satisfactionem
2300 1982 2615 2045 librarum
2670 1981 2892 2045 decem
2949 1979 3198 2043 milium
3262 1985 3516 2044 monete
3577 1978 3934 2044 Mediolani
3993 2000 4110 2065 pro
4173 1978 4408 2044 menda
4469 1978 4854 2063 injuriarum

1213 2116 1513 2177 suarum;
1546 2101 1612 2158 et
1655 2113 1858 2178 usque
1907 2090 1991 2154 ad
2034 2088 2539 2154 satisfactionem
2587 2088 2898 2153 librarum
2945 2086 3180 2171 viginti
3225 2086 3421 2150 trium
3465 2086 3869 2151 tertiolorum
3911 2107 4028 2173 pro
4076 2086 4378 2172 expensis
4425 2107 4597 2150 nunc
4645 2085 4854 2168 factis,

1212 2199 1616 2287 [secundum]
1663 2198 1835 2286 quod
1882 2198 1948 2263 in
1994 2197 2269 2284 scriptis,
2317 2195 2734 2283 petitionibus
2781 2200 2846 2259 et
2892 2193 3193 2280 capitulis
3239 2200 3304 2258 et
3350 2194 3623 2257 testibus
3671 2201 3734 2257 et
3788 2193 3855 2257 in
3917 2193 4361 2258 consciliatam
4420 2199 4486 2256 et
4548 2192 4855 2279 scriptam

1210 2311 1407 2395 hujus
1467 2307 1821 2395 questionis
1868 2314 1933 2371 et
1980 2304 2267 2371 conscilii
2311 2311 2378 2369 et
2432 2324 2636 2389 usque
2680 2302 2764 2366 ad
2819 2301 3326 2366 satisfactionem
3374 2301 3756 2365 damnorum
3803 2307 3868 2365 et
3927 2300 4238 2365 interesse
4301 2309 4367 2365 et
4420 2321 4854 2387 expensarum

1211 2417 1413 2482 futuri
1457 2414 1765 2502 temporis
1820 2414 2106 2478 omnium
2151 2411 2605 2498 predictorum.
2657 2410 2854 2475 Salvo
2917 2410 2972 2474 si
3033 2409 3113 2473 de
3161 2409 3392 2472 minori
3441 2408 3801 2494 quantitate
3851 2408 4063 2472 iurare
4110 2408 4424 2491 voluerit,
4473 2407 4645 2493 quod
4693 2428 4853 2493 qua-

1209 2532 1399 2590 tenus
1445 2524 1656 2588 minus
1703 2522 2035 2604 iuraverit,
2082 2518 2410 2585 concessio
2456 2518 2746 2604 predicta
2792 2517 3275 2582 minorificetur.

1393 2631 1738 2697 Millesimo
1784 2628 2222 2694 ducentesimo
2269 2626 2746 2714 septuagesimo
2796 2633 3062 2711 quarto,
3111 2624 3215 2688 die
3257 2623 3512 2688 sabbati
3572 2630 3802 2709 quarto
3857 2623 4137 2710 augusti.
4185 2623 4503 2688 Dominus
4549 2622 4853 2688 Julianus

1214 2741 1611 2823 Quinterius,
1639 2738 1847 2824 judex
1891 2743 1958 2801 et
2002 2735 2283 2800 vicarius
2328 2734 2481 2799 dicti
2528 2733 2769 2798 domini
2812 2732 3165 2798 Potestatis
3210 2730 3592 2814 Mediolani,
3627 2731 4073 2818 pronuntiavit
4119 2739 4384 2818 propter
4429 2732 4572 2817 ejus
4619 2731 4851 2796 absen-

1203 2850 1383 2932 tiam,
1433 2845 1788 2912 secundum
1833 2843 2005 2931 quod
2050 2842 2345 2928 superius
2393 2841 2756 2906 continetur
2804 2847 2868 2905 et
2915 2839 3234 2926 scriptum
3281 2849 3399 2903 est.

1386 2955 1623 3021 Actum
1668 2953 1736 3017 in
1780 2952 2024 3040 palatio
2071 2971 2308 3036 magno
2363 2949 2669 3014 Comunis
2728 2948 3117 3031 Mediolani,
3164 2947 3572 3034 presentibus
3621 2955 3743 3012 etc.
3791 2947 3988 3012 Petro
4036 2947 4324 3034 Epirono
4371 2954 4436 3012 et
4481 2946 4847 3012 Benacorto

1206 3063 1538 3150 Pagriano
1585 3067 1650 3125 et
1694 3059 2009 3125 Arderico
2056 3079 2096 3122 a
2141 3057 2404 3122 Villano
2459 3064 2524 3121 et
2586 3055 2864 3120 Girardo
2928 3055 3362 3120 Guartamaco
3421 3061 3484 3119 et
3544 3053 3863 3119 Bertravo
3923 3054 4003 3119 de
4066 3054 4371 3140 Osenago
4433 3060 4499 3119 et
4552 3055 4846 3141 pluribus

1208 3172 1354 3235 aliis
1403 3176 1525 3235 etc.

1382 3278 1613 3363 Ibique
1658 3274 2081 3340 incontinenti
2134 3294 2353 3339 coram
2398 3272 2553 3360 ipsis
2599 3273 2863 3337 Vicat-io
2911 3279 2976 3336 et
3035 3272 3327 3354 testibus,
3375 3270 3701 3357 predictus
3758 3270 4055 3335 dominus
4104 3270 4516 3335 Guillielmus
4562 3270 4844 3357 prestitit

1206 3393 1271 3452 et
1317 3386 1472 3451 fecit
1515 3383 1875 3471 predictum
1920 3388 2396 3448 sacramentum
2451 3401 2566 3444 seu
2611 3388 3037 3462 sacramenta,
3081 3378 3147 3443 in
3189 3379 3486 3443 omnibus
3533 3385 3598 3443 et
3643 3399 3758 3465 per
3805 3377 4056 3461 omnia3
4104 3384 4376 3464 excepto
4424 3377 4596 3464 quod
4640 3378 4844 3442 mino-

1206 3492 1483 3559 rificavit
1527 3499 1594 3557 et
1638 3490 1921 3556 detraxit
1966 3489 2166 3554 libras
2212 3487 2947 3573 centumquinquaginta
2993 3486 3396 3551 tertiolorum
3436 3486 3516 3550 de
3549 3485 4077 3550 extimationibus
4121 3484 4559 3571 predictarum
4603 3506 4841 3549 rerum.

1380 3600 1525 3688 Ego
1572 3600 1858 3664 Ubertus
1904 3597 1983 3663 de
2028 3596 2342 3679 Arviavo,
2384 3594 2674 3660 notarius
2721 3603 2787 3660 et
2830 3594 3044 3659 scriba
3094 3595 3363 3660 Camere
3409 3596 3640 3683 palatii
3686 3594 3992 3660 Comunis
4038 3593 4411 3677 Mediolani,
4460 3593 4707 3679 scripsi.

2827 3862 3185 3929 XXXVII.

2751 4061 2947 4145 1278,
2994 4062 3082 4125 29
3131 4062 3292 4126 iulii.

1796 4261 1904 4325 Ex
1948 4260 2235 4325 Archivo
2282 4258 2460 4323 Max.
2507 4259 2780 4341 bonon.,
2830 4259 2896 4323 in
2943 4258 3223 4345 Reqistro
3264 4278 3490 4344 qrosso.
3539 4258 3650 4322 lib.
3699 4258 3793 4339 1.,
3840 4279 3970 4323 car.
4021 4260 4153 4322 484
4199 4280 4252 4322 r.

1377 4459 1457 4524 In
1504 4457 1761 4523 nomine
1808 4457 2105 4539 Domini,
2154 4476 2363 4520 amen.
2412 4454 2606 4520 Anno
2650 4454 2916 4520 Domini
2959 4454 3300 4519 millesimo
3347 4454 3785 4519 ducentesimo
3833 4454 4312 4540 septuagesimo
4359 4462 4625 4538 octavo,
4675 4455 4838 4519 indi-

1202 4568 1413 4633 ctione
1459 4572 1680 4648 sexta,
1729 4565 1832 4629 die
1878 4565 2134 4629 veneris
2182 4569 2411 4650 quarto
2458 4562 2775 4627 kalendas
2821 4562 3114 4648 augusti,
3163 4561 3573 4649 pontificatus
3617 4560 3860 4626 domini
3905 4561 4162 4626 Nicolai
4204 4583 4373 4649 pape
4431 4563 4612 4628 tercii
4669 4584 4839 4628 anno

1198 4675 1427 4762 prim0.
1468 4675 1704 4739 Pateat
1748 4671 2068 4737 universis
2116 4692 2234 4758 per
2278 4670 2400 4735 hoc
2443 4670 2773 4757 publicum
2822 4670 3318 4734 instrumentum
3364 4669 3534 4755 quod
3581 4668 3837 4756 providi
3879 4669 4002 4733 viri
4033 4669 4429 4735 Antholinus
4462 4669 4541 4735 de
4575 4669 4838 4737 Manzo-

1195 4784 1351 4867 lino,
1386 4782 1610 4847 doctor
1655 4781 1895 4867 legum,
1928 4786 1994 4844 et
2022 4778 2406 4843 Liazarinus
2438 4777 2517 4842 de
2548 4777 2931 4861 Liazarinis,
2965 4776 3193 4841 sindici
3237 4776 3610 4860 Potestatis,
3645 4776 4006 4863 Capitanei,
4042 4776 4334 4842 Consillii
4366 4786 4431 4843 et
4467 4777 4840 4844 Communis

1199 4891 1480 4956 civitatis
1523 4888 1839 4971 Bononie,
1884 4887 1951 4951 in
1996 4885 2324 4973 presentia
2365 4884 2491 4950 mei
2521 4885 2714 4949 Pauli
2744 4883 2980 4949 notarii
3011 4891 3076 4948 et
3107 4884 3367 4948 testium
3399 4884 3927 4972 subscriptorum,
3966 4906 4185 4950 coram
4217 4886 4620 4951 sanctissimo
4654 4894 4837 4971 patre

1198 5007 1263 5063 et
1308 4997 1568 5062 domino
1614 4996 1676 5060 N
1681 4994 1932 5060 icholao
1978 4993 2198 5058 divina
2240 4992 2647 5080 providentia
2694 5012 2945 5056 summo
2989 4990 3325 5074 Pontifice,
3374 4999 3439 5055 et
3484 4992 3965 5057 venerabilibus
4012 4991 4307 5078 patribus
4354 4992 4630 5058 dominis
4679 4993 4835 5059 Car·
4903 5028 4910 5032 ·

1195 5105 1542 5188 dinalibus,
1574 5102 1785 5169 silicet
1827 5101 2086 5167 domino
2134 5100 2420 5167 Ordonio
2453 5099 2913 5182 tusculanensi,
2946 5106 3011 5164 et
3044 5099 3302 5164 domino
3332 5098 3794 5185 B[entivegna]
3828 5100 4167 5164 albanensi
4201 5100 4540 5188 episcopis,
4575 5101 4835 5167 domino

1195 5211 1575 5297 A[ncherio]
1620 5211 1792 5276 tituli
1838 5209 2046 5275 sancti
2087 5208 2413 5291 Prasedis,
2447 5207 2704 5271 domino
2753 5205 3199 5290 G[uillielmo],
3233 5207 3404 5271 tituli
3444 5207 3652 5271 sancti
3691 5206 3916 5290 Marci,
3951 5207 4210 5272 domino
4244 5207 4538 5274 Gerardo
4568 5210 4836 5276 basilice

1195 5318 1536 5385 duodecim
1580 5318 2043 5406 Apostolorum
2086 5315 2482 5404 presbiteris,
2516 5315 2775 5379 domino
2822 5313 3114 5398 I[acobo]
3162 5323 3382 5379 sancte
3425 5313 3631 5378 Maris
3664 5314 3730 5378 in
3765 5313 4114 5398 Cosmidin,
4149 5315 4407 5381 domino
4443 5315 4833 5401 G[otifredo]

1195 5428 1404 5492 sancti
1450 5426 1719 5511 Georgij
1749 5425 1835 5490 ad
1863 5424 2127 5490 Vellum
2158 5444 2447 5505 aureum,
2494 5422 2752 5487 domino
2799 5421 3143 5507 M[attheo]
3184 5430 3404 5486 sancte
3447 5422 3653 5486 Marie
3687 5423 3750 5486 in
3783 5422 4069 5506 Porticu,
4103 5430 4168 5488 et
4198 5423 4458 5488 domino
4490 5423 4534 5488 J
4537 5424 4832 5508 or[dano]

1195 5534 1400 5599 sancti
1431 5533 1788 5617 Eustachii,
1823 5532 2111 5597 diaconis
2143 5530 2597 5596 cardinalibus
2629 5529 2979 5613 constituti,
3011 5530 3304 5595 fecerunt
3348 5529 3696 5616 quamdam
3739 5529 4281 5616 protestacionem
4331 5531 4396 5594 in
4443 5531 4563 5596 hec
4594 5532 4829 5596 verba:

1196 5642 1275 5706 In
1322 5642 1580 5706 nomine
1627 5640 1910 5722 Domini,
1958 5659 2168 5703 amen.
2214 5638 2351 5704 Nos
2395 5638 2791 5703 Antholinus
2836 5637 2916 5702 de
2963 5637 3352 5719 Manzolino,
3387 5636 3611 5701 doctor
3656 5637 3898 5722 legum,
3933 5644 3999 5701 et
4042 5636 4425 5702 Liazarinus
4473 5638 4553 5702 de
4600 5638 4832 5703 Liaza-

1195 5749 1373 5832 rinis,
1407 5748 1637 5814 sindici
1664 5746 2039 5831 Potestatis,
2070 5745 2428 5833 Capitanei,
2464 5744 2732 5830 Consilij
2766 5752 2832 5810 et
2865 5744 3235 5810 Communis
3265 5744 3544 5809 civitatis
3568 5743 4017 5827 Bononiensis,
4043 5750 4477 5830 protestamur
4510 5746 4682 5832 quod
4713 5767 4831 5832 per

1193 5857 1709 5943 recognicionem
1775 5854 2079 5937 dominii,
2134 5853 2438 5934 dicionis,
2481 5853 2686 5937 juris,
2729 5852 3202 5936 jurisdicionis,
3251 5852 3589 5937 potestatis
3651 5872 3727 5915 ac
3780 5851 4213 5938 principatus,
4263 5872 4459 5937 quam
4520 5852 4832 5918 faciemus

1192 5964 1451 6029 nomine
1482 5964 1854 6046 Potestatis,
1889 5961 2249 6049 Capitanei,
2284 5960 2553 6045 Consilij
2587 5967 2651 6023 et
2684 5959 3056 6025 Communis
3088 5959 3460 6023 eorumdem
3501 5982 3619 6046 pro
3655 5961 3795 6044 ipsa
3836 5960 4114 6042 civitate,
4149 5960 4472 6025 territorio
4503 5981 4584 6025 'ac
4615 5961 4830 6025 distri-

1192 6080 1301 6136 ctu
1348 6062 1698 6159 ipsius,'et
1744 6070 2062 6135 universis
2109 6074 2174 6133 et
2219 6068 2489 6153 singulis
2544 6066 2981 6153 predictorum
3042 6066 3356 6149 civitatiS,
3405 6067 3711 6132 territorii
3772 6074 3836 6131 et
3896 6067 4261 6151 districtus,
4311 6067 4613 6133 videlicet
4660 6068 4830 6154 quod

1192 6179 1420 6245 civitas
1466 6178 1881 6244 bononiensis
1928 6184 1992 6242 et
2037 6177 2180 6261 ejus
2227 6174 2620 6240 territorium
2673 6195 2749 6239 ac
2798 6173 3123 6238 districtus
3168 6173 3249 6237 ad
3298 6173 3560 6238 beatum
3605 6174 3894 6258 Petrum,
3929 6175 4151 6239 celesti
4189 6175 4375 6261 regni
4407 6176 4826 6262 clavigerum,

1191 6296 1255 6352 et
1302 6287 1386 6351 ad
1424 6308 1562 6370 vos,
1595 6285 1997 6351 sanctissime
2042 6283 2262 6366 Pater,
2296 6282 2550 6347 domine
2595 6281 2869 6347 Nichole
2916 6303 3088 6369 papa
3119 6281 3284 6365 111.‚
3318 6303 3394 6346 ac
3440 6281 3522 6346 ad
3571 6303 3973 6347 successores
4013 6289 4261 6348 vestros
4309 6304 4610 6349 romanos
4655 6283 4827 6348 Pon-

1350 6521 1428 6586 (1)
1468 6518 1575 6570 Sic.
