<?xml version="1.0" encoding="UTF-8"?>
<!DOCTYPE html PUBLIC "-//W3C//DTD XHTML 1.0 Transitional//EN"
    "http://www.w3.org/TR/xhtml1/DTD/xhtml1-transitional.dtd">
<html xmlns="http://www.w3.org/1999/xhtml" xml:lang="en" lang="en">
 <head>
  <title>
</title>
<meta http-equiv="Content-Type" content="text/html;charset=utf-8" />
  <meta name='ocr-system' content='tesseract 3.04.00' />
  <meta name='ocr-capabilities' content='ocr_page ocr_carea ocr_par ocr_line ocrx_word'/>
</head>
<body>
  <div class='ocr_page' id='page_1' title='image "./declarisarchigy00malagoog_0164.png"; bbox 0 0 5542 7775; ppageno 0'>
   <div class='ocr_carea' id='block_1_1' title="bbox 1550 631 4298 702">
    <p class='ocr_par' dir='ltr' id='par_1_1' title="bbox 1550 631 4298 702">
     <span class='ocr_line' id='line_1_1' title="bbox 1550 631 4298 702; baseline 0.001 -5"><span class='ocrx_word' id='word_1_1' title='bbox 1550 646 2014 698; x_wconf 74' lang='lat' dir='ltr'>SPEOTANTIA</span> <span class='ocrx_word' id='word_1_2' title='bbox 2071 649 2174 698; x_wconf 87' lang='lat' dir='ltr'>AD</span> <span class='ocrx_word' id='word_1_3' title='bbox 2229 647 2739 699; x_wconf 82' lang='lat' dir='ltr'>PROFESSOBES</span> <span class='ocrx_word' id='word_1_4' title='bbox 2796 649 3010 700; x_wconf 83' lang='lat' dir='ltr'><strong>JUBIS</strong></span> <span class='ocrx_word' id='word_1_5' title='bbox 3066 648 3421 700; x_wconf 79' lang='lat' dir='ltr'>CANONICI</span> <span class='ocrx_word' id='word_1_6' title='bbox 4151 631 4298 702; x_wconf 80' lang='grc'>185</span> 
     </span>
    </p>
   </div>
   <div class='ocr_carea' id='block_1_2' title="bbox 664 797 4309 2286">
    <p class='ocr_par' dir='ltr' id='par_1_2' title="bbox 664 797 4309 1856">
     <span class='ocr_line' id='line_1_2' title="bbox 668 797 4307 891; baseline 0.003 -31"><span class='ocrx_word' id='word_1_7' title='bbox 668 797 732 860; x_wconf 90' lang='lat' dir='ltr'>in</span> <span class='ocrx_word' id='word_1_8' title='bbox 779 798 1076 883; x_wconf 82' lang='lat' dir='ltr'>fratrem,</span> <span class='ocrx_word' id='word_1_9' title='bbox 1125 808 1191 865; x_wconf 89' lang='lat' dir='ltr'>et</span> <span class='ocrx_word' id='word_1_10' title='bbox 1235 801 1530 888; x_wconf 82' lang='lat' dir='ltr'>promisit</span> <span class='ocrx_word' id='word_1_11' title='bbox 1575 823 1644 866; x_wconf 90' lang='lat' dir='ltr'>se</span> <span class='ocrx_word' id='word_1_12' title='bbox 1691 802 2099 889; x_wconf 88' lang='lat' dir='ltr'>provisurum</span> <span class='ocrx_word' id='word_1_13' title='bbox 2145 803 2355 867; x_wconf 91' lang='lat' dir='ltr'>eidem</span> <span class='ocrx_word' id='word_1_14' title='bbox 2401 803 2659 869; x_wconf 89' lang='lat' dir='ltr'>domino</span> <span class='ocrx_word' id='word_1_15' title='bbox 2706 803 2903 869; x_wconf 89' lang='lat' dir='ltr'>Petro</span> <span class='ocrx_word' id='word_1_16' title='bbox 2951 803 3030 868; x_wconf 91' lang='lat' dir='ltr'>de</span> <span class='ocrx_word' id='word_1_17' title='bbox 3076 804 3407 891; x_wconf 90' lang='lat' dir='ltr'>prebenda</span> <span class='ocrx_word' id='word_1_18' title='bbox 3462 826 3658 891; x_wconf 90' lang='lat' dir='ltr'>qnam</span> <span class='ocrx_word' id='word_1_19' title='bbox 3704 805 3831 870; x_wconf 90' lang='lat' dir='ltr'>cito</span> <span class='ocrx_word' id='word_1_20' title='bbox 3879 804 3962 869; x_wconf 90' lang='lat' dir='ltr'>ad</span> <span class='ocrx_word' id='word_1_21' title='bbox 4008 804 4074 873; x_wconf 87' lang='lat' dir='ltr'>id</span> <span class='ocrx_word' id='word_1_22' title='bbox 4121 806 4307 871; x_wconf 89' lang='lat' dir='ltr'>obtu-</span> 
     </span>
     <span class='ocr_line' id='line_1_3' title="bbox 667 905 4309 998; baseline 0.002 -29"><span class='ocrx_word' id='word_1_23' title='bbox 667 905 815 970; x_wconf 89' lang='lat' dir='ltr'>lerit</span> <span class='ocrx_word' id='word_1_24' title='bbox 860 928 929 971; x_wconf 89' lang='lat' dir='ltr'>se</span> <span class='ocrx_word' id='word_1_25' title='bbox 976 906 1289 992; x_wconf 84' lang='lat' dir='ltr'>facultas,</span> <span class='ocrx_word' id='word_1_26' title='bbox 1340 910 1520 975; x_wconf 90' lang='lat' dir='ltr'>salvo</span> <span class='ocrx_word' id='word_1_27' title='bbox 1583 917 1800 975; x_wconf 88' lang='lat' dir='ltr'>tamen</span> <span class='ocrx_word' id='word_1_28' title='bbox 1856 911 2002 995; x_wconf 90' lang='lat' dir='ltr'>jure</span> <span class='ocrx_word' id='word_1_29' title='bbox 2050 911 2336 997; x_wconf 88' lang='lat' dir='ltr'>priorum</span> <span class='ocrx_word' id='word_1_30' title='bbox 2392 918 2834 998; x_wconf 88' lang='lat' dir='ltr'>receptorum,</span> <span class='ocrx_word' id='word_1_31' title='bbox 2884 913 2942 978; x_wconf 88' lang='lat' dir='ltr'>si</span> <span class='ocrx_word' id='word_1_32' title='bbox 2999 912 3108 998; x_wconf 92' lang='lat' dir='ltr'>qui</span> <span class='ocrx_word' id='word_1_33' title='bbox 3166 913 3306 996; x_wconf 90' lang='lat' dir='ltr'>jam</span> <span class='ocrx_word' id='word_1_34' title='bbox 3375 912 3619 998; x_wconf 79' lang='lat' dir='ltr'>recepti</span> <span class='ocrx_word' id='word_1_35' title='bbox 3686 919 3836 977; x_wconf 87' lang='lat' dir='ltr'>sunt</span> <span class='ocrx_word' id='word_1_36' title='bbox 3904 912 3970 976; x_wconf 92' lang='lat' dir='ltr'>in</span> <span class='ocrx_word' id='word_1_37' title='bbox 4035 913 4309 978; x_wconf 88' lang='lat' dir='ltr'>ecclesia</span> 
     </span>
     <span class='ocr_line' id='line_1_4' title="bbox 666 1015 4305 1107; baseline 0.002 -31"><span class='ocrx_word' id='word_1_38' title='bbox 666 1015 1033 1099; x_wconf 78' lang='lat' dir='ltr'>patracensi</span> <span class='ocrx_word' id='word_1_39' title='bbox 1087 1016 1465 1103; x_wconf 88' lang='lat' dir='ltr'>prescripta.</span> <span class='ocrx_word' id='word_1_40' title='bbox 1529 1017 1769 1082; x_wconf 82' lang='lat' dir='ltr'>Actum</span> <span class='ocrx_word' id='word_1_41' title='bbox 1829 1017 2104 1083; x_wconf 84' lang='lat' dir='ltr'>Viterbii</span> <span class='ocrx_word' id='word_1_42' title='bbox 2171 1018 2235 1082; x_wconf 93' lang='lat' dir='ltr'>in</span> <span class='ocrx_word' id='word_1_43' title='bbox 2283 1018 2561 1105; x_wconf 90' lang='lat' dir='ltr'>hospitio</span> <span class='ocrx_word' id='word_1_44' title='bbox 2607 1019 2676 1082; x_wconf 92' lang='lat' dir='ltr'>in</span> <span class='ocrx_word' id='word_1_45' title='bbox 2723 1040 2850 1104; x_wconf 91' lang='lat' dir='ltr'>quo</span> <span class='ocrx_word' id='word_1_46' title='bbox 2897 1018 3259 1105; x_wconf 80' lang='lat' dir='ltr'>hospitatus</span> <span class='ocrx_word' id='word_1_47' title='bbox 3306 1027 3448 1085; x_wconf 90' lang='lat' dir='ltr'>erat</span> <span class='ocrx_word' id='word_1_48' title='bbox 3493 1019 3701 1084; x_wconf 87' lang='lat' dir='ltr'>dictus</span> <span class='ocrx_word' id='word_1_49' title='bbox 3748 1018 4045 1085; x_wconf 91' lang='lat' dir='ltr'>dominus</span> <span class='ocrx_word' id='word_1_50' title='bbox 4087 1027 4305 1107; x_wconf 90' lang='lat' dir='ltr'>patra·</span> 
     </span>
     <span class='ocr_line' id='line_1_5' title="bbox 667 1121 4305 1209; baseline 0.002 -26"><span class='ocrx_word' id='word_1_51' title='bbox 667 1121 874 1184; x_wconf 89' lang='lat' dir='ltr'>censis</span> <span class='ocrx_word' id='word_1_52' title='bbox 905 1121 1189 1206; x_wconf 75' lang='lat' dir='ltr'>Electae,</span> <span class='ocrx_word' id='word_1_53' title='bbox 1223 1124 1630 1209; x_wconf 79' lang='lat' dir='ltr'>presentibus</span> <span class='ocrx_word' id='word_1_54' title='bbox 1662 1123 1920 1189; x_wconf 90' lang='lat' dir='ltr'>domino</span> <span class='ocrx_word' id='word_1_55' title='bbox 1954 1124 2310 1207; x_wconf 71' lang='lat' dir='ltr'>sinibaldo,</span> <span class='ocrx_word' id='word_1_56' title='bbox 2345 1126 2700 1190; x_wconf 89' lang='lat' dir='ltr'>camerario</span> <span class='ocrx_word' id='word_1_57' title='bbox 2733 1126 2976 1189; x_wconf 90' lang='lat' dir='ltr'>domini</span> <span class='ocrx_word' id='word_1_58' title='bbox 3017 1125 3360 1191; x_wconf 88' lang='lat' dir='ltr'>Octaviani</span> <span class='ocrx_word' id='word_1_59' title='bbox 3407 1132 3626 1191; x_wconf 88' lang='lat' dir='ltr'>sancte</span> <span class='ocrx_word' id='word_1_60' title='bbox 3659 1126 3866 1192; x_wconf 84' lang='lat' dir='ltr'>Maris</span> <span class='ocrx_word' id='word_1_61' title='bbox 3898 1127 3963 1190; x_wconf 88' lang='lat' dir='ltr'>in</span> <span class='ocrx_word' id='word_1_62' title='bbox 3997 1127 4104 1191; x_wconf 86' lang='lat' dir='ltr'>via</span> <span class='ocrx_word' id='word_1_63' title='bbox 4135 1127 4305 1192; x_wconf 89' lang='lat' dir='ltr'>Lata</span> 
     </span>
     <span class='ocr_line' id='line_1_6' title="bbox 667 1227 4306 1318; baseline 0.002 -27"><span class='ocrx_word' id='word_1_64' title='bbox 667 1227 937 1293; x_wconf 90' lang='lat' dir='ltr'>diacono</span> <span class='ocrx_word' id='word_1_65' title='bbox 985 1230 1336 1313; x_wconf 83' lang='lat' dir='ltr'>cardinali,</span> <span class='ocrx_word' id='word_1_66' title='bbox 1371 1231 1628 1296; x_wconf 92' lang='lat' dir='ltr'>domino</span> <span class='ocrx_word' id='word_1_67' title='bbox 1675 1231 1993 1296; x_wconf 85' lang='lat' dir='ltr'>Jacobino</span> <span class='ocrx_word' id='word_1_68' title='bbox 2040 1231 2119 1295; x_wconf 91' lang='lat' dir='ltr'>de</span> <span class='ocrx_word' id='word_1_69' title='bbox 2165 1231 2686 1318; x_wconf 89' lang='lat' dir='ltr'>Prindipartibus</span> <span class='ocrx_word' id='word_1_70' title='bbox 2733 1241 2800 1297; x_wconf 89' lang='lat' dir='ltr'>et</span> <span class='ocrx_word' id='word_1_71' title='bbox 2845 1233 3104 1298; x_wconf 91' lang='lat' dir='ltr'>domino</span> <span class='ocrx_word' id='word_1_72' title='bbox 3154 1233 3573 1317; x_wconf 87' lang='lat' dir='ltr'>Gruamonte,</span> <span class='ocrx_word' id='word_1_73' title='bbox 3607 1234 3854 1299; x_wconf 88' lang='lat' dir='ltr'>civibus</span> <span class='ocrx_word' id='word_1_74' title='bbox 3897 1240 3963 1299; x_wconf 91' lang='lat' dir='ltr'>et</span> <span class='ocrx_word' id='word_1_75' title='bbox 3993 1234 4306 1299; x_wconf 89' lang='lat' dir='ltr'>militibus</span> 
     </span>
     <span class='ocr_line' id='line_1_7' title="bbox 664 1334 4306 1427; baseline 0.002 -28"><span class='ocrx_word' id='word_1_76' title='bbox 664 1334 1190 1421; x_wconf 88' lang='lat' dir='ltr'>bononiensibus,</span> <span class='ocrx_word' id='word_1_77' title='bbox 1224 1358 1300 1403; x_wconf 91' lang='lat' dir='ltr'>ac</span> <span class='ocrx_word' id='word_1_78' title='bbox 1340 1337 1599 1404; x_wconf 91' lang='lat' dir='ltr'>domino</span> <span class='ocrx_word' id='word_1_79' title='bbox 1631 1338 1912 1423; x_wconf 87' lang='lat' dir='ltr'>Andalo,</span> <span class='ocrx_word' id='word_1_80' title='bbox 1947 1339 2148 1404; x_wconf 91' lang='lat' dir='ltr'>milite</span> <span class='ocrx_word' id='word_1_81' title='bbox 2194 1340 2275 1404; x_wconf 92' lang='lat' dir='ltr'>de</span> <span class='ocrx_word' id='word_1_82' title='bbox 2320 1338 2612 1423; x_wconf 84' lang='lat' dir='ltr'>Mantua,</span> <span class='ocrx_word' id='word_1_83' title='bbox 2663 1340 2935 1405; x_wconf 86' lang='lat' dir='ltr'>testibus</span> <span class='ocrx_word' id='word_1_84' title='bbox 2982 1341 3348 1427; x_wconf 88' lang='lat' dir='ltr'>specialiter</span> <span class='ocrx_word' id='word_1_85' title='bbox 3394 1341 3476 1406; x_wconf 86' lang='lat' dir='ltr'>ad</span> <span class='ocrx_word' id='word_1_86' title='bbox 3520 1341 3642 1407; x_wconf 89' lang='lat' dir='ltr'>hoe</span> <span class='ocrx_word' id='word_1_87' title='bbox 3688 1342 3955 1407; x_wconf 88' lang='lat' dir='ltr'>vocatis.</span> <span class='ocrx_word' id='word_1_88' title='bbox 4001 1342 4079 1406; x_wconf 91' lang='lat' dir='ltr'>In</span> <span class='ocrx_word' id='word_1_89' title='bbox 4125 1343 4306 1407; x_wconf 91' lang='lat' dir='ltr'>testi-</span> 
     </span>
     <span class='ocr_line' id='line_1_8' title="bbox 667 1443 4306 1536; baseline 0.002 -30"><span class='ocrx_word' id='word_1_90' title='bbox 667 1443 952 1507; x_wconf 89' lang='lat' dir='ltr'>monium</span> <span class='ocrx_word' id='word_1_91' title='bbox 999 1451 1218 1509; x_wconf 87' lang='lat' dir='ltr'>antem</span> <span class='ocrx_word' id='word_1_92' title='bbox 1263 1446 1780 1532; x_wconf 84' lang='lat' dir='ltr'>presentationis,</span> <span class='ocrx_word' id='word_1_93' title='bbox 1828 1447 2212 1533; x_wconf 88' lang='lat' dir='ltr'>receptionis</span> <span class='ocrx_word' id='word_1_94' title='bbox 2259 1454 2323 1511; x_wconf 89' lang='lat' dir='ltr'>et</span> <span class='ocrx_word' id='word_1_95' title='bbox 2368 1447 2810 1533; x_wconf 89' lang='lat' dir='ltr'>promissionis</span> <span class='ocrx_word' id='word_1_96' title='bbox 2857 1448 3229 1532; x_wconf 87' lang='lat' dir='ltr'>hujusmodi</span> <span class='ocrx_word' id='word_1_97' title='bbox 3273 1449 3571 1513; x_wconf 89' lang='lat' dir='ltr'>dominus</span> <span class='ocrx_word' id='word_1_98' title='bbox 3616 1449 3881 1514; x_wconf 87' lang='lat' dir='ltr'>Electus</span> <span class='ocrx_word' id='word_1_99' title='bbox 3912 1450 4306 1536; x_wconf 88' lang='lat' dir='ltr'>prescriptns</span> 
     </span>
     <span class='ocr_line' id='line_1_9' title="bbox 667 1551 4304 1642; baseline 0.002 -28"><span class='ocrx_word' id='word_1_100' title='bbox 667 1551 952 1637; x_wconf 85' lang='lat' dir='ltr'>presenti</span> <span class='ocrx_word' id='word_1_101' title='bbox 982 1552 1428 1636; x_wconf 90' lang='lat' dir='ltr'>instrumento,</span> <span class='ocrx_word' id='word_1_102' title='bbox 1462 1553 1546 1617; x_wconf 89' lang='lat' dir='ltr'>ad</span> <span class='ocrx_word' id='word_1_103' title='bbox 1586 1555 1897 1639; x_wconf 90' lang='lat' dir='ltr'>majorem</span> <span class='ocrx_word' id='word_1_104' title='bbox 1939 1554 2260 1619; x_wconf 88' lang='lat' dir='ltr'>cautelam</span> <span class='ocrx_word' id='word_1_105' title='bbox 2291 1554 2563 1641; x_wconf 88' lang='lat' dir='ltr'>predicti</span> <span class='ocrx_word' id='word_1_106' title='bbox 2594 1554 2835 1619; x_wconf 91' lang='lat' dir='ltr'>domini</span> <span class='ocrx_word' id='word_1_107' title='bbox 2868 1554 3068 1637; x_wconf 87' lang='lat' dir='ltr'>Petri,</span> <span class='ocrx_word' id='word_1_108' title='bbox 3102 1556 3388 1641; x_wconf 88' lang='lat' dir='ltr'>sigillum</span> <span class='ocrx_word' id='word_1_109' title='bbox 3419 1578 3606 1621; x_wconf 89' lang='lat' dir='ltr'>sunm</span> <span class='ocrx_word' id='word_1_110' title='bbox 3639 1556 3919 1642; x_wconf 81' lang='lat' dir='ltr'>appendi</span> <span class='ocrx_word' id='word_1_111' title='bbox 3951 1556 4304 1621; x_wconf 89' lang='lat' dir='ltr'>mandavit.</span> 
     </span>
     <span class='ocr_line' id='line_1_10' title="bbox 665 1657 4305 1750; baseline 0.002 -28"><span class='ocrx_word' id='word_1_112' title='bbox 665 1657 808 1743; x_wconf 89' lang='lat' dir='ltr'>Ego</span> <span class='ocrx_word' id='word_1_113' title='bbox 856 1658 900 1724; x_wconf 88' lang='lat' dir='ltr'>J</span> <span class='ocrx_word' id='word_1_114' title='bbox 904 1659 1191 1724; x_wconf 88' lang='lat' dir='ltr'>ohannes</span> <span class='ocrx_word' id='word_1_115' title='bbox 1237 1659 1316 1724; x_wconf 90' lang='lat' dir='ltr'>de</span> <span class='ocrx_word' id='word_1_116' title='bbox 1366 1660 1701 1747; x_wconf 83' lang='lat' dir='ltr'>Campulo,</span> <span class='ocrx_word' id='word_1_117' title='bbox 1736 1661 2086 1748; x_wconf 88' lang='lat' dir='ltr'>apostolice</span> <span class='ocrx_word' id='word_1_118' title='bbox 2136 1660 2322 1726; x_wconf 89' lang='lat' dir='ltr'>Sedis</span> <span class='ocrx_word' id='word_1_119' title='bbox 2369 1663 2752 1726; x_wconf 89' lang='lat' dir='ltr'>auctoritate</span> <span class='ocrx_word' id='word_1_120' title='bbox 2801 1663 3110 1746; x_wconf 89' lang='lat' dir='ltr'>notarius,</span> <span class='ocrx_word' id='word_1_121' title='bbox 3143 1662 3448 1750; x_wconf 84' lang='lat' dir='ltr'>predictis</span> <span class='ocrx_word' id='word_1_122' title='bbox 3495 1663 3759 1728; x_wconf 88' lang='lat' dir='ltr'>interfui</span> <span class='ocrx_word' id='word_1_123' title='bbox 3805 1671 3870 1728; x_wconf 91' lang='lat' dir='ltr'>et</span> <span class='ocrx_word' id='word_1_124' title='bbox 3901 1685 3980 1729; x_wconf 88' lang='lat' dir='ltr'>ea</span> <span class='ocrx_word' id='word_1_125' title='bbox 4012 1663 4091 1728; x_wconf 90' lang='lat' dir='ltr'>de</span> <span class='ocrx_word' id='word_1_126' title='bbox 4124 1686 4305 1728; x_wconf 88' lang='lat' dir='ltr'>man-</span> 
     </span>
     <span class='ocr_line' id='line_1_11' title="bbox 666 1765 2762 1856; baseline 0.002 -27"><span class='ocrx_word' id='word_1_127' title='bbox 666 1765 818 1830; x_wconf 87' lang='lat' dir='ltr'>dato</span> <span class='ocrx_word' id='word_1_128' title='bbox 864 1766 1019 1831; x_wconf 90' lang='lat' dir='ltr'>dicti</span> <span class='ocrx_word' id='word_1_129' title='bbox 1066 1766 1306 1832; x_wconf 88' lang='lat' dir='ltr'>domini</span> <span class='ocrx_word' id='word_1_130' title='bbox 1352 1766 1563 1833; x_wconf 90' lang='lat' dir='ltr'>Electi</span> <span class='ocrx_word' id='word_1_131' title='bbox 1608 1768 1674 1832; x_wconf 91' lang='lat' dir='ltr'>in</span> <span class='ocrx_word' id='word_1_132' title='bbox 1735 1768 2064 1856; x_wconf 86' lang='lat' dir='ltr'>publicam</span> <span class='ocrx_word' id='word_1_133' title='bbox 2109 1768 2382 1834; x_wconf 84' lang='lat' dir='ltr'>formam</span> <span class='ocrx_word' id='word_1_134' title='bbox 2430 1769 2653 1855; x_wconf 87' lang='lat' dir='ltr'>redegi</span> <span class='ocrx_word' id='word_1_135' title='bbox 2701 1794 2762 1833; x_wconf 63' lang='grc' dir='ltr'>ι.</span> 
     </span>
    </p>

    <p class='ocr_par' dir='ltr' id='par_1_3' title="bbox 667 1874 4307 2177">
     <span class='ocr_line' id='line_1_12' title="bbox 845 1874 4305 1964; baseline 0.001 -27"><span class='ocrx_word' id='word_1_136' title='bbox 845 1874 1025 1938; x_wconf 88' lang='lat' dir='ltr'>Nulli</span> <span class='ocrx_word' id='word_1_137' title='bbox 1072 1896 1229 1961; x_wconf 87' lang='lat' dir='ltr'>ergo</span> <span class='ocrx_word' id='word_1_138' title='bbox 1275 1875 1535 1940; x_wconf 90' lang='lat' dir='ltr'>omnino</span> <span class='ocrx_word' id='word_1_139' title='bbox 1579 1875 1914 1941; x_wconf 91' lang='lat' dir='ltr'>hominum</span> <span class='ocrx_word' id='word_1_140' title='bbox 1958 1876 2152 1941; x_wconf 89' lang='lat' dir='ltr'>liceat</span> <span class='ocrx_word' id='word_1_141' title='bbox 2197 1877 2365 1941; x_wconf 91' lang='lat' dir='ltr'>hanc</span> <span class='ocrx_word' id='word_1_142' title='bbox 2404 1877 2713 1963; x_wconf 81' lang='lat' dir='ltr'>paginam</span> <span class='ocrx_word' id='word_1_143' title='bbox 2744 1885 2961 1942; x_wconf 90' lang='lat' dir='ltr'>nostre</span> <span class='ocrx_word' id='word_1_144' title='bbox 2994 1878 3494 1943; x_wconf 88' lang='lat' dir='ltr'>confirmationis</span> <span class='ocrx_word' id='word_1_145' title='bbox 3529 1878 3879 1964; x_wconf 82' lang='lat' dir='ltr'>infringere</span> <span class='ocrx_word' id='word_1_146' title='bbox 3911 1879 4017 1944; x_wconf 92' lang='lat' dir='ltr'>vel</span> <span class='ocrx_word' id='word_1_147' title='bbox 4047 1879 4109 1943; x_wconf 88' lang='lat' dir='ltr'>ei</span> <span class='ocrx_word' id='word_1_148' title='bbox 4142 1899 4305 1942; x_wconf 89' lang='lat' dir='ltr'>ausu</span> 
     </span>
     <span class='ocr_line' id='line_1_13' title="bbox 669 1982 4307 2073; baseline 0.001 -28"><span class='ocrx_word' id='word_1_149' title='bbox 669 1982 1012 2046; x_wconf 86' lang='lat' dir='ltr'>temerario</span> <span class='ocrx_word' id='word_1_150' title='bbox 1060 1982 1400 2047; x_wconf 89' lang='lat' dir='ltr'>contraire.</span> <span class='ocrx_word' id='word_1_151' title='bbox 1438 1982 1508 2046; x_wconf 87' lang='lat' dir='ltr'>Si</span> <span class='ocrx_word' id='word_1_152' title='bbox 1539 1983 1681 2069; x_wconf 90' lang='lat' dir='ltr'>quis</span> <span class='ocrx_word' id='word_1_153' title='bbox 1714 1989 1931 2048; x_wconf 88' lang='lat' dir='ltr'>autem</span> <span class='ocrx_word' id='word_1_154' title='bbox 1977 1983 2099 2049; x_wconf 90' lang='lat' dir='ltr'>hoe</span> <span class='ocrx_word' id='word_1_155' title='bbox 2147 1991 2468 2049; x_wconf 88' lang='lat' dir='ltr'>attentare</span> <span class='ocrx_word' id='word_1_156' title='bbox 2511 1985 2993 2071; x_wconf 88' lang='lat' dir='ltr'>presumpserit,</span> <span class='ocrx_word' id='word_1_157' title='bbox 3026 1985 3538 2071; x_wconf 87' lang='lat' dir='ltr'>indignationem</span> <span class='ocrx_word' id='word_1_158' title='bbox 3586 1985 4040 2073; x_wconf 89' lang='lat' dir='ltr'>omnipotentis</span> <span class='ocrx_word' id='word_1_159' title='bbox 4072 1985 4198 2050; x_wconf 88' lang='lat' dir='ltr'>Dei</span> <span class='ocrx_word' id='word_1_160' title='bbox 4229 2006 4307 2049; x_wconf 90' lang='lat' dir='ltr'>ac</span> 
     </span>
     <span class='ocr_line' id='line_1_14' title="bbox 667 2089 3188 2177; baseline 0.002 -24"><span class='ocrx_word' id='word_1_161' title='bbox 667 2089 1004 2154; x_wconf 90' lang='lat' dir='ltr'>beatorum</span> <span class='ocrx_word' id='word_1_162' title='bbox 1052 2089 1231 2154; x_wconf 90' lang='lat' dir='ltr'>Petri</span> <span class='ocrx_word' id='word_1_163' title='bbox 1277 2097 1342 2155; x_wconf 87' lang='lat' dir='ltr'>et</span> <span class='ocrx_word' id='word_1_164' title='bbox 1386 2090 1601 2173; x_wconf 87' lang='lat' dir='ltr'>Pauli,</span> <span class='ocrx_word' id='word_1_165' title='bbox 1649 2090 2088 2176; x_wconf 88' lang='lat' dir='ltr'>apostolorum</span> <span class='ocrx_word' id='word_1_166' title='bbox 2135 2094 2297 2177; x_wconf 87' lang='lat' dir='ltr'>ejus,</span> <span class='ocrx_word' id='word_1_167' title='bbox 2346 2113 2414 2156; x_wconf 90' lang='lat' dir='ltr'>se</span> <span class='ocrx_word' id='word_1_168' title='bbox 2463 2092 2714 2157; x_wconf 88' lang='lat' dir='ltr'>noverit</span> <span class='ocrx_word' id='word_1_169' title='bbox 2760 2093 3188 2159; x_wconf 90' lang='lat' dir='ltr'>incursurum.</span> 
     </span>
    </p>

    <p class='ocr_par' dir='ltr' id='par_1_4' title="bbox 845 2196 3524 2286">
     <span class='ocr_line' id='line_1_15' title="bbox 845 2196 3524 2286; baseline 0.002 -26"><span class='ocrx_word' id='word_1_170' title='bbox 845 2196 1090 2270; x_wconf 90' lang='lat' dir='ltr'>Datum</span> <span class='ocrx_word' id='word_1_171' title='bbox 1135 2197 1413 2262; x_wconf 88' lang='lat' dir='ltr'>Viterbii</span> <span class='ocrx_word' id='word_1_172' title='bbox 1461 2205 1646 2264; x_wconf 87' lang='lat' dir='ltr'>sexto</span> <span class='ocrx_word' id='word_1_173' title='bbox 1694 2198 2010 2263; x_wconf 84' lang='lat' dir='ltr'>kalendas</span> <span class='ocrx_word' id='word_1_174' title='bbox 2057 2200 2337 2285; x_wconf 88' lang='lat' dir='ltr'>augusti,</span> <span class='ocrx_word' id='word_1_175' title='bbox 2387 2200 2796 2286; x_wconf 90' lang='lat' dir='ltr'>pontificatus</span> <span class='ocrx_word' id='word_1_176' title='bbox 2847 2202 3049 2264; x_wconf 84' lang='lat' dir='ltr'>nostri</span> <span class='ocrx_word' id='word_1_177' title='bbox 3096 2221 3265 2265; x_wconf 89' lang='lat' dir='ltr'>anno</span> <span class='ocrx_word' id='word_1_178' title='bbox 3313 2201 3524 2266; x_wconf 89' lang='lat' dir='ltr'>tertio.</span> 
     </span>
    </p>
   </div>
   <div class='ocr_carea' id='block_1_3' title="bbox 1558 2575 3411 3126">
    <p class='ocr_par' dir='ltr' id='par_1_5' title="bbox 1558 2575 3411 3126">
     <span class='ocr_line' id='line_1_16' title="bbox 2359 2575 2615 2640; baseline 0 0"><span class='ocrx_word' id='word_1_179' title='bbox 2359 2575 2615 2640; x_wconf 86' lang='lat' dir='ltr'>XXIX.</span> 
     </span>
     <span class='ocr_line' id='line_1_17' title="bbox 2222 2810 2740 2893; baseline 0.004 -22"><span class='ocrx_word' id='word_1_180' title='bbox 2222 2810 2418 2893; x_wconf 86' lang='lat'>1257,</span> <span class='ocrx_word' id='word_1_181' title='bbox 2466 2810 2554 2872; x_wconf 82' lang='lat'>27</span> <span class='ocrx_word' id='word_1_182' title='bbox 2598 2811 2740 2873; x_wconf 73' lang='lat' dir='ltr'>iulii</span> 
     </span>
     <span class='ocr_line' id='line_1_18' title="bbox 1558 3040 3411 3126; baseline 0 -21"><span class='ocrx_word' id='word_1_183' title='bbox 1558 3040 1664 3105; x_wconf 91' lang='lat' dir='ltr'>Ex</span> <span class='ocrx_word' id='word_1_184' title='bbox 1712 3041 1936 3106; x_wconf 89' lang='lat' dir='ltr'>eodem</span> <span class='ocrx_word' id='word_1_185' title='bbox 1986 3048 2159 3106; x_wconf 90' lang='lat' dir='ltr'>tomo</span> <span class='ocrx_word' id='word_1_186' title='bbox 2212 3040 2357 3106; x_wconf 76' lang='lat' dir='ltr'>Cod.</span> <span class='ocrx_word' id='word_1_187' title='bbox 2405 3041 2556 3126; x_wconf 78' lang='lat' dir='ltr'>dipl.</span> <span class='ocrx_word' id='word_1_188' title='bbox 2604 3041 2771 3106; x_wconf 84' lang='lat' dir='ltr'>Eccl.</span> <span class='ocrx_word' id='word_1_189' title='bbox 2818 3041 2990 3125; x_wconf 60' lang='lat' dir='ltr'>bon„</span> <span class='ocrx_word' id='word_1_190' title='bbox 3038 3040 3177 3105; x_wconf 92' lang='lat' dir='ltr'>doc.</span> <span class='ocrx_word' id='word_1_191' title='bbox 3226 3040 3411 3106; x_wconf 84' lang='lat' dir='ltr'>XIV.</span> 
     </span>
    </p>
   </div>
   <div class='ocr_carea' id='block_1_4' title="bbox 664 3271 4302 5619">
    <p class='ocr_par' dir='ltr' id='par_1_6' title="bbox 845 3271 3354 3361">
     <span class='ocr_line' id='line_1_19' title="bbox 845 3271 3354 3361; baseline 0 -25"><span class='ocrx_word' id='word_1_192' title='bbox 845 3272 1223 3336; x_wconf 81' lang='lat' dir='ltr'>Alexander</span> <span class='ocrx_word' id='word_1_193' title='bbox 1268 3271 1387 3337; x_wconf 87' lang='lat' dir='ltr'>IV.</span> <span class='ocrx_word' id='word_1_194' title='bbox 1414 3273 1494 3338; x_wconf 87' lang='grc'>(1)</span> <span class='ocrx_word' id='word_1_195' title='bbox 1526 3273 2009 3359; x_wconf 88' lang='lat' dir='ltr'>archiepiscopo</span> <span class='ocrx_word' id='word_1_196' title='bbox 2056 3273 2418 3338; x_wconf 90' lang='lat' dir='ltr'>atheniensi</span> <span class='ocrx_word' id='word_1_197' title='bbox 2464 3281 2529 3338; x_wconf 91' lang='lat' dir='ltr'>et</span> <span class='ocrx_word' id='word_1_198' title='bbox 2577 3273 2880 3361; x_wconf 88' lang='lat' dir='ltr'>episcopo</span> <span class='ocrx_word' id='word_1_199' title='bbox 2927 3272 3354 3338; x_wconf 89' lang='lat' dir='ltr'>mothonensi.</span> 
     </span>
    </p>

    <p class='ocr_par' dir='ltr' id='par_1_7' title="bbox 664 3378 4302 5512">
     <span class='ocr_line' id='line_1_20' title="bbox 843 3378 4300 3464; baseline 0 -21"><span class='ocrx_word' id='word_1_200' title='bbox 843 3379 1157 3444; x_wconf 88' lang='lat' dir='ltr'>Exhibita</span> <span class='ocrx_word' id='word_1_201' title='bbox 1204 3380 1389 3445; x_wconf 90' lang='lat' dir='ltr'>nobis</span> <span class='ocrx_word' id='word_1_202' title='bbox 1435 3380 1653 3445; x_wconf 90' lang='lat' dir='ltr'>dilecti</span> <span class='ocrx_word' id='word_1_203' title='bbox 1698 3381 1815 3445; x_wconf 87' lang='lat' dir='ltr'>filii</span> <span class='ocrx_word' id='word_1_204' title='bbox 1862 3381 2076 3464; x_wconf 90' lang='lat' dir='ltr'>Petri,</span> <span class='ocrx_word' id='word_1_205' title='bbox 2125 3381 2419 3445; x_wconf 88' lang='lat' dir='ltr'>canonici</span> <span class='ocrx_word' id='word_1_206' title='bbox 2464 3381 2914 3463; x_wconf 90' lang='lat' dir='ltr'>bononiensis,</span> <span class='ocrx_word' id='word_1_207' title='bbox 2963 3380 3098 3445; x_wconf 90' lang='lat' dir='ltr'>nati</span> <span class='ocrx_word' id='word_1_208' title='bbox 3151 3379 3386 3445; x_wconf 91' lang='lat' dir='ltr'>nobilis</span> <span class='ocrx_word' id='word_1_209' title='bbox 3447 3380 3568 3444; x_wconf 92' lang='lat' dir='ltr'>viri</span> <span class='ocrx_word' id='word_1_210' title='bbox 3618 3379 3933 3445; x_wconf 85' lang='lat' dir='ltr'>Gnidonis</span> <span class='ocrx_word' id='word_1_211' title='bbox 3980 3378 4060 3443; x_wconf 90' lang='lat' dir='ltr'>de</span> <span class='ocrx_word' id='word_1_212' title='bbox 4106 3379 4300 3443; x_wconf 92' lang='lat' dir='ltr'>Lam-</span> 
     </span>
     <span class='ocr_line' id='line_1_21' title="bbox 668 3487 4299 3575; baseline -0 -24"><span class='ocrx_word' id='word_1_213' title='bbox 668 3487 941 3570; x_wconf 92' lang='lat' dir='ltr'>bertino,</span> <span class='ocrx_word' id='word_1_214' title='bbox 991 3488 1149 3553; x_wconf 90' lang='lat' dir='ltr'>civis</span> <span class='ocrx_word' id='word_1_215' title='bbox 1206 3489 1639 3572; x_wconf 90' lang='lat' dir='ltr'>bononiensis,</span> <span class='ocrx_word' id='word_1_216' title='bbox 1688 3489 1912 3575; x_wconf 83' lang='lat' dir='ltr'>petitio</span> <span class='ocrx_word' id='word_1_217' title='bbox 1974 3488 2345 3553; x_wconf 88' lang='lat' dir='ltr'>continebat</span> <span class='ocrx_word' id='word_1_218' title='bbox 2404 3489 2576 3575; x_wconf 86' lang='lat' dir='ltr'>quod</span> <span class='ocrx_word' id='word_1_219' title='bbox 2622 3510 2770 3553; x_wconf 91' lang='lat' dir='ltr'>cum</span> <span class='ocrx_word' id='word_1_220' title='bbox 2815 3510 2932 3553; x_wconf 88' lang='lat' dir='ltr'>nos</span> <span class='ocrx_word' id='word_1_221' title='bbox 2980 3488 3230 3553; x_wconf 88' lang='lat' dir='ltr'>dilectis</span> <span class='ocrx_word' id='word_1_222' title='bbox 3277 3488 3425 3552; x_wconf 88' lang='lat' dir='ltr'>filiis</span> <span class='ocrx_word' id='word_1_223' title='bbox 3471 3487 3697 3553; x_wconf 89' lang='lat' dir='ltr'>Electo</span> <span class='ocrx_word' id='word_1_224' title='bbox 3745 3495 3811 3552; x_wconf 88' lang='lat' dir='ltr'>et</span> <span class='ocrx_word' id='word_1_225' title='bbox 3859 3487 4139 3573; x_wconf 88' lang='lat' dir='ltr'>capitulo</span> <span class='ocrx_word' id='word_1_226' title='bbox 4186 3508 4299 3574; x_wconf 90' lang='lat' dir='ltr'>pa-</span> 
     </span>
     <span class='ocr_line' id='line_1_22' title="bbox 668 3594 4300 3682; baseline -0 -23"><span class='ocrx_word' id='word_1_227' title='bbox 668 3596 946 3660; x_wconf 88' lang='lat' dir='ltr'>tracensi</span> <span class='ocrx_word' id='word_1_228' title='bbox 1000 3617 1227 3682; x_wconf 87' lang='lat' dir='ltr'>preces</span> <span class='ocrx_word' id='word_1_229' title='bbox 1287 3596 1744 3660; x_wconf 77' lang='lat' dir='ltr'>direxissemus</span> <span class='ocrx_word' id='word_1_230' title='bbox 1805 3597 1925 3660; x_wconf 88' lang='lat' dir='ltr'>sub</span> <span class='ocrx_word' id='word_1_231' title='bbox 1986 3603 2163 3661; x_wconf 86' lang='lat' dir='ltr'>certa</span> <span class='ocrx_word' id='word_1_232' title='bbox 2224 3595 2432 3661; x_wconf 85' lang='lat' dir='ltr'>forma</span> <span class='ocrx_word' id='word_1_233' title='bbox 2493 3596 2737 3661; x_wconf 87' lang='lat' dir='ltr'>monita</span> <span class='ocrx_word' id='word_1_234' title='bbox 2799 3603 2864 3660; x_wconf 87' lang='lat' dir='ltr'>et</span> <span class='ocrx_word' id='word_1_235' title='bbox 2924 3595 3265 3678; x_wconf 91' lang='lat' dir='ltr'>mandata,</span> <span class='ocrx_word' id='word_1_236' title='bbox 3314 3603 3384 3660; x_wconf 91' lang='lat' dir='ltr'>ut</span> <span class='ocrx_word' id='word_1_237' title='bbox 3430 3617 3580 3660; x_wconf 90' lang='lat' dir='ltr'>eum</span> <span class='ocrx_word' id='word_1_238' title='bbox 3625 3595 3691 3660; x_wconf 93' lang='lat' dir='ltr'>in</span> <span class='ocrx_word' id='word_1_239' title='bbox 3744 3616 3967 3660; x_wconf 90' lang='lat' dir='ltr'>eornm</span> <span class='ocrx_word' id='word_1_240' title='bbox 4027 3594 4300 3659; x_wconf 89' lang='lat' dir='ltr'>ecclesia</span> 
     </span>
     <span class='ocr_line' id='line_1_23' title="bbox 667 3700 4301 3789; baseline -0 -23"><span class='ocrx_word' id='word_1_241' title='bbox 667 3702 1027 3789; x_wconf 82' lang='lat' dir='ltr'>reciperent</span> <span class='ocrx_word' id='word_1_242' title='bbox 1072 3703 1138 3767; x_wconf 91' lang='lat' dir='ltr'>in</span> <span class='ocrx_word' id='word_1_243' title='bbox 1185 3703 1565 3768; x_wconf 88' lang='lat' dir='ltr'>canonicum</span> <span class='ocrx_word' id='word_1_244' title='bbox 1613 3711 1678 3767; x_wconf 90' lang='lat' dir='ltr'>et</span> <span class='ocrx_word' id='word_1_245' title='bbox 1723 3703 1788 3766; x_wconf 91' lang='lat' dir='ltr'>in</span> <span class='ocrx_word' id='word_1_246' title='bbox 1837 3703 2125 3786; x_wconf 86' lang='lat' dir='ltr'>fratrem,</span> <span class='ocrx_word' id='word_1_247' title='bbox 2175 3702 2425 3789; x_wconf 90' lang='lat' dir='ltr'>sibique</span> <span class='ocrx_word' id='word_1_248' title='bbox 2472 3703 2552 3767; x_wconf 90' lang='lat' dir='ltr'>de</span> <span class='ocrx_word' id='word_1_249' title='bbox 2598 3703 2950 3789; x_wconf 89' lang='lat' dir='ltr'>prebenda,</span> <span class='ocrx_word' id='word_1_250' title='bbox 2998 3703 3052 3766; x_wconf 87' lang='lat' dir='ltr'>si</span> <span class='ocrx_word' id='word_1_251' title='bbox 3092 3702 3390 3787; x_wconf 88' lang='lat' dir='ltr'>vacabat,</span> <span class='ocrx_word' id='word_1_252' title='bbox 3431 3703 3535 3767; x_wconf 91' lang='lat' dir='ltr'>vel</span> <span class='ocrx_word' id='word_1_253' title='bbox 3585 3702 4057 3789; x_wconf 89' lang='lat' dir='ltr'>quamprimum</span> <span class='ocrx_word' id='word_1_254' title='bbox 4104 3700 4187 3764; x_wconf 90' lang='lat' dir='ltr'>ad</span> <span class='ocrx_word' id='word_1_255' title='bbox 4236 3700 4301 3765; x_wconf 82' lang='lat' dir='ltr'>id</span> 
     </span>
     <span class='ocr_line' id='line_1_24' title="bbox 665 3808 4300 3899; baseline -0.001 -25"><span class='ocrx_word' id='word_1_256' title='bbox 665 3831 733 3874; x_wconf 90' lang='lat' dir='ltr'>se</span> <span class='ocrx_word' id='word_1_257' title='bbox 781 3809 1041 3875; x_wconf 88' lang='lat' dir='ltr'>offerret</span> <span class='ocrx_word' id='word_1_258' title='bbox 1096 3811 1542 3898; x_wconf 90' lang='lat' dir='ltr'>opportunitas</span> <span class='ocrx_word' id='word_1_259' title='bbox 1605 3810 2051 3899; x_wconf 75' lang='lat' dir='ltr'>providerent,</span> <span class='ocrx_word' id='word_1_260' title='bbox 2100 3809 2518 3875; x_wconf 86' lang='lat' dir='ltr'>decernentes</span> <span class='ocrx_word' id='word_1_261' title='bbox 2582 3811 2836 3874; x_wconf 89' lang='lat' dir='ltr'>irritum</span> <span class='ocrx_word' id='word_1_262' title='bbox 2899 3817 2963 3874; x_wconf 90' lang='lat' dir='ltr'>et</span> <span class='ocrx_word' id='word_1_263' title='bbox 3019 3811 3209 3874; x_wconf 88' lang='lat' dir='ltr'>inane</span> <span class='ocrx_word' id='word_1_264' title='bbox 3273 3809 3574 3897; x_wconf 90' lang='lat' dir='ltr'>quicquid</span> <span class='ocrx_word' id='word_1_265' title='bbox 3638 3817 3863 3874; x_wconf 88' lang='lat' dir='ltr'>contra</span> <span class='ocrx_word' id='word_1_266' title='bbox 3922 3808 4300 3872; x_wconf 88' lang='lat' dir='ltr'>mandatum</span> 
     </span>
     <span class='ocr_line' id='line_1_25' title="bbox 664 3917 4298 4005; baseline -0.001 -23"><span class='ocrx_word' id='word_1_267' title='bbox 664 3918 1034 4003; x_wconf 89' lang='lat' dir='ltr'>hujusmodi</span> <span class='ocrx_word' id='word_1_268' title='bbox 1079 3920 1482 4005; x_wconf 89' lang='lat' dir='ltr'>contingeret</span> <span class='ocrx_word' id='word_1_269' title='bbox 1529 3919 1855 4003; x_wconf 86' lang='lat' dir='ltr'>attentari,</span> <span class='ocrx_word' id='word_1_270' title='bbox 1903 3918 2074 3984; x_wconf 91' lang='lat' dir='ltr'>idem</span> <span class='ocrx_word' id='word_1_271' title='bbox 2119 3918 2404 4002; x_wconf 88' lang='lat' dir='ltr'>Electus,</span> <span class='ocrx_word' id='word_1_272' title='bbox 2454 3919 2862 4005; x_wconf 88' lang='lat' dir='ltr'>postmodum</span> <span class='ocrx_word' id='word_1_273' title='bbox 2910 3918 3084 4005; x_wconf 89' lang='lat' dir='ltr'>apud</span> <span class='ocrx_word' id='word_1_274' title='bbox 3134 3918 3368 3984; x_wconf 82' lang='lat' dir='ltr'>Sedem</span> <span class='ocrx_word' id='word_1_275' title='bbox 3413 3919 3835 4005; x_wconf 88' lang='lat' dir='ltr'>apostolicam</span> <span class='ocrx_word' id='word_1_276' title='bbox 3880 3917 4298 3999; x_wconf 88' lang='lat' dir='ltr'>constitutus,</span> 
     </span>
     <span class='ocr_line' id='line_1_26' title="bbox 665 4024 4301 4114; baseline -0.001 -24"><span class='ocrx_word' id='word_1_277' title='bbox 665 4027 748 4091; x_wconf 90' lang='lat' dir='ltr'>ad</span> <span class='ocrx_word' id='word_1_278' title='bbox 796 4049 986 4113; x_wconf 91' lang='lat' dir='ltr'>quem</span> <span class='ocrx_word' id='word_1_279' title='bbox 1033 4027 1101 4091; x_wconf 89' lang='lat' dir='ltr'>in</span> <span class='ocrx_word' id='word_1_280' title='bbox 1147 4027 1376 4092; x_wconf 89' lang='lat' dir='ltr'>eadem</span> <span class='ocrx_word' id='word_1_281' title='bbox 1422 4028 1697 4093; x_wconf 90' lang='lat' dir='ltr'>ecclesia</span> <span class='ocrx_word' id='word_1_282' title='bbox 1742 4026 2022 4114; x_wconf 87' lang='lat' dir='ltr'>pertinet</span> <span class='ocrx_word' id='word_1_283' title='bbox 2069 4027 2329 4091; x_wconf 91' lang='lat' dir='ltr'>collatio</span> <span class='ocrx_word' id='word_1_284' title='bbox 2376 4026 2854 4113; x_wconf 88' lang='lat' dir='ltr'>prebendarum</span> <span class='ocrx_word' id='word_1_285' title='bbox 2898 4033 3150 4113; x_wconf 88' lang='lat' dir='ltr'>patrem</span> <span class='ocrx_word' id='word_1_286' title='bbox 3197 4048 3406 4109; x_wconf 90' lang='lat' dir='ltr'>suum,</span> <span class='ocrx_word' id='word_1_287' title='bbox 3455 4047 3572 4090; x_wconf 91' lang='lat' dir='ltr'>suo</span> <span class='ocrx_word' id='word_1_288' title='bbox 3620 4025 3897 4108; x_wconf 90' lang='lat' dir='ltr'>nomine,</span> <span class='ocrx_word' id='word_1_289' title='bbox 3944 4024 4301 4089; x_wconf 82' lang='lat' dir='ltr'>liberaliter</span> 
     </span>
     <span class='ocr_line' id='line_1_27' title="bbox 664 4132 4299 4221; baseline -0.001 -24"><span class='ocrx_word' id='word_1_290' title='bbox 664 4134 980 4221; x_wconf 89' lang='lat' dir='ltr'>recipiens</span> <span class='ocrx_word' id='word_1_291' title='bbox 1026 4134 1092 4198; x_wconf 90' lang='lat' dir='ltr'>in</span> <span class='ocrx_word' id='word_1_292' title='bbox 1141 4135 1521 4199; x_wconf 88' lang='lat' dir='ltr'>canonicum</span> <span class='ocrx_word' id='word_1_293' title='bbox 1567 4135 1837 4200; x_wconf 87' lang='lat' dir='ltr'>ecclesie</span> <span class='ocrx_word' id='word_1_294' title='bbox 1885 4133 2273 4221; x_wconf 89' lang='lat' dir='ltr'>supradicte,</span> <span class='ocrx_word' id='word_1_295' title='bbox 2322 4133 2402 4198; x_wconf 91' lang='lat' dir='ltr'>de</span> <span class='ocrx_word' id='word_1_296' title='bbox 2447 4133 2779 4220; x_wconf 89' lang='lat' dir='ltr'>prebenda</span> <span class='ocrx_word' id='word_1_297' title='bbox 2823 4133 3191 4219; x_wconf 86' lang='lat' dir='ltr'>hujusmodi</span> <span class='ocrx_word' id='word_1_298' title='bbox 3225 4133 3348 4198; x_wconf 88' lang='lat' dir='ltr'>sibi</span> <span class='ocrx_word' id='word_1_299' title='bbox 3379 4132 3719 4220; x_wconf 88' lang='lat' dir='ltr'>providere</span> <span class='ocrx_word' id='word_1_300' title='bbox 3750 4132 4043 4219; x_wconf 86' lang='lat' dir='ltr'>promisit</span> <span class='ocrx_word' id='word_1_301' title='bbox 4076 4152 4299 4218; x_wconf 92' lang='lat' dir='ltr'>quam-</span> 
     </span>
     <span class='ocr_line' id='line_1_28' title="bbox 665 4238 4299 4328; baseline -0.001 -24"><span class='ocrx_word' id='word_1_302' title='bbox 665 4242 941 4328; x_wconf 89' lang='lat' dir='ltr'>primum</span> <span class='ocrx_word' id='word_1_303' title='bbox 988 4242 1289 4307; x_wconf 87' lang='lat' dir='ltr'>habuerit</span> <span class='ocrx_word' id='word_1_304' title='bbox 1334 4241 1730 4324; x_wconf 86' lang='lat' dir='ltr'>facultatem,</span> <span class='ocrx_word' id='word_1_305' title='bbox 1764 4250 1955 4328; x_wconf 91' lang='lat' dir='ltr'>prout</span> <span class='ocrx_word' id='word_1_306' title='bbox 2000 4243 2068 4306; x_wconf 90' lang='lat' dir='ltr'>in</span> <span class='ocrx_word' id='word_1_307' title='bbox 2114 4242 2539 4306; x_wconf 88' lang='lat' dir='ltr'>instrumento</span> <span class='ocrx_word' id='word_1_308' title='bbox 2585 4242 2846 4328; x_wconf 89' lang='lat' dir='ltr'>publico</span> <span class='ocrx_word' id='word_1_309' title='bbox 2894 4241 3043 4305; x_wconf 89' lang='lat' dir='ltr'>inde</span> <span class='ocrx_word' id='word_1_310' title='bbox 3091 4241 3384 4306; x_wconf 83' lang='lat' dir='ltr'>confecto</span> <span class='ocrx_word' id='word_1_311' title='bbox 3431 4239 3685 4327; x_wconf 85' lang='lat' dir='ltr'>plenius</span> <span class='ocrx_word' id='word_1_312' title='bbox 3732 4239 4116 4305; x_wconf 88' lang='lat' dir='ltr'>continetur.</span> <span class='ocrx_word' id='word_1_313' title='bbox 4162 4238 4299 4303; x_wconf 86' lang='lat' dir='ltr'>Nos</span> 
     </span>
     <span class='ocr_line' id='line_1_29' title="bbox 665 4348 4299 4437; baseline -0.001 -25"><span class='ocrx_word' id='word_1_314' title='bbox 665 4369 817 4413; x_wconf 90' lang='lat' dir='ltr'>vero</span> <span class='ocrx_word' id='word_1_315' title='bbox 863 4348 995 4413; x_wconf 90' lang='lat' dir='ltr'>suis</span> <span class='ocrx_word' id='word_1_316' title='bbox 1042 4349 1619 4437; x_wconf 87' lang='lat' dir='ltr'>supplicationibus</span> <span class='ocrx_word' id='word_1_317' title='bbox 1667 4350 1984 4433; x_wconf 90' lang='lat' dir='ltr'>inclinati,</span> <span class='ocrx_word' id='word_1_318' title='bbox 2036 4349 2207 4435; x_wconf 92' lang='lat' dir='ltr'>quod</span> <span class='ocrx_word' id='word_1_319' title='bbox 2252 4370 2369 4436; x_wconf 88' lang='lat' dir='ltr'>per</span> <span class='ocrx_word' id='word_1_320' title='bbox 2415 4349 2711 4414; x_wconf 88' lang='lat' dir='ltr'>eumdem</span> <span class='ocrx_word' id='word_1_321' title='bbox 2757 4349 3056 4414; x_wconf 85' lang='lat' dir='ltr'>Electum</span> <span class='ocrx_word' id='word_1_322' title='bbox 3103 4349 3168 4412; x_wconf 88' lang='lat' dir='ltr'>in</span> <span class='ocrx_word' id='word_1_323' title='bbox 3215 4349 3337 4413; x_wconf 91' lang='lat' dir='ltr'>hac</span> <span class='ocrx_word' id='word_1_324' title='bbox 3383 4355 3568 4435; x_wconf 88' lang='lat' dir='ltr'>parte</span> <span class='ocrx_word' id='word_1_325' title='bbox 3630 4348 3873 4412; x_wconf 81' lang='lat' dir='ltr'>factum</span> <span class='ocrx_word' id='word_1_326' title='bbox 3928 4353 4027 4411; x_wconf 88' lang='lat' dir='ltr'>est</span> <span class='ocrx_word' id='word_1_327' title='bbox 4086 4353 4299 4411; x_wconf 85' lang='lat' dir='ltr'>ratum</span> 
     </span>
     <span class='ocr_line' id='line_1_30' title="bbox 665 4453 4300 4542; baseline -0.001 -23"><span class='ocrx_word' id='word_1_328' title='bbox 665 4462 729 4519; x_wconf 91' lang='lat' dir='ltr'>et</span> <span class='ocrx_word' id='word_1_329' title='bbox 774 4463 1033 4541; x_wconf 87' lang='lat' dir='ltr'>gratum</span> <span class='ocrx_word' id='word_1_330' title='bbox 1078 4456 1412 4540; x_wconf 89' lang='lat' dir='ltr'>habentes,</span> <span class='ocrx_word' id='word_1_331' title='bbox 1454 4457 1519 4522; x_wconf 91' lang='lat' dir='ltr'>id</span> <span class='ocrx_word' id='word_1_332' title='bbox 1566 4458 1949 4522; x_wconf 87' lang='lat' dir='ltr'>auctoritate</span> <span class='ocrx_word' id='word_1_333' title='bbox 1997 4456 2352 4542; x_wconf 90' lang='lat' dir='ltr'>apostolica</span> <span class='ocrx_word' id='word_1_334' title='bbox 2398 4456 2701 4521; x_wconf 87' lang='lat' dir='ltr'>duximus</span> <span class='ocrx_word' id='word_1_335' title='bbox 2747 4455 3277 4521; x_wconf 86' lang='lat' dir='ltr'>confirmandum.</span> <span class='ocrx_word' id='word_1_336' title='bbox 3327 4456 3645 4531; x_wconf 90' lang='lat' dir='ltr'>Quocirca</span> <span class='ocrx_word' id='word_1_337' title='bbox 3690 4453 4093 4538; x_wconf 88' lang='lat' dir='ltr'>mandamus,</span> <span class='ocrx_word' id='word_1_338' title='bbox 4142 4475 4300 4540; x_wconf 91' lang='lat' dir='ltr'>qua-</span> 
     </span>
     <span class='ocr_line' id='line_1_31' title="bbox 664 4561 4299 4652; baseline -0.001 -25"><span class='ocrx_word' id='word_1_339' title='bbox 664 4571 851 4628; x_wconf 89' lang='lat' dir='ltr'>tenus</span> <span class='ocrx_word' id='word_1_340' title='bbox 898 4563 1135 4629; x_wconf 87' lang='lat' dir='ltr'>dictum</span> <span class='ocrx_word' id='word_1_341' title='bbox 1184 4565 1473 4648; x_wconf 89' lang='lat' dir='ltr'>Petrum,</span> <span class='ocrx_word' id='word_1_342' title='bbox 1507 4565 1613 4631; x_wconf 91' lang='lat' dir='ltr'>vel</span> <span class='ocrx_word' id='word_1_343' title='bbox 1657 4572 2141 4652; x_wconf 88' lang='lat' dir='ltr'>procuratorem</span> <span class='ocrx_word' id='word_1_344' title='bbox 2188 4586 2375 4629; x_wconf 89' lang='lat' dir='ltr'>suum</span> <span class='ocrx_word' id='word_1_345' title='bbox 2421 4565 2563 4649; x_wconf 88' lang='lat' dir='ltr'>ejus</span> <span class='ocrx_word' id='word_1_346' title='bbox 2613 4565 2890 4648; x_wconf 90' lang='lat' dir='ltr'>nomine,</span> <span class='ocrx_word' id='word_1_347' title='bbox 2940 4585 2980 4628; x_wconf 90' lang='lat' dir='ltr'>a</span> <span class='ocrx_word' id='word_1_348' title='bbox 3026 4564 3310 4651; x_wconf 88' lang='lat' dir='ltr'>capitulo</span> <span class='ocrx_word' id='word_1_349' title='bbox 3360 4562 3729 4650; x_wconf 90' lang='lat' dir='ltr'>supradicto</span> <span class='ocrx_word' id='word_1_350' title='bbox 3776 4561 3975 4648; x_wconf 90' lang='lat' dir='ltr'>recipi</span> <span class='ocrx_word' id='word_1_351' title='bbox 4022 4583 4137 4648; x_wconf 90' lang='lat' dir='ltr'>per</span> <span class='ocrx_word' id='word_1_352' title='bbox 4183 4583 4299 4626; x_wconf 91' lang='lat' dir='ltr'>vos</span> 
     </span>
     <span class='ocr_line' id='line_1_32' title="bbox 664 4669 4301 4760; baseline -0.001 -25"><span class='ocrx_word' id='word_1_353' title='bbox 664 4670 768 4735; x_wconf 90' lang='lat' dir='ltr'>vel</span> <span class='ocrx_word' id='word_1_354' title='bbox 822 4671 983 4736; x_wconf 90' lang='lat' dir='ltr'>alios</span> <span class='ocrx_word' id='word_1_355' title='bbox 1027 4672 1096 4736; x_wconf 88' lang='lat' dir='ltr'>in</span> <span class='ocrx_word' id='word_1_356' title='bbox 1141 4672 1370 4737; x_wconf 89' lang='lat' dir='ltr'>eadem</span> <span class='ocrx_word' id='word_1_357' title='bbox 1417 4672 1691 4738; x_wconf 89' lang='lat' dir='ltr'>ecclesia</span> <span class='ocrx_word' id='word_1_358' title='bbox 1736 4673 1925 4760; x_wconf 89' lang='lat' dir='ltr'>eique</span> <span class='ocrx_word' id='word_1_359' title='bbox 1980 4672 2307 4760; x_wconf 89' lang='lat' dir='ltr'>provideri</span> <span class='ocrx_word' id='word_1_360' title='bbox 2366 4672 2621 4736; x_wconf 82' lang='lat' dir='ltr'>faciatis</span> <span class='ocrx_word' id='word_1_361' title='bbox 2681 4693 2796 4736; x_wconf 90' lang='lat' dir='ltr'>seu</span> <span class='ocrx_word' id='word_1_362' title='bbox 2844 4670 3239 4758; x_wconf 83' lang='lat' dir='ltr'>provideatis</span> <span class='ocrx_word' id='word_1_363' title='bbox 3286 4670 3364 4735; x_wconf 90' lang='lat' dir='ltr'>de</span> <span class='ocrx_word' id='word_1_364' title='bbox 3413 4669 3773 4757; x_wconf 90' lang='lat' dir='ltr'>prebenda,</span> <span class='ocrx_word' id='word_1_365' title='bbox 3821 4670 3876 4734; x_wconf 90' lang='lat' dir='ltr'>si</span> <span class='ocrx_word' id='word_1_366' title='bbox 3922 4676 4147 4752; x_wconf 88' lang='lat' dir='ltr'>vacat,</span> <span class='ocrx_word' id='word_1_367' title='bbox 4195 4669 4301 4734; x_wconf 85' lang='lat' dir='ltr'>vel</span> 
     </span>
     <span class='ocr_line' id='line_1_33' title="bbox 666 4777 4302 4866; baseline -0.001 -24"><span class='ocrx_word' id='word_1_368' title='bbox 666 4779 1139 4865; x_wconf 88' lang='lat' dir='ltr'>quamprimum</span> <span class='ocrx_word' id='word_1_369' title='bbox 1185 4779 1268 4844; x_wconf 90' lang='lat' dir='ltr'>ad</span> <span class='ocrx_word' id='word_1_370' title='bbox 1314 4779 1380 4844; x_wconf 90' lang='lat' dir='ltr'>id</span> <span class='ocrx_word' id='word_1_371' title='bbox 1428 4780 1733 4845; x_wconf 87' lang='lat' dir='ltr'>obtulerit</span> <span class='ocrx_word' id='word_1_372' title='bbox 1778 4801 1847 4844; x_wconf 91' lang='lat' dir='ltr'>se</span> <span class='ocrx_word' id='word_1_373' title='bbox 1894 4779 2193 4863; x_wconf 84' lang='lat' dir='ltr'>facultas,</span> <span class='ocrx_word' id='word_1_374' title='bbox 2235 4781 2429 4864; x_wconf 88' lang='lat' dir='ltr'>juxta</span> <span class='ocrx_word' id='word_1_375' title='bbox 2475 4779 2763 4866; x_wconf 89' lang='lat' dir='ltr'>priorum</span> <span class='ocrx_word' id='word_1_376' title='bbox 2811 4787 3178 4844; x_wconf 89' lang='lat' dir='ltr'>nostrarum</span> <span class='ocrx_word' id='word_1_377' title='bbox 3224 4778 3685 4843; x_wconf 88' lang='lat' dir='ltr'>continentiam</span> <span class='ocrx_word' id='word_1_378' title='bbox 3729 4777 4112 4859; x_wconf 88' lang='lat' dir='ltr'>litterarum,</span> <span class='ocrx_word' id='word_1_379' title='bbox 4154 4797 4302 4841; x_wconf 90' lang='lat' dir='ltr'>eon-</span> 
     </span>
     <span class='ocr_line' id='line_1_34' title="bbox 664 4883 4301 4975; baseline -0.001 -24"><span class='ocrx_word' id='word_1_380' title='bbox 664 4886 1045 4951; x_wconf 90' lang='lat' dir='ltr'>tradictores</span> <span class='ocrx_word' id='word_1_381' title='bbox 1091 4909 1208 4975; x_wconf 90' lang='lat' dir='ltr'>per</span> <span class='ocrx_word' id='word_1_382' title='bbox 1253 4908 1589 4952; x_wconf 86' lang='lat' dir='ltr'>censuram</span> <span class='ocrx_word' id='word_1_383' title='bbox 1638 4887 2161 4970; x_wconf 88' lang='lat' dir='ltr'>ecclesiasticam,</span> <span class='ocrx_word' id='word_1_384' title='bbox 2196 4887 2632 4975; x_wconf 89' lang='lat' dir='ltr'>appellatione</span> <span class='ocrx_word' id='word_1_385' title='bbox 2663 4888 3044 4974; x_wconf 90' lang='lat' dir='ltr'>postposita,</span> <span class='ocrx_word' id='word_1_386' title='bbox 3078 4886 3562 4973; x_wconf 88' lang='lat' dir='ltr'>compescendo.</span> <span class='ocrx_word' id='word_1_387' title='bbox 3595 4885 3744 4950; x_wconf 90' lang='lat' dir='ltr'>Non</span> <span class='ocrx_word' id='word_1_388' title='bbox 3791 4885 4087 4950; x_wconf 87' lang='lat' dir='ltr'>obstante</span> <span class='ocrx_word' id='word_1_389' title='bbox 4128 4883 4301 4970; x_wconf 91' lang='lat' dir='ltr'>quod</span> 
     </span>
     <span class='ocr_line' id='line_1_35' title="bbox 666 4990 4300 5081; baseline -0.001 -24"><span class='ocrx_word' id='word_1_390' title='bbox 666 4993 835 5058; x_wconf 90' lang='lat' dir='ltr'>idem</span> <span class='ocrx_word' id='word_1_391' title='bbox 880 4993 1114 5058; x_wconf 89' lang='lat' dir='ltr'>Petrus</span> <span class='ocrx_word' id='word_1_392' title='bbox 1171 4994 1335 5058; x_wconf 88' lang='lat' dir='ltr'>alias</span> <span class='ocrx_word' id='word_1_393' title='bbox 1395 4995 1813 5059; x_wconf 89' lang='lat' dir='ltr'>beneficiatus</span> <span class='ocrx_word' id='word_1_394' title='bbox 1875 4994 2130 5077; x_wconf 78' lang='lat' dir='ltr'>existit,</span> <span class='ocrx_word' id='word_1_395' title='bbox 2180 5016 2296 5059; x_wconf 89' lang='lat' dir='ltr'>seu</span> <span class='ocrx_word' id='word_1_396' title='bbox 2356 4996 2583 5081; x_wconf 87' lang='lat' dir='ltr'>quavis</span> <span class='ocrx_word' id='word_1_397' title='bbox 2646 4994 2815 5059; x_wconf 89' lang='lat' dir='ltr'>dicte</span> <span class='ocrx_word' id='word_1_398' title='bbox 2880 4993 3065 5059; x_wconf 82' lang='lat' dir='ltr'>Sedis</span> <span class='ocrx_word' id='word_1_399' title='bbox 3125 4992 3552 5078; x_wconf 87' lang='lat' dir='ltr'>indulgentia,</span> <span class='ocrx_word' id='word_1_400' title='bbox 3601 4991 3773 5078; x_wconf 90' lang='lat' dir='ltr'>quod</span> <span class='ocrx_word' id='word_1_401' title='bbox 3818 4991 3898 5056; x_wconf 91' lang='lat' dir='ltr'>de</span> <span class='ocrx_word' id='word_1_402' title='bbox 3953 4990 4300 5077; x_wconf 89' lang='lat' dir='ltr'>prebendis</span> 
     </span>
     <span class='ocr_line' id='line_1_36' title="bbox 665 5098 4299 5189; baseline -0.001 -23"><span class='ocrx_word' id='word_1_403' title='bbox 665 5100 956 5185; x_wconf 88' lang='lat' dir='ltr'>ejusdem</span> <span class='ocrx_word' id='word_1_404' title='bbox 1002 5101 1272 5167; x_wconf 89' lang='lat' dir='ltr'>ecclesie</span> <span class='ocrx_word' id='word_1_405' title='bbox 1320 5103 1552 5188; x_wconf 88' lang='lat' dir='ltr'>cuique</span> <span class='ocrx_word' id='word_1_406' title='bbox 1597 5125 1715 5189; x_wconf 89' lang='lat' dir='ltr'>per</span> <span class='ocrx_word' id='word_1_407' title='bbox 1761 5103 2009 5167; x_wconf 88' lang='lat' dir='ltr'>litteras</span> <span class='ocrx_word' id='word_1_408' title='bbox 2057 5102 2446 5188; x_wconf 88' lang='lat' dir='ltr'>apostolicas</span> <span class='ocrx_word' id='word_1_409' title='bbox 2492 5123 2623 5166; x_wconf 91' lang='lat' dir='ltr'>non</span> <span class='ocrx_word' id='word_1_410' title='bbox 2677 5101 2898 5166; x_wconf 90' lang='lat' dir='ltr'>valeat</span> <span class='ocrx_word' id='word_1_411' title='bbox 2956 5100 3319 5188; x_wconf 88' lang='lat' dir='ltr'>provideri,</span> <span class='ocrx_word' id='word_1_412' title='bbox 3367 5106 3433 5165; x_wconf 92' lang='lat' dir='ltr'>et</span> <span class='ocrx_word' id='word_1_413' title='bbox 3494 5099 3624 5164; x_wconf 90' lang='lat' dir='ltr'>alia</span> <span class='ocrx_word' id='word_1_414' title='bbox 3685 5120 3802 5186; x_wconf 89' lang='lat' dir='ltr'>per</span> <span class='ocrx_word' id='word_1_415' title='bbox 3848 5119 4044 5185; x_wconf 91' lang='lat' dir='ltr'>quam</span> <span class='ocrx_word' id='word_1_416' title='bbox 4096 5098 4299 5184; x_wconf 91' lang='lat' dir='ltr'>ipsius</span> 
     </span>
     <span class='ocr_line' id='line_1_37' title="bbox 665 5206 4301 5297; baseline -0.001 -24"><span class='ocrx_word' id='word_1_417' title='bbox 665 5208 846 5274; x_wconf 91' lang='lat' dir='ltr'>Petri</span> <span class='ocrx_word' id='word_1_418' title='bbox 907 5210 1191 5296; x_wconf 88' lang='lat' dir='ltr'>provisio</span> <span class='ocrx_word' id='word_1_419' title='bbox 1252 5210 1471 5275; x_wconf 86' lang='lat' dir='ltr'>valeat</span> <span class='ocrx_word' id='word_1_420' title='bbox 1532 5210 1848 5297; x_wconf 90' lang='lat' dir='ltr'>impediri.</span> <span class='ocrx_word' id='word_1_421' title='bbox 1894 5211 2031 5276; x_wconf 86' lang='lat' dir='ltr'>Nos</span> <span class='ocrx_word' id='word_1_422' title='bbox 2078 5210 2342 5296; x_wconf 90' lang='lat' dir='ltr'>insuper</span> <span class='ocrx_word' id='word_1_423' title='bbox 2386 5209 2790 5275; x_wconf 89' lang='lat' dir='ltr'>decernimus</span> <span class='ocrx_word' id='word_1_424' title='bbox 2836 5209 3090 5273; x_wconf 90' lang='lat' dir='ltr'>irritum</span> <span class='ocrx_word' id='word_1_425' title='bbox 3137 5215 3202 5273; x_wconf 86' lang='lat' dir='ltr'>et</span> <span class='ocrx_word' id='word_1_426' title='bbox 3247 5209 3439 5273; x_wconf 90' lang='lat' dir='ltr'>inane</span> <span class='ocrx_word' id='word_1_427' title='bbox 3503 5206 3807 5294; x_wconf 90' lang='lat' dir='ltr'>quicquid</span> <span class='ocrx_word' id='word_1_428' title='bbox 3868 5213 4093 5271; x_wconf 89' lang='lat' dir='ltr'>eontra</span> <span class='ocrx_word' id='word_1_429' title='bbox 4151 5227 4301 5293; x_wconf 92' lang='lat' dir='ltr'>pro-</span> 
     </span>
     <span class='ocr_line' id='line_1_38' title="bbox 669 5312 4300 5405; baseline -0.001 -25"><span class='ocrx_word' id='word_1_430' title='bbox 669 5317 982 5381; x_wconf 82' lang='lat' dir='ltr'>visionem</span> <span class='ocrx_word' id='word_1_431' title='bbox 1025 5317 1395 5402; x_wconf 87' lang='lat' dir='ltr'>hnjusmodi</span> <span class='ocrx_word' id='word_1_432' title='bbox 1443 5317 1521 5383; x_wconf 92' lang='lat' dir='ltr'>de</span> <span class='ocrx_word' id='word_1_433' title='bbox 1570 5319 1711 5405; x_wconf 89' lang='lat' dir='ltr'>ipsa</span> <span class='ocrx_word' id='word_1_434' title='bbox 1757 5326 1979 5383; x_wconf 88' lang='lat' dir='ltr'>nostra</span> <span class='ocrx_word' id='word_1_435' title='bbox 2024 5318 2130 5383; x_wconf 92' lang='lat' dir='ltr'>vel</span> <span class='ocrx_word' id='word_1_436' title='bbox 2178 5318 2308 5382; x_wconf 86' lang='lat' dir='ltr'>alia</span> <span class='ocrx_word' id='word_1_437' title='bbox 2354 5318 2582 5404; x_wconf 89' lang='lat' dir='ltr'>quavis</span> <span class='ocrx_word' id='word_1_438' title='bbox 2628 5317 3014 5382; x_wconf 89' lang='lat' dir='ltr'>auctoritate</span> <span class='ocrx_word' id='word_1_439' title='bbox 3062 5316 3405 5402; x_wconf 87' lang='lat' dir='ltr'>eontigerit</span> <span class='ocrx_word' id='word_1_440' title='bbox 3459 5315 3784 5380; x_wconf 90' lang='lat' dir='ltr'>attentari.</span> <span class='ocrx_word' id='word_1_441' title='bbox 3833 5312 4023 5389; x_wconf 90' lang='lat' dir='ltr'>Quod</span> <span class='ocrx_word' id='word_1_442' title='bbox 4070 5314 4124 5377; x_wconf 89' lang='lat' dir='ltr'>si</span> <span class='ocrx_word' id='word_1_443' title='bbox 4171 5335 4300 5378; x_wconf 88' lang='lat' dir='ltr'>nou</span> 
     </span>
     <span class='ocr_line' id='line_1_39' title="bbox 668 5423 3772 5512; baseline 0 -25"><span class='ocrx_word' id='word_1_444' title='bbox 668 5424 858 5489; x_wconf 88' lang='lat' dir='ltr'>ambo</span> <span class='ocrx_word' id='word_1_445' title='bbox 905 5424 1005 5488; x_wconf 90' lang='lat' dir='ltr'>his</span> <span class='ocrx_word' id='word_1_446' title='bbox 1053 5424 1449 5511; x_wconf 78' lang='lat' dir='ltr'>exequendis</span> <span class='ocrx_word' id='word_1_447' title='bbox 1493 5425 1830 5512; x_wconf 89' lang='lat' dir='ltr'>potueritis</span> <span class='ocrx_word' id='word_1_448' title='bbox 1876 5426 2209 5509; x_wconf 88' lang='lat' dir='ltr'>interesse,</span> <span class='ocrx_word' id='word_1_449' title='bbox 2258 5447 2423 5489; x_wconf 91' lang='lat' dir='ltr'>unus</span> <span class='ocrx_word' id='word_1_450' title='bbox 2468 5431 2757 5490; x_wconf 89' lang='lat' dir='ltr'>vestrum</span> <span class='ocrx_word' id='word_1_451' title='bbox 2804 5445 2883 5489; x_wconf 88' lang='lat' dir='ltr'>ea</span> <span class='ocrx_word' id='word_1_452' title='bbox 2929 5423 3344 5488; x_wconf 90' lang='lat' dir='ltr'>nihilominus</span> <span class='ocrx_word' id='word_1_453' title='bbox 3391 5430 3772 5510; x_wconf 85' lang='lat' dir='ltr'>exequatur.</span> 
     </span>
    </p>

    <p class='ocr_par' dir='ltr' id='par_1_8' title="bbox 846 5530 3508 5619">
     <span class='ocr_line' id='line_1_40' title="bbox 846 5530 3508 5619; baseline -0 -24"><span class='ocrx_word' id='word_1_454' title='bbox 846 5531 1090 5596; x_wconf 90' lang='lat' dir='ltr'>Datum</span> <span class='ocrx_word' id='word_1_455' title='bbox 1136 5531 1418 5597; x_wconf 88' lang='lat' dir='ltr'>Viterbii</span> <span class='ocrx_word' id='word_1_456' title='bbox 1464 5539 1651 5597; x_wconf 87' lang='lat' dir='ltr'>sexto</span> <span class='ocrx_word' id='word_1_457' title='bbox 1698 5532 2012 5598; x_wconf 88' lang='lat' dir='ltr'>kalendas</span> <span class='ocrx_word' id='word_1_458' title='bbox 2060 5531 2341 5618; x_wconf 89' lang='lat' dir='ltr'>augusti,</span> <span class='ocrx_word' id='word_1_459' title='bbox 2388 5531 2798 5619; x_wconf 89' lang='lat' dir='ltr'>pontificatus</span> <span class='ocrx_word' id='word_1_460' title='bbox 2846 5531 3050 5596; x_wconf 90' lang='lat' dir='ltr'>nostri</span> <span class='ocrx_word' id='word_1_461' title='bbox 3097 5530 3251 5595; x_wconf 90' lang='lat' dir='ltr'>anni</span> <span class='ocrx_word' id='word_1_462' title='bbox 3297 5531 3508 5596; x_wconf 87' lang='lat' dir='ltr'>tertio.</span> 
     </span>
    </p>
   </div>
   <div class='ocr_carea' id='block_1_5' title="bbox 830 6507 3294 6583">
    <p class='ocr_par' dir='ltr' id='par_1_9' title="bbox 830 6507 3294 6583">
     <span class='ocr_line' id='line_1_41' title="bbox 830 6507 3294 6583; baseline -0.002 -19"><span class='ocrx_word' id='word_1_463' title='bbox 830 6513 908 6580; x_wconf 88' lang='lat'>(1)</span> <span class='ocrx_word' id='word_1_464' title='bbox 946 6512 1030 6564; x_wconf 86' lang='lat' dir='ltr'>Ex</span> <span class='ocrx_word' id='word_1_465' title='bbox 1069 6529 1183 6583; x_wconf 82' lang='lat' dir='ltr'>reg.</span> <span class='ocrx_word' id='word_1_466' title='bbox 1223 6512 1298 6564; x_wconf 90' lang='lat'>11.</span> <span class='ocrx_word' id='word_1_467' title='bbox 1338 6512 1499 6565; x_wconf 80' lang='lat' dir='ltr'>Alex.</span> <span class='ocrx_word' id='word_1_468' title='bbox 1539 6511 1639 6564; x_wconf 83' lang='lat' dir='ltr'>IV.</span> <span class='ocrx_word' id='word_1_469' title='bbox 1676 6511 1777 6564; x_wconf 80' lang='lat' dir='ltr'>sub</span> <span class='ocrx_word' id='word_1_470' title='bbox 1816 6527 1902 6580; x_wconf 85' lang='lat' dir='ltr'>ep.</span> <span class='ocrx_word' id='word_1_471' title='bbox 1941 6513 2065 6577; x_wconf 82' lang='lat'>524,</span> <span class='ocrx_word' id='word_1_472' title='bbox 2102 6509 2199 6562; x_wconf 86' lang='lat' dir='ltr'>fol.</span> <span class='ocrx_word' id='word_1_473' title='bbox 2239 6513 2325 6576; x_wconf 81' lang='lat'>64,</span> <span class='ocrx_word' id='word_1_474' title='bbox 2364 6526 2453 6562; x_wconf 85' lang='lat' dir='ltr'>an.</span> <span class='ocrx_word' id='word_1_475' title='bbox 2487 6508 2842 6577; x_wconf 60' lang='lat' dir='ltr'><strong>MCCLVII„</strong></span> <span class='ocrx_word' id='word_1_476' title='bbox 2881 6508 3119 6561; x_wconf 82' lang='lat' dir='ltr'>XXVII.</span> <span class='ocrx_word' id='word_1_477' title='bbox 3177 6507 3294 6561; x_wconf 82' lang='lat' dir='ltr'>ulii.</span> 
     </span>
    </p>
   </div>
   <div class='ocr_carea' id='block_1_6' title="bbox 971 6721 4136 6780">
    <p class='ocr_par' dir='ltr' id='par_1_10' title="bbox 971 6721 4136 6780">
     <span class='ocr_line' id='line_1_42' title="bbox 971 6721 4136 6780; baseline -0.003 -1"><span class='ocrx_word' id='word_1_478' title='bbox 971 6741 1108 6780; x_wconf 71' lang='lat' dir='ltr'>rou.</span> <span class='ocrx_word' id='word_1_479' title='bbox 1143 6742 1207 6779; x_wconf 91' lang='lat'>11.</span> <span class='ocrx_word' id='word_1_480' title='bbox 4068 6721 4136 6771; x_wconf 82' lang='lat'>24</span> 
     </span>
    </p>
   </div>
  </div>
 </body>
</html>
