5542 7775
1251 636 1348 705 54
2815 657 3297 709 monnau-:Nm

1245 833 1529 877 crossam
1576 818 1642 877 et
1688 833 1976 899 parvam,
2024 818 2090 877 et
2136 830 2268 877 non
2314 812 2491 876 aliud
2536 812 2756 898 aliquo
2801 812 3013 877 mod0.
3056 819 3165 890 (ιζ’
3182 813 3269 878 Et
3313 813 3607 900 promisit
3668 813 3876 878 dictus
3938 814 4234 879 dominus
4281 814 4494 879 Bittus
4541 815 4876 901 Bolganus

1246 941 1363 1005 pro
1410 920 1731 1006 taglatore
1778 925 1841 983 et
1888 927 2263 1005 assagatore
2311 940 2448 1002 suc,
2498 919 2669 1006 quod
2715 920 2880 984 bene
2926 926 2992 985 et
3037 920 3335 1005 legaliter
3380 920 3639 1002 facient,
3674 928 3737 985 et
3785 921 3954 1007 quod
4001 922 4399 1007 presentabit
4432 944 4543 986 eos
4577 924 4640 986 in
4676 923 4879 988 forcia

1246 1028 1617 1093 Communis
1663 1027 1955 1092 Bononie
2003 1026 2307 1114 quociens
2352 1027 2670 1113 placuerit
2715 1027 2974 1092 domino
3021 1027 3337 1092 Potestati
3385 1028 3467 1092 ad
3515 1029 3914 1093 voluntatem
3962 1036 4464 1116 suprastantum.
4514 1037 4621 1108 (Π
4649 1030 4734 1094 Et
4782 1031 4877 1095 di·

1244 1143 1415 1201 ctam
1463 1141 1789 1200 monetam
1833 1134 2028 1199 faciet
2060 1141 2123 1199 et
2155 1134 2295 1199 fieri
2342 1134 2538 1200 faciet
2583 1155 2622 1198 a
2668 1134 2772 1199 die
2805 1142 3172 1199 contractus
3219 1136 3284 1199 in
3333 1143 3526 1200 antea
3573 1135 3656 1199 ad
3703 1135 3863 1200 duos
3911 1157 4114 1201 annos
4161 1136 4482 1219 continue,
4525 1138 4876 1203 secundum

1241 1243 1502 1308 modum
1548 1249 1823 1324 monete,
1855 1241 2212 1306 laborando
2254 1241 2511 1328 quando
2544 1248 2802 1305 moneta
2833 1242 3068 1328 poterit
3101 1242 3383 1306 laborari
3414 1243 3550 1307 sine
3584 1243 3863 1330 dampno
3896 1264 4098 1329 usque
4132 1242 4215 1306 ad
4247 1244 4544 1331 capitale,
4580 1245 4875 1310 omnibus

1241 1353 1373 1417 suis
1420 1351 1722 1439 expensis
1768 1357 1903 1415 tam
1948 1350 2028 1415 de
2075 1349 2263 1415 domo
2312 1370 2506 1436 quam
2552 1349 2987 1414 massaraticis
3032 1357 3097 1415 et
3137 1350 3432 1414 omnibus
3479 1351 3628 1436 alijs
3674 1372 3791 1437 pro
3840 1350 4013 1415 dicta
4058 1357 4317 1416 moneta
4355 1351 4652 1417 facienda
4685 1374 4873 1440 opor·

1240 1460 1432 1525 tunis.
1481 1466 1588 1537 (Π
1608 1459 1773 1523 Item
1821 1457 1992 1544 quod
2040 1457 2273 1543 aliquis
2319 1457 2475 1521 civis
2523 1457 2628 1520 vel
2675 1456 3150 1522 commitatinus
3200 1458 3263 1520 in
3310 1456 3482 1522 dicta
3530 1465 3787 1523 moneta
3833 1458 4173 1542 facienda,
4223 1459 4328 1523 vel
4389 1459 4529 1524 fieri
4574 1460 4873 1524 facienda

1242 1588 1370 1632 non
1416 1567 1620 1654 possit
1663 1587 1781 1630 nec
1829 1564 2062 1629 debeat
2107 1564 2347 1629 habere
2393 1571 2645 1651 partem
2692 1565 2910 1650 aliquo
2955 1564 3144 1629 modo
3192 1564 3296 1629 vel
3343 1565 3623 1649 ingenio,
3658 1573 3722 1630 et
3768 1587 3896 1630 non
3946 1566 4345 1651 intelligatur
4392 1566 4563 1652 quod
4612 1567 4707 1631 illi
4748 1567 4876 1631 sint

1240 1675 1413 1741 cives
1458 1674 1751 1739 Bononie
1784 1673 1894 1759 qui
1940 1678 2089 1737 sunt
2134 1671 2468 1757 originarii
2514 1672 2792 1736 civitatis
2840 1672 3189 1755 Florentie,
3237 1673 3444 1737 silicet
3489 1672 3818 1737 Blanchus
3865 1672 4254 1760 Begnaminj
4304 1674 4682 1758 Glandonis,
4728 1675 4873 1761 Spi-

1239 1783 1448 1847 nellus
1493 1782 1722 1846 Flachi
1766 1779 2188 1864 Bonacursij,
2237 1785 2303 1844 et
2348 1778 2601 1844 Massus
2648 1779 2899 1844 Rustici
2945 1779 3207 1863 Clariti,
3255 1780 3319 1844 in
3366 1802 3535 1866 pena
3596 1787 3661 1844 et
3721 1780 3936 1845 banno
4000 1781 4497 1867 quingentarum
4561 1783 4874 1847 librarum

1240 1889 1743 1970 bononinorum3
1779 1895 1844 1952 et
1889 1886 2059 1972 qnod
2105 1887 2324 1972 aliqua
2370 1887 2500 1951 alia
2545 1907 2824 1972 persona
2870 1908 2997 1951 non
3042 1887 3244 1973 possit
3292 1908 3408 1952 nec
3456 1886 3691 1952 debeat
3739 1888 3979 1952 habere
4025 1889 4372 1975 partemin
4407 1889 4578 1954 dicta
4611 1899 4871 1955 moneta

1239 1997 1536 2062 facienda
1580 1996 1686 2060 vel
1730 1996 1868 2059 fieri
1914 1992 2231 2076 facienda,
2281 2015 2398 2058 nec
2445 1994 2678 2079 aliquis
2724 1993 2882 2058 civis
2929 1994 3033 2057 vel
3080 1994 3489 2058 comitatinus
3536 1994 3738 2081 possit
3796 1996 4034 2060 habere
4088 2002 4340 2081 partem
4403 1997 4466 2059 in
4532 1998 4670 2084 ipsa
4738 2021 4871 2063 mo-

1238 2111 1389 2169 neta
1435 2104 1501 2168 in
1548 2103 1719 2167 dicta
1766 2123 1933 2189 pena
1978 2109 2043 2165 et
2090 2100 2304 2165 banno
2338 2101 2838 2186 quingentarum
2869 2100 3180 2164 librarum
3218 2101 3708 2183 bononinorum,
3744 2102 4095 2166 auferendo
4128 2111 4260 2166 tam
4294 2102 4464 2168 dicto
4497 2104 4870 2170 conductori

1237 2218 1526 2294 monete,
1575 2232 1769 2296 quam
1831 2209 1974 2273 aliis
2037 2208 2371 2291 omnibus,
2420 2207 2529 2294 qui
2592 2208 2906 2272 haberent
2962 2216 3212 2294 partem
3261 2209 3324 2272 in
3371 2209 3544 2273 dicta
3591 2218 3848 2274 moneta
3896 2216 4120 2274 contra
4167 2210 4521 2297 predictam
4570 2212 4865 2278 formam.

1235 2327 1342 2396 (11‘
1359 2319 1446 2383 Et
1493 2318 1661 2404 quod
1710 2322 2152 2403 suprastantes
2197 2316 2547 2400 alligantur
2587 2315 2669 2379 ad
2702 2316 3103 2379 voluntatem
3144 2316 3383 2381 domini
3416 2317 3766 2381 Potestatis
3799 2325 3864 2381 et
3895 2317 4137 2381 domini
4171 2318 4529 2404 Capitanci,
4565 2322 4867 2406 expensis

1231 2434 1448 2491 tamen
1502 2432 1796 2508 monete3
1844 2425 1935 2488 ita
1982 2422 2153 2509 quod
2201 2422 2469 2508 quilibet
2516 2422 2757 2486 habere
2805 2444 2935 2487 non
2980 2424 3184 2508 possit
3230 2425 3400 2487 ultra
3447 2424 3715 2508 triginta
3777 2423 4014 2489 solidos
4063 2425 4567 2509 bononinorum,
4617 2435 4681 2491 et
4727 2450 4867 2492 mu-

1229 2540 1447 2598 tentur
1492 2533 1763 2619 singulis
1811 2530 2061 2596 duobus
2110 2529 2434 2594 mensibus
2482 2529 2647 2594 sicut
2691 2529 3014 2593 videbitur
3071 2530 3328 2594 domino
3390 2530 3709 2595 Potestati
3771 2538 3837 2597 et
3897 2531 4154 2596 domino
4211 2532 4587 2617 Capitaneo.
4637 2541 4744 2611 (Π
4785 2535 4870 2600 Et

1231 2641 1402 2728 quod
1449 2641 1544 2704 illi
1592 2641 1702 2726 qui
1748 2645 1937 2703 erunt
1983 2637 2171 2702 electi
2219 2637 2284 2700 in
2331 2645 2773 2722 suprastantes
2822 2636 2904 2700 ad
2951 2637 3239 2723 predicta
3285 2638 3612 2702 laudanda
3653 2644 3718 2702 et
3764 2638 4183 2724 approbanda
4224 2638 4503 2703 debeant
4537 2641 4749 2705 iurare
4789 2643 4870 2707 de

1230 2771 1397 2813 novo
1459 2770 1675 2813 coram
1730 2745 1988 2810 domiuo
2035 2744 2367 2808 Potestate
2414 2751 2478 2807 et
2524 2742 2782 2808 domino
2831 2743 3184 2831 Capitaneo
3232 2752 3296 2809 et
3342 2766 3560 2810 coram
3606 2745 3906 2831 Bulgano
3961 2746 4249 2832 predicto
4310 2748 4415 2810 vel
4479 2748 4865 2816 conductore

1227 2861 1483 2921 monete
1527 2854 1796 2918 laudare
1844 2860 1908 2916 et
1956 2850 2316 2937 approbare
2365 2857 2689 2913 monetam
2736 2850 3088 2914 secundum
3135 2851 3575 2938 supradictum
3622 2852 3902 2935 modum,
3951 2853 4121 2917 bona
4167 2852 4313 2936 fide,
4347 2859 4480 2917 tam
4526 2877 4642 2941 pro
4691 2878 4863 2921 com-

1229 2964 1407 3028 muni
1453 2962 1765 3044 Bononie,
1815 2982 2009 3047 quam
2054 2981 2170 3046 pro
2218 2961 2357 3046 ipso
2402 2959 2704 3044 Bulgano
2751 2960 2858 3024 vel
2904 2959 3290 3024 conductore
3340 2966 3615 3024 monete.

1406 3078 1513 3149 (Π
1533 3070 1701 3134 Item
1748 3068 1918 3155 quod
1965 3074 2427 3154 suprastantes,
2463 3068 2572 3153 qui
2619 3068 2807 3133 electi
2854 3068 3114 3151 fuerint,
3147 3075 3490 3133 teneantur
3533 3068 3753 3132 venire
3788 3069 4005 3133 levare
4038 3076 4103 3133 et
4133 3069 4339 3134 levari
4371 3071 4585 3136 facere
4618 3094 4860 3157 sazum,

1229 3187 1294 3243 et
1340 3178 1701 3265 approbare
1750 3177 1957 3262 ipsam
2003 3182 2348 3257 monetam,
2380 3174 2732 3239 secundum
2780 3174 3041 3239 modum
3083 3175 3540 3261 supradictum,
3576 3176 3878 3261 quociens
3912 3175 4151 3241 fuerint
4183 3178 4472 3263 requisiti
4505 3201 4620 3265 per
4651 3181 4862 3267 ipsum

1226 3286 1633 3371 Bulganum,
1680 3284 1785 3348 vel
1831 3283 2112 3368 aliquem
2157 3282 2236 3347 de
2285 3282 2475 3367 socijs
2522 3282 2848 3367 ejusdem3
2897 3289 2963 3347 et
3017 3282 3312 3346 dominus
3373 3282 3709 3365 Potestas,
3759 3282 3814 3345 si
3875 3282 4070 3347 fuerit
4131 3285 4514 3370 requisitnS,
4562 3294 4860 3353 teneatur

1225 3392 1430 3457 dictos
1478 3396 1919 3479 suprastantes
1966 3410 2198 3475 cogere
2246 3390 2465 3453 venire
2513 3389 2596 3453 ad
2640 3389 2931 3475 predicta
2968 3388 3285 3470 facienda,
3320 3389 3386 3452 in
3427 3389 3641 3454 banno
3689 3397 3946 3454 centum
3993 3390 4344 3455 solidorum
4391 3392 4861 3459 bononinorum

1225 3500 1577 3565 auferendo
1625 3499 1888 3564 cuilibet
1934 3496 2362 3583 suprastanti,
2411 3497 2521 3582 qui
2564 3496 2786 3560 venire
2833 3495 3088 3560 differet
3133 3496 3238 3559 vel
3286 3504 3613 3560 recusaret
3657 3497 3913 3578 venire,
3963 3517 4080 3583 pro
4128 3498 4416 3584 qualibet
4463 3500 4622 3564 vice.
4673 3501 4757 3566 Et
4805 3502 4859 3566 si

1223 3607 1378 3672 dicti
1424 3611 1886 3693 suprastantes,
1920 3604 2030 3690 qui
2077 3610 2266 3668 erunt
2296 3625 2490 3689 super
2522 3603 2693 3667 dicta
2726 3611 2985 3667 moneta
3017 3602 3456 3689 approbanda,
3491 3609 3705 3667 essent
3736 3604 3806 3667 in
3840 3603 4160 3669 discordia
4199 3627 4343 3669 cum
4384 3606 4552 3671 dicto
4601 3607 4859 3673 domino

1220 3714 1398 3779 Bitto
1444 3714 1780 3799 Bulgano‚
1829 3711 2216 3777 conductore
2264 3717 2552 3793 monete,
2602 3711 2706 3775 vel
2752 3710 2971 3796 aliquo
3017 3710 3097 3774 de
3145 3711 3338 3795 socijs
3384 3710 3678 3795 ejusdem
3723 3710 3804 3775 de
3852 3712 4274 3798 approbanda
4338 3712 4509 3778 dicta
4571 3723 4857 3798 moneta,

1222 3822 1392 3908 quod
1440 3820 1735 3884 dominus
1782 3820 2080 3884 Potestas
2128 3824 2191 3882 et
2254 3817 2645 3906 Capitaneus
2707 3823 3050 3882 teneantur
3095 3817 3177 3881 ad
3225 3817 3624 3882 voluntatem
3671 3817 3823 3882 dicti
3885 3818 4126 3883 domini
4187 3820 4348 3884 Bitti
4419 3820 4702 3908 Bulgani
4748 3824 4857 3888 vel

1220 3951 1483 3995 suorum
1530 3929 1849 3993 sociorum
1901 3935 1967 3992 et
2028 3926 2112 3990 ad
2156 3926 2442 4012 ipsorum
2488 3925 2970 4011 requisitionem
3016 3925 3306 4012 accipere
3367 3924 3633 3990 Fratres
3694 3927 4064 4012 regulares,
4114 3929 4225 4012 qui
4270 3927 4550 3994 debeant
4595 3953 4854 4017 preesse

1220 4037 1387 4101 sazis
1432 4035 1744 4100 faciendis
1791 4043 1855 4099 et
1898 4034 2213 4099 tenendis.
2260 4033 2347 4098 Et
2393 4033 2742 4119 elligantur
2789 4055 2864 4097 eo
2912 4054 3066 4097 casu
3113 4055 3227 4120 per
3272 4033 3671 4098 Potestatem
3716 4041 3781 4097 et
3829 4034 4255 4121 Capitaneum
4287 4035 4518 4122 viginti
4549 4037 4702 4102 boni
4743 4039 4857 4103 ho-

1217 4145 1423 4208 mines
1486 4149 1551 4207 et
1609 4143 1857 4227 legales
1919 4141 1998 4206 de
2061 4140 2558 4227 sapientioribus
2613 4148 2679 4204 et
2724 4140 3086 4204 utilioribus
3133 4139 3368 4205 cambii
3438 4140 3716 4205 civitatis
3777 4140 4100 4224 Bononie,
4150 4143 4341 4207 etatis
4388 4145 4858 4231 quinquaginta

1219 4272 1553 4333 annorum,
1602 4250 1708 4314 vel
1754 4249 1836 4313 ab
1885 4248 2032 4313 inde
2079 4268 2311 4334 supra3
2358 4255 2422 4312 et
2482 4246 2653 4333 quod
2715 4247 2870 4311 dicti
2932 4248 3253 4334 sapientes
3301 4248 3406 4311 vel
3452 4249 3661 4333 major
3705 4268 3857 4334 pars
3904 4268 4128 4312 eorum
4175 4249 4583 4316 laudaverint
4629 4260 4694 4317 et
4741 4276 4855 4340 ap·

1217 4359 1653 4447 probaverint,
1688 4356 1753 4421 id
1793 4363 2102 4421 servetur.
2138 4361 2245 4433 (13‘
2270 4355 2437 4420 Item
2482 4354 2652 4441 quod
2698 4355 3022 4441 predictus
3069 4354 3363 4420 dominus
3411 4355 3624 4420 Bittus
3671 4356 4030 4441 Bulganus,
4066 4364 4133 4422 et
4180 4358 4321 4442 ejus
4370 4360 4528 4445 socij
4564 4362 4855 4445 quisunt

1217 4466 1549 4552 originarii
1597 4464 1877 4529 civitatis
1920 4463 2287 4545 Florentie,
2336 4463 2583 4549 possint
2628 4461 2831 4526 libere
2877 4462 3119 4544 venire,
3168 4469 3340 4527 stare
3388 4470 3452 4527 et
3498 4463 3707 4527 redire
3755 4463 3821 4526 in
3869 4463 4130 4529 civitate
4179 4473 4244 4529 et
4290 4465 4369 4529 de
4418 4467 4678 4532 civitate
4725 4468 4853 4534 Bo-

1214 4574 1406 4638 nonie
1446 4579 1511 4637 et
1557 4573 1698 4656 ejus
1744 4570 2037 4635 districtu
2083 4577 2149 4634 et
2193 4570 2465 4634 defferre
2510 4576 2576 4634 et
2618 4568 2880 4634 defferri
2923 4568 3137 4633 facere
3184 4569 3541 4651 bolzonem,
3575 4577 3936 4654 argentum,
3971 4571 4075 4635 vel
4117 4592 4369 4636 ramum
4403 4573 4486 4637 ad
4520 4574 4848 4640 civitatem

1211 4680 1505 4746 Bononie
1552 4700 1669 4765 pro
1715 4684 1975 4743 moneta
2021 4676 2353 4760 facienda,
2401 4684 2466 4741 et
2510 4675 2786 4761 e[o]rum
2831 4676 3049 4740 nuncii
3104 4676 3350 4762 possint
3411 4676 3705 4741 similiter
3766 4678 4023 4760 venire,
4074 4686 4247 4744 stare
4310 4687 4375 4745 et
4437 4680 4645 4746 redire
4710 4682 4848 4747 sine

1206 4788 1472 4870 fraude,
1521 4785 1837 4874 portando
1880 4793 2100 4849 tamen
2145 4784 2515 4866 bolzonem,
2565 4789 2942 4868 argentum,
2991 4784 3099 4847 vel
3162 4804 3414 4849 ramum
3463 4805 3577 4870 pro
3627 4784 3917 4870 predicta
3965 4792 4223 4851 moneta
4270 4786 4568 4852 facienda
4613 4797 4678 4853 et
4724 4812 4850 4854 non

1221 4896 1424 4983 possit
1469 4893 1781 4975 iniuriari,
1830 4891 2178 4974 molestari,
2226 4892 2333 4956 vel
2378 4891 2676 4955 intradici
2720 4891 2785 4955 in
2835 4891 3124 4977 personis
3171 4899 3236 4956 et
3280 4891 3472 4955 rebus
3518 4891 3709 4957 modo
3757 4892 3994 4977 aliquo,
4041 4893 4147 4958 vel
4194 4893 4474 4979 ingenie,
4517 4896 4622 4959 vel
4669 4918 4852 4962 occa-

1215 5004 1395 5068 sione
1445 5002 1720 5087 alicujus
1767 4999 2115 5086 represalie
2160 4999 2265 5064 vel
2311 4998 2533 5083 bannj.
2582 5003 2689 5075 (11‘
2714 4998 2882 5063 Item
2928 4998 3098 5085 quod
3144 4998 3431 5093 predicto
3478 4998 3735 5063 domino
3773 4999 3951 5064 Bitto
3991 4999 4293 5086 Bulgano
4335 5003 4439 5066 vel
4487 5003 4675 5067 sociis
4723 5026 4852 5069 non

1213 5110 1418 5198 possit
1463 5109 1707 5195 imponi
1753 5106 2017 5192 aliquod
2075 5106 2462 5187 tolloneum,
2508 5106 2615 5169 vel
2660 5105 2949 5188 dacium,
2997 5106 3099 5169 vel
3147 5105 3551 5191 passadium,
3602 5113 3716 5171 aut
3761 5106 3903 5170 tolli
3949 5128 4064 5193 pro
4112 5114 4381 5194 argento
4429 5110 4534 5173 vel
4581 5111 4848 5177 bolzone

1215 5224 1328 5282 aut
1375 5238 1592 5298 ram0,
1641 5214 1810 5301 quod
1872 5213 2187 5277 haberent
2251 5213 2353 5276 vel
2413 5211 2745 5276 differrent
2792 5212 2856 5275 in
2904 5212 3164 5277 civitate
3210 5213 3523 5295 Bononie,
3572 5213 3676 5277 vel
3721 5212 4012 5278 districtu
4059 5236 4177 5300 pro
4225 5223 4484 5280 moneta
4530 5217 4847 5284 facienda.

1214 5331 1321 5403 (ξ’
1344 5324 1432 5389 Et
1476 5323 1646 5409 quod
1692 5323 1896 5409 possit
1941 5320 2149 5386 dictus
2196 5320 2492 5385 dominus
2538 5319 2751 5384 Bittus
2798 5319 3138 5405 Bulganus
3185 5328 3249 5384 et
3294 5321 3436 5404 ejus
3483 5320 3640 5404 socij
3689 5320 3929 5384 habere
3978 5322 4307 5407 operarios
4355 5331 4420 5388 et
4457 5325 4847 5390 monetarios

1211 5454 1328 5519 pro
1377 5431 1549 5495 dicta
1596 5438 1854 5495 moneta
1899 5428 2197 5494 facienda
2240 5426 2687 5513 undecumque
2734 5427 3056 5491 voluerint
3109 5427 3194 5491 ad
3252 5448 3477 5492 eorum
3537 5428 3975 5511 voluntatem,
4024 5429 4115 5493 ita
4176 5430 4346 5515 quod
4407 5452 4538 5495 non
4600 5432 4848 5518 possint

1208 5538 1509 5625 impediri
1554 5538 1771 5623 aliquo
1818 5536 2008 5601 modo
2040 5557 2156 5621 per
2188 5535 2471 5621 aliquem
2502 5535 2606 5598 vel
2638 5535 2927 5620 aliquos3
2960 5541 3025 5599 et
3056 5534 3422 5620 specialiter
3454 5534 3788 5599 occasione
3821 5536 4093 5603 alicuius
4126 5537 4474 5622 represalie
4509 5539 4614 5603 vel
4646 5539 4849 5604 banni

1209 5645 1347 5710 dati
1392 5645 1588 5730 alicuj
1635 5642 2074 5725 universitati,
2122 5642 2228 5706 vel
2273 5640 2532 5706 domino
2580 5641 2851 5706 alieuius
2897 5642 3056 5725 loci,
3103 5642 3227 5706 nisi
3275 5648 3490 5706 essent
3552 5641 3616 5705 in
3681 5642 3895 5706 banno
3960 5644 4314 5708 communis
4360 5643 4652 5710 Bononie
4701 5646 4847 5711 aliis

1210 5748 1675 5818 occasionibus.
1724 5756 1831 5828 (11‘
1855 5750 2022 5814 Item
2068 5749 2239 5836 quod
2286 5749 2341 5813 si
2387 5749 2615 5814 civitas
2659 5749 2951 5815 Bononie
2997 5756 3168 5814 esset
3214 5748 3280 5813 in
3321 5750 3537 5835 aliquo
3572 5771 3848 5832 rumore,
3876 5750 4046 5835 quod
4079 5749 4258 5814 Deus
4290 5759 4563 5834 avertat,
4598 5760 4662 5816 et
4693 5761 4848 5818 tunc

1205 5860 1332 5946 ipsi
1379 5859 1636 5923 domino
1682 5858 1861 5922 Bitto
1907 5857 2209 5943 Bulgano
2256 5858 2362 5921 vel
2408 5857 2539 5921 suis
2586 5857 2779 5942 socijs
2825 5857 2928 5921 vel
2974 5856 3228 5941 nuncijs
3273 5878 3390 5943 per
3437 5856 3705 5920 forciam
3752 5864 3922 5921 esset
3968 5857 4214 5943 aliquid
4259 5864 4626 5944 acceptum,
4676 5859 4847 5945 quod

1208 5967 1563 6032 Commune
1609 5964 1904 6030 Bononie
1952 5964 2185 6028 debeat
2232 5964 2294 6027 ei
2338 5965 2443 6028 vel
2489 5965 2580 6028 eis
2629 5964 3001 6028 satisfacere
3050 5963 3129 6027 de
3172 5965 3344 6027 omni
3376 5985 3474 6046 eo,
3509 5964 3680 6050 quod
3712 5963 4102 6050 probaverit,
4137 5965 4242 6028 vel
4274 5965 4625 6051 probatum
4656 5966 4852 6032 fuerit

1208 6096 1327 6161 per
1374 6073 1505 6137 vim
1552 6072 1673 6136 sibi
1723 6078 2060 6158 acceptum
2106 6071 2265 6155 fore,
2313 6072 2523 6159 ipsum
2567 6072 2675 6135 vel
2717 6071 2890 6156 ipsos
2938 6092 3320 6136 conservare
3367 6071 3778 6157 indempnem
3824 6072 3928 6135 vel
3976 6072 4378 6157 indempnes.
4427 6071 4514 6136 Et
4561 6073 4850 6158 predicta

1207 6182 1423 6247 omnia
1471 6181 1751 6246 debeant
1798 6179 2138 6244 reformari
2182 6180 2248 6243 in
2297 6178 2578 6244 Consilio
2626 6179 2978 6243 communis
3025 6179 3317 6244 Bononie
3365 6187 3430 6244 et
3475 6179 3628 6265 poni
3675 6179 3740 6242 in
3802 6178 3984 6243 libris
4041 6185 4427 6243 statutorum
4475 6178 4845 6245 Communis

1200 6288 1516 6372 Bononie,
1550 6288 1946 6353 absolvendo
1994 6287 2209 6352 omnia
2264 6292 2526 6369 statuta,
2561 6286 2844 6372 capitula
2890 6292 3277 6350 statutorum
3322 6294 3387 6351 et
3432 6286 3923 6351 reformationes
3959 6285 4184 6372 populi
4214 6291 4280 6350 et
4313 6285 4684 6350 Communis
4717 6286 4847 6351 Bo·

1202 6397 1433 6480 nonie,
1499 6417 1624 6481 que
1685 6395 2201 6461 contradicerent
2259 6392 2504 6478 aliquid
2557 6393 2624 6456 in
2669 6392 2973 6478 predictis
3034 6393 3139 6458 vel
3187 6392 3253 6457 in
3300 6394 3517 6479 aliquo
3565 6393 4037 6479 predictorum,
4087 6400 4152 6458 et
4212 6392 4365 6480 poni
4427 6393 4662 6458 debeat
4723 6394 4844 6459 hoc

1201 6512 1464 6592 pactum
1510 6504 1577 6568 in
1624 6503 1788 6568 libro
1835 6508 2222 6567 statutorum
2269 6499 2641 6566 Communis
2685 6499 2999 6565 Bononie.
3032 6500 3424 6565 Promittens
3472 6501 3687 6565 dictus
3735 6500 4037 6587 syndicus
4084 6501 4342 6564 nomine
4390 6508 4455 6564 et
4500 6502 4638 6565 vice
4671 6522 4843 6565 com-
