5542 7775
1227 611 1325 683 50
2809 627 3293 679 nouolutum

1221 808 1330 851 res
1374 787 1735 873 peculiares
1785 785 2053 850 mobiles
2101 791 2166 848 et
2214 784 2574 848 immobiles
2621 793 2685 848 et
2734 783 2860 847 alie
2909 804 3347 870 quascumque
3393 782 3600 866 servi,
3647 804 3762 847 εει]
3809 781 3901 847 hii
3950 782 4061 869 qui
4105 782 4312 848 habiti
4370 789 4520 847 sunt
4568 804 4683 870 pro
4731 804 4867 847 ma-

1225 894 1488 977 xinatis,
1536 893 1882 957 habuerint
1928 891 2098 977 apud
2146 913 2215 955 se
2265 892 2371 956 vel
2418 892 2579 955 alios
2627 913 2744 978 pro
2792 891 2905 972 εἰε,
2935 890 3215 955 debeant
3259 890 3461 954 libere
3508 910 3842 954 remanere
3892 889 4062 975 apud
4111 890 4406 955 dominos
4452 911 4704 973 eorum,
4753 911 4868 954 seu

1226 1000 1481 1065 habitos
1525 1021 1642 1087 pro
1691 999 1998 1080 dominis,
2049 1006 2112 1062 et
2160 998 2361 1062 libere
2413 1005 2811 1062 remaneant.
2869 997 3028 1063 [tem
3077 997 3245 1083 quod
3301 997 3601 1062 Potestas
3662 1004 3727 1062 et
3790 996 4183 1083 Capitaneus
4234 996 4344 1083 qui
4392 1018 4510 1084 pro
4578 1003 4867 1084 tempore

1224 1106 1485 1189 fuerint,
1533 1128 1647 1170 seu
1697 1106 1861 1170 alter
1909 1126 2151 1188 eorum,
2201 1104 2487 1168 habeant
2532 1105 2814 1168 liberum
2862 1104 3201 1168 arbitrium
3247 1104 3593 1168 summarie
3664 1103 4031 1190 inquirendi
4090 1104 4228 1168 sine
4276 1103 4497 1190 aliqua
4551 1102 4718 1187 juris
4764 1125 4866 1167 so-

1227 1214 1623 1300 lempnitate,
1657 1213 1740 1277 ad
1788 1212 2164 1277 instantiam
2212 1212 2638 1293 dominorum,
2674 1212 2752 1275 de
2801 1211 3072 1298 peculiis
3117 1218 3182 1275 et
3227 1211 3420 1276 rebus
3469 1211 3775 1297 predictis
3822 1210 3935 1274 ubi
3983 1211 4140 1294 sint,
4188 1217 4254 1275 et
4303 1210 4479 1297 apud
4524 1232 4682 1297 quos
4729 1210 4867 1275 sive

1225 1322 1290 1386 in
1339 1322 1452 1404 eis,
1500 1322 1607 1386 vel
1652 1320 1796 1385 aliis
1844 1320 2142 1384 dicantur
2190 1320 2617 1384 instrumenta
2676 1318 3043 1404 conscripta
3074 1318 3179 1383 vel
3226 1340 3377 1401 non,
3412 1318 3547 1382 sive
3595 1318 3769 1404 apud
3800 1338 4268 1404 quemcumque
4317 1338 4458 1382 esse
4505 1316 4871 1381 dicerentur

1223 1450 1626 1516 quocumque
1684 1427 1873 1493 modo
1921 1434 1986 1491 et
2034 1449 2118 1491 ex
2166 1448 2568 1512 quacumque
2633 1447 2831 1490 causa
2880 1447 3021 1490 esse
3069 1424 3172 1489 vel
3219 1424 3453 1490 fuisse:
3504 1432 3568 1489 et
3630 1425 3685 1489 si
3756 1425 4132 1512 apparuerit
4202 1424 4373 1510 quod
4440 1424 4869 1511 pertinuerint

1223 1537 1305 1600 ad
1353 1558 1574 1601 servos
1620 1536 1724 1600 vel
1774 1535 1858 1599 ad
1907 1534 2219 1616 dominos,
2270 1555 2383 1598 seu
2432 1533 2686 1598 habitos
2736 1555 2852 1620 pro
2900 1532 3176 1597 dominis
3223 1554 3340 1620 per
3393 1554 3525 1616 eos,
3575 1532 3809 1596 debeat
3853 1532 4153 1597 Potestas
4202 1538 4267 1596 et
4313 1531 4704 1618 Capitaneus
4752 1552 4868 1595 seu

1218 1644 1385 1708 alter
1430 1664 1653 1708 eorum
1698 1643 1912 1707 facere
1960 1642 2105 1705 illas
2152 1663 2255 1704 res
2302 1641 2576 1724 restitui,
2626 1641 2749 1704 nisi
2795 1641 2875 1704 de
2928 1661 3246 1704 consensu
3278 1646 3343 1704 et
3388 1640 3467 1704 de
3514 1640 3847 1704 voluntate
3888 1639 4294 1703 dominorum
4340 1645 4406 1703 et
4459 1638 4864 1703 dominarum

1219 1751 1285 1815 in
1334 1752 1495 1815 alios
1544 1751 2007 1837 pervenissent,
2057 1749 2413 1814 secundum
2446 1748 2616 1835 quod
2664 1748 2785 1834 ipsi
2833 1747 3151 1811 Potestati
3199 1755 3264 1811 et
3311 1747 3667 1834 Capitaneo
3701 1746 4023 1811 videbitur
4056 1746 4137 1811 ad
4172 1767 4396 1811 eorum
4442 1745 4861 1810 voluntatem.

1220 1859 1389 1924 Item
1437 1858 1608 1945 quod
1657 1858 1929 1944 quilibet
1978 1857 2143 1921 alius
2189 1857 2301 1941 qui
2347 1856 2587 1921 habeat
2634 1855 2736 1919 vel
2785 1854 3087 1919 habuerit
3132 1854 3212 1918 de
3261 1854 3530 1940 peculiis
3578 1853 4031 1941 predictorum,
4101 1875 4215 1918 seu
4276 1854 4470 1919 rebus
4537 1852 4863 1939 pertinen-

1217 1966 1392 2030 tibus
1440 1965 1523 2030 ad
1571 1964 1881 2048 dominos,
1931 1986 2045 2027 seu
2092 1963 2348 2028 habitos
2395 1984 2512 2050 pro
2559 1961 2834 2025 dominis
2882 1983 2966 2025 ex
3011 1982 3208 2025 causa
3262 1961 3540 2047 depositi
3584 1961 3691 2025 vel
3737 1959 3868 2024 alia
3915 1981 4339 2047 quacumque,
4382 1960 4438 2024 si
4485 1981 4612 2025 non
4659 1959 4864 2024 mani-

1218 2072 1554 2137 festaverit
1597 2071 1766 2136 infra
1812 2071 1972 2135 duos
2020 2092 2272 2135 menses
2318 2078 2464 2157 post
2510 2069 2776 2133 laudum
2823 2069 3068 2132 factum
3112 2089 3151 2132 a
3197 2068 3530 2133 Potestate
3580 2073 3646 2132 et
3695 2067 4050 2154 Capitaneo
4094 2067 4176 2131 de
4223 2068 4427 2132 servis
4473 2077 4539 2131 et
4587 2067 4862 2149 anzillis,

1218 2201 1334 2244 εει]
1380 2179 1619 2244 habitis
1666 2200 1782 2265 pro
1831 2179 2033 2242 servis
2081 2184 2147 2242 et
2193 2177 2444 2241 anzillis
2492 2199 2606 2241 seu
2656 2175 3035 2258 maxinatis,
3085 2174 3395 2258 dominis,
3441 2196 3558 2239 seu
3625 2174 3862 2239 habitis
3918 2195 4033 2261 pro
4093 2174 4402 2258 dominis,
4452 2173 4859 2257 eorumdem,

1220 2308 1458 2374 penam
1505 2286 1688 2373 dupli
1732 2287 1893 2372 ejus,
1946 2285 2025 2349 de
2075 2306 2200 2371 quo
2268 2284 2688 2370 apparuerint
2756 2283 3000 2348 habere
3045 2283 3151 2347 vel
3211 2283 3547 2365 habuisse,
3595 2282 3965 2369 persolvere
4034 2282 4478 2368 compellatur.
4548 2280 4865 2346 Medietas

1220 2396 1405 2479 cujus
1452 2395 1536 2459 sit
1584 2394 1956 2459 Communis
2006 2401 2070 2456 et
2117 2393 2246 2457 alia
2294 2392 2733 2473 dominorum;
2785 2398 2850 2454 et
2897 2390 2976 2455 de
3024 2390 3329 2476 predictis
3377 2390 3580 2477 possit
3628 2389 3803 2455 omni
3863 2396 4152 2475 tempore
4219 2389 4458 2476 inquiri
4501 2395 4567 2453 et
4626 2387 4861 2476 puniri.

1217 2502 1322 2566 Ita
1370 2502 1541 2588 quod
1588 2502 1878 2589 predicta
1926 2522 2179 2587 semper
2226 2507 2604 2564 remaneant
2650 2500 2715 2562 in
2764 2499 3032 2562 arbitrio
3080 2498 3432 2563 Potestatis
3479 2504 3544 2561 et
3614 2497 3975 2583 Capitanei.
4023 2496 4191 2561 Item
4261 2504 4565 2583 parentes
4636 2496 4860 2578 liberi,

1219 2611 1329 2695 qui
1376 2611 1618 2674 habent
1665 2609 1948 2695 aliquem
1994 2608 2096 2672 vel
2147 2608 2397 2693 aliquos
2445 2607 2611 2670 filios
2659 2606 2763 2670 vel
2810 2606 2998 2688 filias,
3044 2627 3265 2670 servos
3313 2626 3429 2669 εει]
3474 2604 3766 2688 anzillas,
3816 2604 3952 2669 sive
3996 2604 4076 2670 de
4123 2605 4479 2687 maxinata,
4519 2610 4862 2668 teneantur

1222 2725 1287 2782 et
1333 2717 1612 2782 debeant
1662 2716 1792 2799 illi,
1843 2716 1945 2779 vel
1998 2715 2123 2778 illis
2170 2715 2317 2778 filiis
2366 2715 2472 2778 vel
2518 2714 2775 2777 filiabus
2831 2713 2910 2777 de
2973 2713 3106 2776 suis
3171 2713 3357 2776 bonis
3413 2712 3569 2776 dare
3639 2719 3892 2798 partem
3956 2712 4438 2797 contingentem
4492 2733 4611 2798 pro
4671 2710 4864 2776 virili.

1214 2826 1384 2891 Item
1430 2824 1719 2906 laudant,
1769 2824 2162 2887 sententiant
2210 2828 2273 2886 et
2315 2822 2611 2906 judicant
2656 2822 2721 2885 in
2771 2820 3094 2884 communi
3141 2820 3503 2902 concordia,
3553 2819 3726 2905 quod
3772 2820 3942 2884 servi
3996 2826 4062 2884 et
4121 2819 4399 2902 anzille,
4470 2840 4588 2882 seu
4654 2818 4863 2883 habiti

1213 2955 1332 3020 pro
1379 2933 1583 2997 servis
1630 2938 1694 2995 et
1742 2930 2110 3012 maxinatis,
2159 2930 2269 3015 qui
2317 2935 2383 2993 et
2430 2950 2553 3014 que
2602 2928 3010 3014 reperiuntur
3057 2926 3278 3013 scripti
3324 2927 3391 2990 in
3451 2926 3617 2992 libro
3668 2927 3794 2991 mei
3838 2926 4140 2991 Ubertini
4207 2926 4463 3009 notarii,
4535 2947 4620 2990 ex
4691 2946 4862 2990 nunc

1214 3042 1343 3105 sint
1387 3040 1576 3104 liberi
1621 3045 1687 3103 et
1734 3037 2005 3119 franchi,
2054 3045 2118 3101 et
2162 3043 2487 3122 ponantur
2533 3036 2596 3099 in
2646 3036 2810 3099 libro
2859 3034 3224 3098 fumantum
3270 3041 3335 3098 et
3381 3034 3656 3098 subeant
3703 3035 3950 3098 honera
3992 3034 4365 3099 Communis
4411 3033 4577 3098 sicut
4616 3032 4864 3097 faciunt

1212 3149 1423 3231 liberi,
1474 3149 1659 3212 salva
1707 3167 1961 3233 semper
2009 3145 2163 3231 ipsis
2213 3144 2531 3208 Potestati
2578 3153 2642 3208 et
2689 3143 3044 3229 Capitaneo
3092 3142 3551 3207 dilucidatione
3607 3148 3672 3205 et
3718 3141 4154 3206 declaratione
4201 3148 4266 3205 et
4334 3139 4862 3227 interpretatione

1213 3256 1280 3320 in
1326 3255 1632 3343 predictis
1679 3261 1743 3318 et
1793 3254 1963 3318 circa
2012 3252 2335 3338 predicta,
2385 3251 2440 3314 si
2488 3273 2613 3337 qua
2663 3250 2980 3314 dubitatio
3029 3250 3134 3313 vel
3181 3249 3538 3314 obscuritas
3609 3257 4000 3335 appareret3
4048 3254 4115 3313 et
4159 3248 4238 3312 de
4310 3248 4615 3334 predictis
4660 3248 4863 3312 omni-

1212 3364 1334 3428 bus
1381 3370 1446 3428 et
1493 3361 1767 3447 singulis
1817 3360 2279 3425 ordinamentis
2327 3379 2522 3444 super
2570 3358 2689 3422 hoc
2738 3358 2926 3421 factis
2973 3363 3039 3421 et
3085 3378 3280 3442 super
3337 3356 3524 3421 dictis
3585 3355 3886 3442 capitulis
3945 3356 4060 3419 fiat
4122 3356 4452 3420 Statutum
4510 3355 4862 3442 precisum,

1210 3471 1290 3534 de
1340 3491 1465 3555 quo
1514 3475 1811 3533 teneatur
1858 3468 2156 3532 Potestas
2204 3474 2268 3531 et
2316 3465 2729 3552 CapitaneuS,
2766 3464 3023 3528 anziani
3068 3471 3132 3529 et
3180 3463 3495 3546 consules,
3530 3463 3641 3550 qui
3673 3484 3842 3527 nunc
3874 3469 4025 3527 sunt
4056 3463 4161 3526 vel
4207 3462 4274 3527 in
4320 3462 4610 3526 futurum
4648 3469 4857 3545 erunt,

1210 3584 1274 3642 et
1320 3583 1599 3664 ponatur
1646 3577 1711 3639 in
1760 3575 2033 3640 Statutis
2084 3573 2455 3638 Communis
2506 3571 2799 3637 Bononie
2847 3579 2912 3636 et
2959 3570 3203 3658 populi,
3239 3570 3412 3657 quod
3458 3570 3731 3654 absolvi,
3765 3570 4064 3655 intelligi,
4112 3570 4494 3657 dispensari,
4542 3570 4858 3655 interpre-

1206 3685 1335 3748 tari
1380 3684 1598 3770 aliquo
1647 3682 1835 3747 modo
1883 3703 1998 3745 seu
2046 3702 2243 3744 causa
2290 3702 2422 3744 non
2468 3680 2669 3767 possit
2717 3701 2834 3744 nec
2905 3678 3139 3743 debeat
3205 3700 3323 3765 per
3390 3677 3718 3742 Statutum
3778 3698 3893 3742 seu
3956 3677 4525 3761 reformationem,
4602 3698 4726 3763 que
4775 3697 4860 3741 ex

1207 3813 1377 3856 nunc
1424 3791 1628 3873 fieret,
1678 3811 1797 3854 nec
1844 3811 1959 3876 per
2006 3788 2318 3875 populum
2363 3788 2656 3852 Bononie
2704 3808 2913 3873 neque
2958 3808 3075 3873 per
3121 3784 3568 3872 Capitaneum,
3610 3784 3938 3849 Anzianos
3986 3789 4051 3848 et
4099 3784 4432 3867 Consules,
4484 3806 4692 3871 neque
4738 3805 4856 3870 per

1208 3899 1628 3981 Potestatem,
1663 3897 2017 3963 Consilium
2066 3897 2438 3961 Communis
2472 3896 2765 3960 Bononie
2814 3903 2879 3959 et
2910 3893 3154 3980 populi,
3190 3915 3397 3980 neque
3438 3914 3555 3979 per
3586 3891 3916 3958 dominum
3947 3892 4220 3978 Papam,
4254 3914 4370 3957 seu
4412 3894 4554 3978 ejus
4585 3892 4857 3977 legatos.

1206 4004 1294 4070 Et
1341 4006 1460 4070 hec
1508 4004 1725 4070 omnia
1768 4004 2160 4090 precipimus
2212 4002 2673 4067 inviolabiliter
2721 4000 3054 4066 observari
3101 4021 3140 4064 a
3187 3999 3376 4064 dictis
3423 4000 3716 4086 partibus
3763 3999 3883 4063 sub
3931 4019 4100 4084 pena
4148 4005 4214 4063 et
4270 3999 4334 4063 in
4382 4019 4572 4086 pena,
4621 4019 4745 4084 que
4794 3999 4860 4062 in

1212 4114 1673 4200 compromisso
1723 4112 1894 4176 facto
1944 4111 2331 4175 continetur.

1386 4220 1625 4286 Actum
1672 4221 1739 4284 in
1787 4219 2030 4305 palatio
2080 4218 2285 4281 veteri
2334 4216 2705 4282 Communis
2752 4214 3046 4279 Bononie
3080 4215 3146 4279 in
3179 4213 3500 4280 Conscilio
3550 4213 3816 4301 speciali
3862 4221 3927 4278 et
3973 4213 4264 4300 generali
4314 4213 4684 4279 Communis
4729 4213 4860 4279 Bo-

1212 4328 1402 4393 nonie
1453 4328 1534 4391 ad
1582 4348 1812 4390 sonum
1858 4326 2194 4410 utriusque
2242 4346 2555 4411 campane
2603 4345 2778 4387 more
2828 4322 3017 4387 solito
3064 4330 3499 4408 congregat0‚
3547 4321 3612 4385 in
3673 4322 4000 4409 presentia
4066 4322 4221 4386 dicti
4284 4321 4522 4386 domini
4573 4321 4858 4386 Gaudini

1208 4434 1681 4517 Procuratoris,
1715 4442 1780 4497 et
1811 4433 2054 4497 domini
2084 4432 2144 4496 N
2149 4432 2408 4518 icholay
2443 4431 2707 4518 Syndici
2740 4430 3111 4495 Communis
3160 4430 3451 4494 Bononie
3493 4429 3577 4493 ad
3623 4428 3889 4493 laudum
3922 4434 3986 4492 et
4017 4428 4408 4493 sententiam
4441 4428 4857 4494 audiendam.

1213 4542 1291 4606 In
1342 4564 1468 4629 quo
1517 4542 1774 4627 quidem
1822 4540 2142 4605 Conscilio
2192 4539 2487 4604 dominus
2535 4538 2889 4602 Nicholaus
2943 4537 3282 4623 Syndicus,
3330 4536 3589 4601 nomine
3637 4535 3792 4601 dicti
3848 4536 4176 4619 Comunis,
4205 4535 4452 4620 juravit
4496 4557 4690 4622 super
4722 4536 4859 4599 ani·

1214 4651 1444 4714 mabus
1493 4649 1799 4733 Conscilij
1849 4655 1914 4711 et
1963 4646 2333 4711 Communis
2380 4646 2693 4727 Bononie,
2742 4645 3094 4709 l’otestatis
3142 4651 3206 4708 et
3256 4643 3629 4730 Capitanei,
3669 4643 4114 4708 Anzianorum
4159 4650 4224 4707 et
4272 4642 4625 4708 Consulum
4646 4642 4747 4726 (1),
4794 4649 4860 4706 et

1216 4757 1513 4823 dominus
1561 4755 1899 4821 Gaudinus
1949 4777 2065 4818 suo
2114 4754 2371 4818 nomine
2413 4754 2659 4838 juravit
2723 4773 2919 4838 super
2981 4751 3265 4815 animam
3333 4772 3518 4815 suam
3579 4758 3644 4815 et
3718 4750 4004 4814 omnium
4066 4749 4324 4815 illorum
4380 4771 4652 4837 quorum
4712 4771 4860 4837 pro-

1215 4871 1475 4929 curator
1522 4870 1651 4947 est,
1702 4863 1918 4927 omnia
1964 4869 2029 4925 et
2075 4861 2334 4946 singula
2395 4859 2727 4924 attendere
2776 4868 2840 4923 et
2887 4880 3148 4922 servare
3214 4858 3674 4922 inviolabiliter
3719 4864 3790 4922 ut
3837 4878 4034 4943 supra
4080 4856 4417 4921 laudatum
4462 4863 4527 4921 et
4574 4878 4857 4944 pronun-

1214 4972 1444 5036 tiatum
1494 4978 1592 5036 est
1640 4992 1756 5057 per
1801 4968 2006 5034 dictos
2052 4968 2455 5033 Potestatem
2500 4973 2565 5030 et
2613 4965 3060 5053 Capitaneum.

1391 5077 1814 5143 Presentibus
1862 5076 2121 5141 domino
2167 5074 2494 5139 Petrizolo
2542 5072 2900 5155 Ramixini,
2948 5071 2991 5137 J
2997 5072 3249 5137 ohanne
3296 5071 3374 5136 de
3421 5071 3695 5155 Mutina,
3731 5071 4093 5137 Graziadeo
4142 5069 4506 5135 Gerardelli
4554 5071 4856 5154 aurificis,

1212 5186 1510 5251 Anziano
1558 5184 1801 5272 populi,
1849 5191 1914 5248 et
1963 5182 2220 5247 domino
2269 5181 2543 5246 Alberto
2591 5180 2670 5244 de
2718 5179 3150 5266 Principibus,
3186 5178 3444 5243 domino
3495 5178 3793 5244 Gabriele
3843 5178 4116 5264 Grugni,
4150 5177 4564 5243 Albertuccio
4610 5177 4690 5242 de
4741 5176 4859 5241 Sa·

1213 5293 1500 5376 budinis,
1535 5292 1797 5357 consule
1845 5298 2275 5355 mercatorum
2325 5294 2389 5352 et
2437 5308 2876 5374 campsorum,
2911 5286 3230 5352 Jacobino
3275 5287 3564 5370 BocazO,
3603 5286 3934 5372 Stephano
3979 5293 4045 5349 et
4092 5285 4362 5368 CaxotO,
4411 5284 4858 5349 bannitoribus

1215 5401 1588 5466 Communis
1632 5397 1927 5464 Bononie
1974 5404 2038 5460 et
2086 5397 2231 5460 aliis
2280 5395 2498 5460 multis
2547 5395 2626 5459 de
2674 5395 2798 5458 hiis
2848 5394 3119 5459 testibus
3166 5395 3433 5480 rogatis.

1392 5507 1536 5593 Ego
1584 5506 1940 5570 Ubertinus
1989 5503 2315 5591 quondam
2359 5502 2763 5567 Lambertini
2811 5502 3046 5567 Jacobi
3093 5501 3173 5566 de
3213 5501 3490 5584 Pistore,
3524 5500 3843 5587 imperiali
3890 5500 4273 5565 auctoritate
4305 5499 4636 5581 Notarius,
4670 5497 4856 5562 dictis

1214 5616 1513 5681 omnibus
1563 5611 2036 5699 compromissis
2070 5617 2134 5675 et
2182 5610 2514 5674 sententiis
2563 5609 2827 5675 interfui
2875 5616 2940 5673 et
2985 5615 3252 5694 rogatus
3300 5630 3339 5672 a
3386 5608 3572 5673 dictis
3618 5608 3951 5673 Potestate
3998 5613 4063 5671 et
4104 5606 4459 5693 Capitaneo
4515 5611 4581 5670 et
4612 5627 4652 5669 a
4685 5604 4856 5669 dicto

1216 5722 1499 5809 Syndico
1550 5720 1920 5786 Communis
1970 5717 2262 5783 Bononie
2296 5723 2360 5781 et
2393 5737 2432 5780 a
2480 5717 2648 5782 dicto
2697 5723 3116 5804 procuratore
3163 5715 3445 5781 scribere
3494 5715 3804 5802 predicta,
3839 5714 4055 5779 omnia
4089 5713 4319 5800 scripsi
4350 5712 4606 5799 publice
4647 5719 4713 5777 et
4753 5733 4856 5776 me

1216 5828 1589 5916 subscripsi.

1372 6489 1451 6553 (1)
1492 6486 1555 6539 In
1596 6485 1723 6551 Ray.
1759 6502 1880 6551 μνη·
1915 6501 1945 6535 «
1986 6486 2239 6535 cantianos
2277 6489 2324 6535 et
2361 6483 2600 6535 consedes
2642 6500 2688 6533 ».
