5542 7775
1664 637 2125 688 SPECTANTIA
2183 638 2286 688 An
2347 636 2859 687 Pnorssssonns
2913 635 3124 686 sums
3190 634 3459 684 clvlms
4275 615 4371 685 79

735 794 1120 877 naturaso),
1157 801 1219 857 et
1253 815 1291 857 a
1332 814 1521 857 mane
1571 800 1635 857 et
1683 792 1761 856 de
1810 792 2035 856 subtus
2083 799 2231 854 sunt
2278 791 2382 854 vie
2430 790 2708 878 publice,
2744 797 2810 854 et
2842 789 3032 853 unius
3064 788 3416 853 casamenti
3449 787 3621 874 quod
3652 795 3749 852 est
3779 788 4053 851 duarum
4083 795 4373 854 tornatu-

735 922 951 965 rarum
1000 900 1078 964 de
1128 898 1354 962 subtus
1397 905 1496 963 est
1528 898 1634 962 via
1666 898 1929 985 publiea
1961 905 2025 962 et
2056 898 2164 961 via
2198 918 2323 984 que
2357 896 2533 961 venit
2566 895 2646 959 de
2683 896 2922 960 Sancto
2954 895 2997 959 J
3002 895 3255 959 ohanne
3288 894 3354 958 in
3386 893 3735 975 Persiceto,
3769 900 3834 958 et
3878 902 3976 960 est
4023 896 4373 961 affictatum

732 1031 848 1097 pro
899 1015 1176 1093 quatuor
1222 1005 1403 1069 libris
1452 1012 1516 1070 et
1563 1006 1812 1070 duobus
1859 1004 2124 1090 paribus
2173 1025 2512 1090 caponum,
2557 1009 2621 1066 et
2667 1003 2857 1066 unius
2908 1002 3174 1065 alterius
3220 1001 3572 1066 casamenti
3621 1002 3790 1087 quod
3839 1010 3936 1067 est
3981 1023 4112 1067 una
4157 1011 4373 1068 torna-

731 1127 879 1180 tura
926 1121 989 1178 et
1037 1112 1323 1195 dimidia,
1374 1113 1452 1176 de
1500 1133 1695 1198 super
1741 1118 1838 1176 est
1885 1113 1993 1175 via
2039 1110 2336 1197 publica,
2386 1110 2466 1173 de
2534 1110 2759 1173 subtus
2818 1115 2915 1174 est
2968 1109 3076 1172 via
3125 1129 3248 1194 que
3295 1108 3473 1172 vadit
3519 1108 3598 1172 ad
3651 1109 3960 1173 Sanctum
4006 1110 4374 1175 «Iohannem

734 1223 795 1287 in
845 1222 1197 1301 Persicet0,
1232 1227 1296 1284 et
1336 1228 1434 1283 est
1482 1221 1834 1283 affictatum
1882 1240 1999 1305 pro
2050 1225 2326 1303 quatuor
2372 1217 2552 1281 libris
2602 1217 3088 1280 bononenorum
3135 1216 3386 1280 duabus
3419 1216 3681 1302 paribus
3715 1238 4052 1303 caponum,
4086 1217 4372 1282 etunius

731 1331 901 1415 petie
950 1336 1120 1392 terre
1170 1328 1429 1414 pusticij
1478 1329 1773 1407 vineate,
1822 1348 1945 1410 que
1993 1333 2089 1389 est
2136 1325 2357 1389 decem
2404 1332 2468 1389 et
2516 1345 2748 1388 novem
2796 1323 3147 1387 tornaturis
3195 1329 3260 1387 et
3306 1322 3572 1387 dimidia
3617 1331 3987 1407 tornatura,
4036 1324 4115 1389 de
4177 1348 4372 1412 super

731 1436 1015 1523 possidet
1046 1435 1088 1499 J
1094 1434 1381 1499 ohannes
1414 1432 1596 1498 Petri
1629 1433 1826 1515 Sichi,
1861 1433 1941 1498 de
1980 1433 2206 1497 subtus
2253 1432 2549 1496 dominus
2583 1430 2993 1494 Martinellus
3026 1430 3105 1494 de
3140 1430 3671 1514 Guastavillanis,
3704 1452 3744 1495 a
3776 1452 3918 1496 sero
3952 1431 4058 1495 via
4087 1433 4367 1518 publica.

730 1544 815 1607 Et
862 1543 1331 1607 usumfructum
1381 1541 1699 1605 dictarum
1762 1540 2238 1626 possessionum
2286 1538 2495 1603 eidem
2543 1538 2798 1602 domine
2847 1536 3123 1622 reliquid
3172 1536 3235 1601 in
3284 1558 3431 1601 eum
3478 1559 3732 1620 casum,
3781 1537 3985 1603 donec
4031 1540 4232 1604 vitam
4277 1541 4371 1604 vi-

727 1651 1005 1731 dualem,
1040 1657 1286 1713 castam
1335 1655 1400 1712 01
1446 1647 1786 1712 honestam
1831 1667 2097 1716 servare
2145 1646 2442 1727 voluerit,
2477 1651 2541 1709 et
2589 1666 2717 1709 non
2766 1644 3208 1709 convolaverit
3256 1643 3339 1707 ad
3386 1644 3669 1708 secunda
3715 1652 3888 1728 vota,
3922 1647 4058 1711 sive
4091 1648 4370 1733 nuptias,

732 1757 801 1822 Si
836 1764 1053 1821 autem
1087 1755 1462 1821 convolaret
1495 1754 1578 1818 ad
1612 1753 1895 1819 secunda
1926 1760 2099 1836 vota,
2143 1753 2281 1817 sive
2328 1752 2608 1838 nuptias,
2659 1752 2875 1816 onmia
2921 1751 3052 1815 alia
3098 1752 3318 1836 legata
3364 1752 3734 1837 supradicta
3777 1774 3992 1817 rerum
4038 1755 4372 1819 mobilium

730 1864 939 1929 eidem
987 1861 1295 1947 reliquid,
1345 1868 1410 1925 et
1458 1861 1721 1947 insuper
1769 1861 1848 1924 de
1895 1881 2011 1924 suo
2059 1867 2317 1924 centum
2364 1859 2562 1923 libras
2611 1859 3117 1939 bononenorum,
3166 1864 3267 1921 set
3304 1858 3361 1921 ei
3410 1858 3813 1923 usufructum
3860 1858 4176 1925 dictarum
4222 1884 4368 1949 pos-

730 1972 1089 2035 sessionum
1136 1969 1404 2055 adymit.

907 2078 1075 2142 Item
1122 2075 1398 2161 reliquid
1448 2075 1585 2139 iure
1634 2073 2055 2139 institutionis
2099 2073 2453 2137 Benedicto
2502 2073 2633 2146 filio
2695 2094 2848 2156 suc,
2896 2080 2961 2137 et
3006 2072 3294 2139 Johanni
3353 2071 3468 2137 filii
3529 2072 3900 2156 Benedicti,
3949 2081 4014 2138 et
4075 2077 4369 2142 omnibus

730 2186 877 2248 filiis
925 2184 1268 2249 nascituris
1316 2205 1399 2247 ex
1449 2183 1589 2269 ipso
1636 2181 2027 2263 Benedicto,
2077 2201 2162 2244 ex
2207 2181 2494 2267 presenti
2541 2181 2949 2245 matrimonio
2997 2181 3102 2245 vel
3161 2179 3379 2245 futuro
3442 2188 3792 2244 nascantur
3836 2181 3985 2264 filii,
4034 2182 4182 2248 vivo
4228 2184 4367 2270 ipso

730 2293 988 2356 domino
1035 2290 1331 2372 Alberto,
1366 2291 1473 2354 vel
1523 2297 1667 2376 post
1715 2296 1987 2353 mortem
2034 2289 2235 2375 ipsius
2283 2287 2523 2353 domini
2555 2288 2832 2371 Alberti,
2868 2289 3128 2352 domum
3167 2309 3350 2352 suam
3399 2308 3593 2372 quam
3625 2288 3822 2352 habet
3855 2288 3920 2352 in
3955 2290 4133 2354 curia
4164 2293 4371 2356 sancti

730 2399 1095 2483 Ambrosij,
1152 2419 1274 2484 que
1323 2397 1444 2462 fuit
1493 2398 1733 2461 domini
1784 2396 2059 2460 Honesti
2099 2402 2163 2460 et
2208 2395 2519 2460 heredum
2566 2376 2742 2479 ejus,
2794 2396 3038 2460 scilicet
3092 2394 3468 2459 Oddoffredi
3511 2401 3575 2459 et
3620 2395 4021 2460 Richardini.
4071 2397 4369 2464 Confines

728 2508 913 2590 cujus
960 2507 1186 2570 domus
1233 2514 1413 2569 sunt:
1465 2526 1503 2567 a
1551 2526 1695 2569 sero
1745 2505 1925 2568 curia
1972 2503 2178 2567 sancti
2212 2503 2542 2587 Ambrosij
2576 2503 2654 2567 de
2703 2524 2917 2588 super,
2952 2509 3017 2566 et
3054 2502 3132 2566 de
3166 2508 3393 2587 suptus
3425 2502 3528 2565 vie
3563 2502 3838 2588 publice,
3872 2525 3910 2567 a
3944 2525 4132 2569 mane
4164 2508 4369 2593 possi·

727 2611 935 2696 de[n]t
967 2612 1236 2677 heredes
1286 2612 1551 2697 Ugolini
1602 2611 1776 2676 Noti.
1810 2611 1979 2675 Item
2010 2610 2286 2696 reliquid
2318 2611 2513 2674 etiam
2546 2609 2684 2696 iure
2717 2608 3137 2673 institutionis
3169 2608 3473 2694 predictis
3503 2608 3857 2675 Benedicto
3891 2617 3956 2674 et
3986 2610 4028 2674 J
4033 2612 4272 2678 ohanni
4303 2623 4368 2680 et

730 2721 874 2783 aliis
922 2720 1069 2783 filiis
1118 2719 1461 2783 nascituris
1508 2741 1592 2782 ex
1625 2718 1795 2782 dicto
1828 2718 2205 2799 Benedicto,
2241 2717 2503 2780 domum
2537 2738 2683 2780 cum
2724 2716 2948 2781 tumba
2996 2737 3191 2801 quam
3224 2715 3422 2779 habet
3455 2716 3519 2779 in
3552 2716 3730 2780 curia
3761 2717 4047 2782 Vetrane
4080 2726 4144 2782 et
4175 2720 4371 2786 etiarn

725 2847 947 2891 omnes
997 2825 1159 2890 alias
1208 2848 1359 2889 suas
1404 2826 1846 2911 possessiones
1897 2846 2059 2910 quas
2107 2824 2305 2888 habet
2352 2846 2521 2888 nunc
2568 2823 2634 2890 in
2682 2823 2855 2887 dicta
2902 2823 3082 2887 curia
3125 2822 3435 2905 Vetrane,
3470 2823 3604 2887 sive
3646 2823 3774 2888 sint
3806 2833 4195 2909 casamenta,
4230 2828 4366 2892 sive

725 2934 853 2997 sint
897 2935 1165 3019 brayne,
1201 2934 1335 2997 sive
1384 2934 1511 2997 sint
1558 2933 1833 3015 clusure,
1873 2933 2008 2995 sive
2055 2931 2183 2995 sint
2230 2941 2399 2995 terre
2448 2931 2747 3013 aratorie,
2783 2931 2919 2995 sive
2967 2931 3237 3016 prativo.
3276 2930 3440 2994 Item
3471 2930 3747 3016 reliquid
3779 2930 3916 2995 iure
3951 2932 4365 2999 institutionis

726 3041 1029 3126 predictis
1077 3062 1297 3105 omnes
1345 3040 1584 3121 libros,
1635 3061 1794 3124 quos
1842 3039 1979 3125 ipse
2029 3039 2325 3103 dominus
2372 3039 2682 3103 Albertus
2731 3038 2906 3102 dedit
2954 3038 3164 3102 eidem
3209 3037 3585 3120 BenedictO,
3634 3039 3878 3103 scilicet
3924 3061 4122 3104 unum
4165 3040 4366 3127 Dige-

724 3156 895 3212 stum
941 3157 1126 3212 vetus
1173 3147 1251 3211 de
1301 3147 1489 3211 litera
1536 3147 1839 3232 antiqua,
1888 3155 1952 3209 et
2000 3167 2200 3210 unum
2251 3146 2588 3227 Codicem,
2638 3153 2702 3209 et
2749 3167 2948 3209 unum
2995 3145 3444 3227 Infortiatum,
3493 3153 3558 3209 et
3602 3166 3799 3209 unam
3845 3146 4174 3211 Istitutam
4218 3171 4364 3213 cum

724 3254 1118 3318 Lombarda.
1168 3254 1333 3318 Item
1384 3252 1658 3337 reliquid
1706 3252 1877 3316 (11010
1923 3252 2279 3316 Benedicto
2327 3261 2392 3316 et
2437 3251 2724 3316 Johanni
2769 3252 3044 3332 lectum,
3095 3250 3266 3336 quod
3327 3250 3526 3315 habet
3573 3251 3780 3315 (1101110
3826 3251 4252 3337 Benedictus,
4301 3264 4366 3319 et

726 3382 947 3425 omnes
995 3371 1229 3442 vestes,
1279 3381 1440 3446 quas
1489 3360 1683 3423 habet
1730 3359 1991 3423 domina
2037 3359 2223 3423 Bona
2268 3380 2435 3423 uxor
2483 3379 2621 3440 sua,
2671 3366 2735 3421 et
2784 3379 3005 3422 omnes
3053 3379 3301 3443 pannos
3350 3358 3573 3422 laneos
3620 3364 3684 3421 et
3729 3358 3970 3441 lineos,
4018 3366 4084 3424 et
4137 3382 4366 3426 zonam

725 3489 910 3532 suam
956 3467 1035 3532 de
1084 3476 1376 3552 argento,
1410 3474 1475 3531 et
1524 3488 1745 3531 omnes
1792 3466 2047 3530 anullos
2094 3466 2262 3530 dicte
2309 3465 2565 3530 domine
2613 3465 2817 3549 Bone,
2852 3473 2917 3529 et
2957 3466 3172 3530 omnia
3204 3465 3650 3551 supperletilia
3681 3472 3744 3529 et
3776 3466 4099 3550 utensilia,
4134 3468 4365 3553 quibus

724 3577 926 3640 utitur
974 3577 1110 3662 ipse
1157 3575 1551 3640 Benedictus
1598 3575 1734 3638 sive
1783 3575 2073 3660 predicta
2118 3595 2286 3637 uxor
2332 3595 2470 3655 sua,
2504 3581 2569 3638 et
2616 3574 2814 3638 etiam
2855 3580 3054 3638 totam
3089 3573 3463 3637 chamaram
3495 3572 3649 3638 dicti
3679 3572 4016 3638 Benedicti
4048 3582 4113 3638 et
4144 3577 4366 3641 uxoris

727 3705 840 3747 sne
888 3683 1194 3769 predicte.
1243 3682 1329 3746 Et
1375 3688 1565 3768 rogat
1612 3682 1853 3746 dictum
1900 3681 2325 3746 Benedictum
2373 3688 2437 3744 et
2484 3680 2852 3746 ‚Iohannem
2916 3680 3086 3765 quod
3149 3688 3375 3744 curent
3422 3686 3486 3744 et
3532 3679 3775 3745 faciant
3830 3680 4100 3745 heredes
4163 3682 4364 3769 ipsius

726 3791 1052 3855 testatoris
1100 3789 1363 3854 liberari
1410 3790 1493 3853 ab
1543 3788 1938 3874 obligatione
1985 3795 2420 3852 trecentarum
2469 3787 2781 3851 librarum
2829 3788 3017 3869 dotis,
3053 3788 3117 3851 in
3166 3787 3400 3873 quibus
3440 3795 3538 3852 est
3568 3787 3705 3873 ipse
3738 3793 4009 3852 testator
4040 3789 4364 3875 obligatus

725 3920 841 3986 pro
887 3900 1035 3963 dote
1082 3898 1340 3962 domine
1386 3897 1591 3979 Bone,
1639 3897 1862 3961 uxoris
1910 3896 2064 3960 (11011
2110 3895 2449 3960 Benedicti
2497 3904 2560 3960 et
2607 3896 2831 3960 matris
2892 3896 3046 3960 dicti
3093 3895 3449 3979 Johannis,
3501 3916 3695 3981 quam
3750 3896 4081 3960 confessus
4127 3897 4250 3962 fuit
4296 3921 4365 3964 se

726 4006 1028 4091 recipisse
1076 4026 1115 4068 a
1163 4004 1421 4069 domino
1466 4004 1751 4089 Ugolino
1800 4004 1879 4068 de
1928 4002 2441 4068 Montumbrario
2490 4003 2626 4068 sive
2674 4025 2713 4066 a
2760 4003 3020 4068 domino
3070 4003 3437 4068 Lombardo
3483 4025 3599 4067 suo
3646 4003 3801 4085 filio,
3835 4004 3940 4067 vel
3986 4025 4025 4067 a
4058 4026 4361 4090 quocum·

724 4135 846 4199 que
896 4113 1059 4195 alio,
1108 4112 1212 4176 0111
1275 4113 1411 4198 ipse
1472 4119 1742 4176 testator
1805 4118 2135 4175 teneretur
2197 4111 2281 4175 ad
2340 4111 2555 4175 dotem
2616 4110 3082 4175 restituendam
3129 4110 3208 4174 de
3256 4110 3414 4175 iure.
3465 4110 3655 4185 Quod
3699 4111 3754 4174 si
3803 4131 3932 4175 non
3980 4111 4251 4177 fecerint
4298 4121 4362 4179 et

724 4220 1092 4285 curaverint
1138 4219 1408 4283 heredes
1457 4218 1726 4305 predicti
1774 4218 2101 4283 testatoris
2150 4218 2417 4283 liberari
2463 4218 2546 4282 ab
2593 4217 2990 4303 obligatione
3039 4217 3207 4281 dicte
3240 4218 3406 4282 dotis
3438 4224 3874 4282 trecentarum
3908 4217 4218 4284 librarum
4249 4221 4362 4286 bo-

726 4348 1145 4408 nonenorum,
1194 4336 1368 4408 tunc,
1403 4334 1468 4390 et
1513 4347 1590 4390 00
1637 4347 1812 4408 casu,
1847 4325 2136 4410 legatum
2182 4325 2468 4411 predicte
2516 4325 2743 4389 domus
2800 4346 2923 4411 que
2972 4332 3069 4389 est
3116 4325 3180 4388 in
3228 4324 3407 4388 curia
3451 4325 3661 4389 sancti
3690 4324 4045 4410 Ambrosij,
4081 4348 4205 4412 que
4238 4327 4361 4393 fuit

724 4435 966 4500 domini
1013 4434 1311 4515 Honesti,
1361 4433 1499 4497 vult
1546 4454 1675 4498 non
1722 4433 1945 4497 deberi
1990 4439 2054 4496 et
2102 4434 2461 4519 predictum
2509 4433 2799 4518 legatum
2847 4433 2939 4495 eis
2986 4432 3251 4518 adymit.

901 4541 1066 4605 Item
1130 4540 1436 4626 precipit,
1488 4540 1751 4603 mandat
1814 4548 1879 4603 et
1944 4550 2132 4625 rogat
2178 4540 2546 4604 «Iohannem
2608 4539 2814 4603 filium
2873 4539 3248 4621 Benedicti,
3296 4545 3361 4602 et
3406 4539 3568 4604 alios
3613 4539 3779 4604 filios
3826 4542 3980 4606 (11011
4025 4541 4359 4607 Benedicti

727 4650 1105 4731 nascituroS,
1139 4658 1207 4712 ut
1256 4649 1309 4712 si
1357 4648 1646 4730 decedat,
1681 4648 1785 4711 vel
1834 4648 2149 4712 decedant
2197 4656 2343 4734 post
2389 4654 2660 4712 mortem
2706 4646 3045 4712 Benedicti
3092 4647 3229 4711 sine
3279 4647 3498 4711 liberis
3547 4648 3650 4711 vel
3697 4647 3835 4712 sine
3871 4648 4179 4713 fratribus
4212 4670 4362 4715 con-

725 4759 1118 4844 sanguineis,
1155 4758 1325 4843 qnod
1374 4757 1607 4821 debeat
1652 4757 1755 4821 vel
1803 4757 2083 4820 debeant
2130 4757 2468 4821 restituere
2515 4756 2863 4827 heredibus
2910 4755 3113 4841 ipsius
3159 4755 3401 4820 domini
3432 4755 3690 4820 Alberti
3736 4757 4040 4843 quicquid
4090 4758 4172 4821 ad
4214 4780 4362 4823 eum

723 4868 825 4930 vel
874 4866 954 4929 ad
1002 4886 1112 4929 eos
1170 4865 1569 4950 pervenisset
1618 4864 1720 4928 vel
1768 4865 2213 4949 pervenissent
2261 4864 2339 4927 de
2388 4864 2691 4950 predictis
2740 4864 2928 4928 bonis
2986 4863 3207 4928 relicto
3230 4863 3309 4929 (2)
3357 4864 3645 4949 predicto
3695 4864 4047 4930 Benedicto
4109 4872 4173 4930 01
4234 4866 4359 4954 ipsi

722 4974 1028 5055 Johanni,
1078 4981 1142 5035 et
1189 4972 1333 5035 aliis
1384 4972 1725 5035 nascituris
1773 4994 1853 5034 ex
1904 4972 2073 5035 (11010
2121 4971 2497 5036 Benedicto.

900 5080 1064 5143 Item
1116 5078 1386 5163 reliquid
1438 5079 1575 5141 iurc
1624 5079 2042 5142 institutionis
2078 5078 2298 5160 Luzie,
2332 5100 2446 5142 sue
2487 5078 2637 5160 filie,
2672 5078 3060 5164 quingentas
3103 5077 3300 5141 libras
3333 5078 3839 5162 bononenorum,
3874 5101 4067 5164 quam
4100 5081 4358 5163 morari,

724 5186 811 5249 ali
857 5194 921 5250 et
970 5186 1198 5249 nutriri
1248 5186 1431 5249 iussit
1478 5194 1543 5249 et
1589 5184 1793 5249 voluit
1840 5207 2038 5271 pencs
2087 5184 2413 5248 dominam
2460 5185 2721 5249 Claram
2766 5206 3039 5250 uxorem
3085 5206 3289 5268 suam,
3333 5185 3536 5250 donec
3584 5186 3951 5271 pervenerit
3996 5186 4080 5251 ad
4124 5187 4360 5273 puber·

724 5300 924 5356 tatem
964 5299 1028 5356 et
1075 5292 1383 5377 nupserit,
1419 5298 1483 5355 et
1530 5300 1682 5355 tunc
1727 5292 1842 5355 fiat
1888 5292 1967 5355 de
2017 5312 2334 5355 consensu
2379 5291 2622 5355 domini
2668 5290 3000 5355 Francisci
3047 5298 3113 5355 et
3158 5291 3534 5374 Benedicti3
3568 5299 3632 5356 et
3679 5291 3734 5356 si
3779 5292 3953 5356 dicta
3998 5292 4204 5357 Luzia
4250 5293 4358 5358 de-

723 5399 979 5464 cederet
1025 5398 1090 5461 in
1140 5399 1447 5484 pupillari
1493 5405 1704 5481 etate,
1754 5399 1813 5463 ei
1871 5398 2202 5463 substituit
2258 5398 2528 5463 heredes
2599 5419 2750 5463 suos
2817 5407 3003 5462 natos
3050 5398 3155 5462 vel
3215 5398 3604 5481 nascituros,
3654 5420 3815 5485 quos
3863 5400 3926 5463 in
3974 5407 4358 5465 testamento

721 5528 837 5571 suo
884 5505 1007 5570 sibi
1053 5506 1323 5569 heredes
1372 5505 1680 5587 instituit3
1729 5505 1833 5570 vel
1881 5506 1935 5569 si
1983 5505 2154 5569 dicta
2199 5504 2404 5569 Luzia
2451 5505 2792 5569 decederet
2846 5513 2992 5590 post
3052 5505 3440 5591 pupillarem
3495 5513 3753 5589 etatem,
3803 5507 4357 5593 quamdocumque

722 5613 859 5676 sine
906 5612 1157 5693 liberis,
1208 5611 1415 5675 cidem
1460 5610 1661 5675 Luzie
1722 5611 2042 5697 predictos
2091 5633 2240 5675 suos
2289 5611 2557 5676 heredes
2621 5611 2971 5675 substituit.
3019 5610 3105 5675 Et
3151 5632 3299 5675 eum
3346 5618 3534 5697 rogat
3581 5633 3665 5675 ex
3710 5633 3906 5676 causa
3951 5611 4360 5677 fideicomissi

723 5719 892 5805 quod
941 5720 1239 5783 restituat
1289 5718 1592 5804 predictis
1640 5718 1773 5782 suis
1819 5718 2165 5783 heredibus
2212 5718 2534 5805 predictas
2582 5718 2971 5804 quingentas
3016 5718 3218 5782 libras
3266 5719 3770 5783 bononenorum.

898 5826 1063 5889 Item
1112 5826 1383 5911 precipit
1429 5832 1493 5888 et
1540 5825 1745 5889 voluit
1793 5825 1962 5910 quod
2012 5825 2179 5889 infra
2234 5846 2355 5889 sex
2418 5846 2670 5890 menses
2733 5825 2903 5889 dicte
2967 5825 3316 5910 quingente
3379 5825 3540 5890 libre
3605 5847 3645 5889 a
3706 5825 3809 5889 die
3874 5827 4096 5891 mortis
4159 5826 4358 5913 ipsius

720 5933 1046 5998 testatoris
1094 5933 1327 5996 dentur
1374 5939 1439 5996 et
1484 5931 1819 5996 solvantur
1865 5932 2185 5996 tutoribus
2234 5933 2400 5997 dicte
2447 5932 2683 6014 Luzie,
2734 5953 2859 6017 que
2907 5932 3182 6017 pecunia
3228 5931 3589 6017 deponatur
3635 5931 3715 5996 ad
3765 5932 4057 5997 tabulam
4116 5933 4358 5998 domini

721 6040 993 6105 Gardini
1041 6039 1119 6103 de
1166 6039 1535 6123 Pegolotis,
1582 6048 1652 6102 ut
1700 6039 1779 6103 de
1829 6039 2004 6104 licito
2052 6040 2230 6104 lucro
2278 6040 2443 6104 dicte
2493 6040 2763 6125 pecunie
2812 6039 2954 6125 ipsa
3003 6039 3235 6121 alatur,
3284 6046 3348 6103 01
3396 6061 3540 6103 011111
3588 6039 3878 6125 nupserit
3940 6040 4106 6104 dicte
4172 6041 4355 6126 quin·

720 6156 911 6234 gente
961 6147 1122 6211 libre
1170 6147 1402 6210 dentur
1448 6147 1513 6211 in
1561 6146 1709 6211 dote
1755 6169 1871 6232 pro
1914 6168 2012 6210 ea.
2048 6147 2323 6211 Tutores
2356 6154 2572 6211 autem
2604 6147 2772 6211 dicte
2805 6146 3028 6229 Luzie,
3062 6147 3203 6230 ejus
3236 6146 3387 6229 filie,
3421 6167 3561 6210 esse
3593 6147 3798 6211 voluit
3829 6147 4356 6212 Bonaventuram

719 6255 798 6320 dc
842 6254 1220 6341 Paganellis
1267 6254 1345 6318 de
1396 6254 1758 6341 Argcllata,
1806 6260 1870 6317 et
1917 6275 2017 6318 me
2064 6254 2397 6318 Andrcam
2442 6254 2751 6319 Petrizoli
2798 6253 3124 6318 Albertini
3170 6253 3249 6317 de
3293 6253 3574 6336 Badalo,
3623 6255 3966 6318 notarium.

878 6485 957 6550 (1)
996 6484 1100 6536 Sic.
2752 6485 2808 6549 (2
2813 6490 2832 6550 )
2871 6484 2977 6536 sic.
