5542 7775
2136 682 2516 731 APPENDIX
2570 680 2872 730 ALTERA

661 835 805 898 dem
855 835 1025 899 clero
1075 835 1357 920 loquitur
1391 856 1518 898 non
1552 835 1630 899 de
1663 835 2063 921 presbytero,
2098 835 2430 899 sciendum

662 949 779 1025 est,
814 944 965 1028 quia
1013 942 1308 1028 superius
1355 942 1422 1005 in
1470 942 1696 1006 eadem
1731 942 2200 1006 Constitutione
2245 942 2427 1028 quin-

661 1050 1036 1135 quagesimo
1077 1050 1283 1134 primo
1317 1049 1599 1136 capitulo
1634 1049 1891 1134 legitur,
1926 1049 2428 1135 appellationem

663 1156 1041 1221 clericorum
1092 1166 1212 1221 etc.

785 1264 1225 1328 Animadverte
1270 1264 1433 1350 quod
1477 1266 1546 1328 in
1593 1264 1789 1328 indice
1834 1264 2244 1348 capitulorum
2290 1263 2432 1326 huic

665 1369 800 1434 III.
839 1374 1014 1455 parti
1049 1372 1330 1455 praefioeo
1373 1372 1534 1435 deest
1580 1372 1841 1454 folium,
1889 1372 1956 1434 in
2003 1391 2121 1455 quo
2165 1371 2427 1434 contine-

664 1477 893 1542 bantur
937 1480 1104 1542 tituli
1155 1478 1583 1563 Capitulorum
1629 1479 1829 1543 decem
1861 1499 1934 1542 ex
1967 1476 2246 1563 Reqistro
2275 1477 2431 1542 beati

666 1584 974 1671 Greqorii‚
1022 1594 1076 1650 et
1123 1586 1348 1671 reliqui
1393 1587 1560 1651 tituli
1605 1587 1713 1672 qui
1755 1585 1852 1649 hic
1912 1607 1953 1649 a
2013 1584 2181 1649 nobis
2241 1584 2427 1668 subji-

661 1694 935 1773 ciuntur,
985 1692 1501 1777 quemadmodum
1544 1700 1689 1757 sunt
1735 1693 1801 1756 in
1845 1693 1974 1776 ipso
2023 1691 2255 1756 Codice.

782 1799 937 1863 Item
985 1801 1127 1884 kap.
1164 1800 1346 1885 Leqis
1391 1821 1644 1864 romane
1673 1800 1760 1864 ad
1788 1802 2270 1884 suprascriptam
2304 1807 2424 1863 ter-

657 1909 809 1971 tiam
844 1915 1090 1992 partem
1128 1909 1526 1991 pert-inentia.

777 2014 831 2077 Ι.
880 2014 981 2078 De
1030 2015 1270 2078 sanctis
1323 2022 1601 2100 quatuor
1650 2014 2074 2080 Conciliis(l).

778 2120 1071 2195 Quatuor
1103 2128 1474 2186 sanctorum
1507 2120 1944 2186 Conciliorum
1990 2142 2270 2186 canones
2304 2142 2420 2208 pro

654 2228 800 2314 lege
847 2227 1230 2310 habeantur,
1281 2236 1401 2293 etc.

778 2335 866 2398 ΙΙ.
917 2335 1016 2399 De
1083 2334 1385 2400 Consiliis
1449 2336 1898 2422 episcoporum
1959 2357 2075 2423 per
2130 2336 2421 2422 singulos

654 2463 857 2507 annos
903 2443 1215 2507 faciendis
1242 2443 1341 2507 (2).

788 2549 1151 2633 Sequuntur
1195 2559 1318 2614 octo
1363 2552 1491 2614 alia
1538 2553 1758 2635 capita.

780 2656 1018 2743 Incipit
1066 2658 1144 2721 de
1194 2672 1470 2743 quatuor
1520 2658 1797 2743 Synodis
1844 2658 2329 2744 principalibus.

780 2764 1002 2829 Canon
1053 2786 1265 2849 grece,
1312 2766 1512 2830 latine
1560 2766 1789 2851 regula
1835 2773 2264 2851 nuncupatur,
2300 2772 2420 2828 etc.

663 2872 672 2881 ’
780 2871 948 2935 Item
996 2872 1160 2936 ratio
1208 2873 1286 2936 de
1335 2872 1690 2937 canonibus
1731 2872 2191 2958 Apostolorum
2239 2878 2303 2936 et
2344 2872 2423 2934 de

656 3001 773 3042 sex
823 2979 1101 3064 Synodis
1151 2980 1635 3066 principalibus.

780 3087 1240 3172 Apostolorum
1305 3109 1622 3169 canones,
1673 3088 1783 3174 qui
1845 3108 1959 3173 per
2027 3085 2424 3151 Clementem

657 3214 993 3257 romanum
1064 3195 1480 3277 Pontificem,
1539 3195 1703 3259 sicut
1766 3194 2029 3280 quidam
2091 3200 2421 3275 asserunt,

656 3301 955 3365 dicuntur
1017 3324 1156 3365 esse
1217 3303 1550 3384 translati,
1599 3310 1749 3366 sunt
1795 3302 1871 3366 L.
1919 3302 2142 3366 Prima
2207 3309 2425 3366 autem

658 3408 958 3493 Synodus
1009 3410 1072 3472 in
1119 3410 1341 3490 Nicea,
1392 3416 1513 3473 etc.
1545 3413 1630 3474 sic
1669 3431 1804 3474 vero
1849 3411 2106 3473 desinit:
2138 3416 2326 3473 sexta
2358 3411 2424 3473 in

659 3516 1217 3602 Constantinopoli
1259 3516 1387 3581 CL.
1431 3509 1701 3581 Patrum
1750 3526 1974 3581 contra
2019 3516 2425 3581 Macharium

658 3624 1112 3688 antiochenum
1161 3632 1224 3687 et
1272 3624 1479 3689 socios
1527 3626 1688 3709 ejus,
1738 3625 1868 3710 qui,
1916 3631 2036 3688 etc.

785 3733 950 3795 Item
999 3733 1213 3795 brevis
1261 3733 1592 3797 annotatio
1653 3733 1732 3796 de
1787 3732 2054 3817 reliquis
2123 3731 2421 3818 Synodis.

787 3842 1006 3906 Prima
1050 3843 1385 3907 annotatio.
1433 3842 1765 3928 Aquisane
1801 3841 2066 3928 Synodi,
2102 3862 2225 3928 que
2272 3847 2422 3907 ante

651 3951 948 4014 nicenam
1013 3951 1217 4014 fertur
1272 3951 1504 4032 fuisse,
1555 3957 1675 4014 etc.
1724 3949 2005 4014 Desinit:
2058 3949 2422 4034 Vigesima-

655 4065 886 4143 quarta
935 4058 1088 4120 item
1137 4057 1631 4143 Lugdunensis,
1680 4057 1745 4120 in
1809 4078 1937 4142 qua
1991 4056 2223 4120 Patres
2268 4056 2421 4121 XX.

655 4173 1019 4228 statuerunt
1066 4186 1364 4247 canones,
1394 4186 1667 4250 quorum
1699 4171 1923 4228 auctor
1954 4164 2235 4228 maxime
2266 4163 2422 4228 item

656 4272 916 4336 Priscus
964 4272 1418 4357 Lugdunensis
1465 4271 1803 4358 episcopus
1850 4271 2086 4335 extitit.

775 4378 928 4443 Item
961 4382 1306 4471 annotatio:
1332 4379 1432 4444 De
1458 4378 1909 4444 Decretalibus
1935 4377 2419 4464 Apostolorum,

652 4488 901 4571 incipit:
950 4487 1260 4551 Silvester
1290 4509 1462 4574 papa
1495 4509 1534 4551 a
1572 4488 1770 4552 Petro
1816 4488 2183 4573 trigesimus
2231 4509 2422 4574 quar-

655 4600 777 4676 tnS‚
828 4603 947 4658 etc.
1012 4594 1293 4659 Desinit:
1356 4594 1711 4680 Gregorius
1759 4594 1850 4660 II.
1902 4617 1941 4659 a
1984 4595 2183 4660 Petro
2244 4595 2421 4660 XCI.

654 4703 909 4787 scripsit
957 4702 1243 4788 capitula
1289 4701 1512 4766 XVII.
1548 4703 1723 4767 omni
1768 4702 2424 4786 Ecclesieservanda

654 4830 801 4872 cum
846 4809 1153 4873 Patribus
1200 4809 1564 4892 XXXIII„
1600 4831 1807 4895 eaque
1839 4811 1958 4874 sub
1992 4810 2422 4874 anathematis

655 4916 912 4979 vinculo
963 4915 1277 5000 alligavit.

779 5021 953 5086 Haec
999 5025 1179 5087 tertia
1215 5044 1374 5107 pars
1419 5025 1487 5086 in
1533 5025 1839 5108 superiori
1885 5026 2166 5111 ‘marqine
2203 5027 2421 5090 inscri-

654 5128 858 5194 bitur:
904 5129 1004 5194 De
1056 5130 1316 5216 Synodo
1365 5130 1773 5195 celebranda.
2091 5212 2097 5218 q

780 5237 1020 5317 Quarta
1039 5260 1200 5323 pars
1229 5241 1522 5303 continet:
1553 5238 1653 5302 De
1687 5240 2068 5325 congruenti
2102 5239 2417 5325 dignitate

653 5351 717 5409 et
750 5345 1004 5410 diverso
1030 5347 1289 5432 negotio
1322 5344 1848 5432 presbyterorum
1881 5353 1945 5409 et
1978 5346 2417 5430 diaconorum,

656 5474 770 5516 seu
816 5454 1212 5538 reliquorum
1261 5452 1579 5518 Ordinum
1625 5453 2227 5518 ecclesiasticorum.

779 5560 832 5623 I.
868 5560 1056 5635 Quod
1087 5560 1428 5647 bipertitus
1460 5560 1543 5624 sit
1568 5559 1743 5625 Ordo
1770 5560 2295 5646 presbyterorum
2320 5560 2417 5626 (3).

779 5899 856 5964 (1)
899 5897 979 5948 Ex
1018 5898 1197 5949 novel.
1235 5898 1397 5967 Legis
1435 5914 1598 5963 rom.,
1636 5898 1691 5950 k.
1727 5897 1878 5949 DVI.

782 5989 860 6051 (2)
901 5986 982 6037 Ex
1023 5988 1212 6039 eadem
1255 5989 1459 6052 πονοι,
1496 5988 1551 6040 k.
1590 5986 2093 6040 CCCCXXXVIII.

781 6077 858 6142 (3)
900 6076 981 6126 Ex
1021 6077 1254 6144 epistola
1291 6077 1548 6130 Anacleti
1587 6093 1764 6146 papae
1804 6077 1972 6129 missa
2008 6076 2257 6129 omnibus
2306 6077 2422 6145 epi-

655 6166 834 6234 scopis
874 6171 927 6218 et
967 6167 1191 6234 reliquis
1229 6166 1623 6232 sacerdotibus,
1659 6166 1714 6219 k.
1751 6166 1965 6218 XVIII.
2006 6166 2074 6217 ad
2111 6167 2370 6219 medium.

782 6258 861 6319 (4)
902 6255 1033 6307 Can.
1073 6257 1480 6324 Apostolorum,
1519 6256 1572 6307 k.
1611 6256 1687 6308 ΙΙ.

777 6346 855 6410 (5)
894 6345 1090 6397 Anacl.
1130 6360 1326 6414 papae,
1362 6346 1417 6397 k.
1455 6344 1672 6397 XVIII.
1709 6346 1780 6397 ad
1819 6345 2001 6397 finem.

781 6437 858 6500 (6)
897 6434 1175 6502 Zephirini
1213 6451 1408 6504 papae,
1446 6434 1501 6487 k.
1538 6434 1693 6488 XIV.

780 6526 857 6590 (7)
898 6524 1017 6575 Gai.
1058 6541 1255 6593 papae,
1293 6524 1346 6576 k.
1386 6523 1483 6576 VI.

4161 661 4309 731 279

2679 833 2769 897 II.
2819 833 2920 897 De
2992 833 3234 898 Ordine
3298 833 3824 920 presbyterorum
3888 840 3952 896 et
4016 832 4316 899 diacono-

2555 962 2698 1005 rum
2740 930 2839 1005 (4).

2682 1048 2808 1112 III.
2858 1047 2957 1112 De
3007 1048 3231 1111 eadem
3279 1069 3475 1112 causa
3514 1049 3612 1113 (5).

2679 1155 2797 1220 IV.
2860 1156 2959 1220 De
3003 1155 3512 1221 ordinationibus
3561 1157 4063 1243 presbiterorum
4110 1163 4175 1221 et
4229 1157 4318 1221 le-

2555 1264 2832 1327 vitarum
2862 1263 2962 1327 (6).

2679 1369 2762 1434 V.
2811 1371 2910 1435 De
2960 1371 3314 1436 Ordinibus
3362 1371 3932 1435 ecclesiasticisffl.

2677 1477 2796 1542 VI.
2848 1478 2947 1543 De
2995 1479 3397 1564 promotione
3430 1478 3830 1564 singulorum
3865 1477 4183 1543 Ordinum
4216 1501 4317 1544 ec-

2555 1584 3062 1650 clesiasticorum
3088 1585 3186 1649 (8).

2682 1689 3045 1776 Sequuntur
3088 1694 3289 1775 capita
3336 1712 3529 1776 usque
3572 1691 3657 1755 ad
3706 1690 3937 1755 CXXI
3952 1691 4024 1756 V.

2677 1797 3018 1884 Hucusque
3046 1800 3122 1863 de
3160 1798 3517 1864 Presbiteris
3547 1806 3601 1863 et
3632 1798 4045 1884 Diaconibus;
4073 1800 4150 1865 ab
4179 1800 4323 1866 hinc

2531 1905 2627 1970 ‘de
2670 1907 2813 1971 solis
2857 1914 3098 1971 tantum
3142 1905 3543 1971 Diaconibus.

2678 2014 2945 2079 CXXV.
2993 2014 3094 2078 De
3149 2014 3498 2078 ministerio
3564 2013 3981 2078 diaconorum
4037 2023 4102 2079 et
4150 2015 4322 2101 quod

2550 2128 2883 2208 tamquam
2931 2122 3099 2186 oculi
3147 2123 3274 2186 sint
3321 2121 3639 2208 episcopis
3666 2121 3763 2185 (9).

2676 2229 3042 2315 Sequuntur
3083 2250 3276 2315 usque
3320 2229 3407 2293 ad
3457 2227 3656 2292 CXL.

2675 2336 3017 2422 Hucusque
3061 2338 3137 2402 de
3184 2336 3601 2421 Diaconibus;
3629 2336 3705 2400 ab
3743 2336 3886 2401 hinc
3931 2337 4006 2401 de
4053 2336 4319 2402 Subdiu-

2552 2443 2818 2509 conibus.

2678 2550 2912 2616 CXLI.
2960 2550 3131 2625 Quid
3181 2549 3629 2614 Subdiaconus
3677 2572 3822 2614 cum
3870 2551 4204 2615 ordinatur
4241 2552 4320 2617 de

2551 2679 2747 2722 manu
2795 2658 3077 2745 episcopi
3128 2657 3423 2743 accipiat,
3460 2656 3613 2742 quid
3648 2678 3800 2721 vero
3846 2657 3924 2721 de
3974 2679 4166 2722 manu
4217 2679 4317 2722 ar-

2551 2764 2914 2829 chidiaconi
2937 2764 3073 2828 (10).

2677 2871 3045 2957 Sequuntur
3089 2873 3288 2956 capita
3334 2892 3525 2957 usque
3570 2872 3656 2935 ad
3705 2871 3833 2936 CL.

2675 2979 3018 3065 Hucusque
3061 2980 3136 3043 de
3184 2978 3704 3064 Subdiaconibus;
3747 2979 3822 3043 ab
3868 2980 4010 3044 hinc
4054 2980 4129 3044 de
4176 2981 4318 3044 reli-

2552 3089 2690 3173 quis
2738 3086 3096 3151 Ordinibus,

2677 3194 2844 3260 CLI.
2894 3195 3189 3269 Qualiter
3237 3194 3554 3259 acholitus
3602 3196 3685 3259 ab
3734 3195 4037 3282 episcopo
4086 3196 4169 3259 sit
4218 3217 4318 3259 or-

2554 3302 2874 3366 dinandus
2899 3303 2948 3363 (l
2964 3305 3034 3367 l).

2676 3409 3041 3496 Sequuntur
3088 3433 3281 3497 usque
3326 3412 3410 3475 ad
3454 3419 3638 3495 caput
3682 3410 3870 3475 LXI.

2674 3518 2828 3582 Item
2878 3540 2951 3583 esc
2997 3518 3279 3604 Reqistro
3323 3518 3481 3584 beati
3531 3520 3819 3604 Greqorii
3849 3520 4109 3604 quedam
4141 3520 4318 3605 kapi-

2551 3627 2684 3690 tula
2730 3626 2816 3689 ad
2858 3628 3234 3710 superiorem
3270 3633 3515 3710 partem
3552 3627 3951 3710 pertinentia.

2680 3732 2947 3798 CLXII.
2999 3733 3241 3808 Quales
3289 3733 3373 3797 ad
3418 3754 3674 3797 sacrum
3708 3733 4019 3798 Ordinem
4048 3734 4322 3821 provehi

2553 3840 2832 3906 debeant
2856 3841 2904 3905 (¹
2917 3841 2990 3906 2).

2671 3949 2772 4013 Ita
2820 3948 3075 4014 liabetur
3121 3952 3187 4013 in.
3234 3949 3447 4014 Indice
3509 3952 3777 4035 capitum
3834 3952 4111 4035 praefixo
4175 3952 4317 4017 leuic·

2543 4059 2718 4140 parti
2746 4056 2873 4121 IV.
2894 4107 2912 4140 ,
2945 4058 3050 4121 sed
3093 4060 3157 4121 in
3206 4058 3401 4122 codice
3448 4059 3575 4142 ipso
3620 4058 3841 4122 desunt
3880 4060 4079 4142 capita
4111 4061 4316 4123 omnia

2550 4184 2624 4228 etc
2661 4166 2915 4249 reqistro
2936 4164 3093 4229 beuti
3129 4165 3436 4251 Greqorii.
3475 4164 3705 4230 Verum
3725 4173 3859 4250 post
3880 4187 4013 4250 cap.
4033 4165 4312 4231 CLXII.

2547 4269 2694 4335 haec
2737 4271 3064 4357 lequntur:

2672 4378 2910 4464 Incipit
2935 4380 3013 4443 de
3038 4386 3285 4465 septem
3317 4378 3627 4464 gradibus
3660 4379 4110 4444 ecclesiasticis
4145 4380 4318 4444 beati

2552 4485 2866 4550 Jeronimi
2925 4486 3268 4571 presbiteri
3316 4486 3400 4550 ad
3445 4486 3805 4571 Rusticum,
3849 4487 4319 4552 narbonensem

2551 4592 2946 4679 episcopum.

2679 4700 2985 4765 Sufficere
3033 4702 3293 4787 quidem
3339 4700 3489 4765 fidei
3522 4708 3630 4768 tue
3663 4701 3942 4766 arbitror
3974 4723 4317 4766 conversa-

2552 4807 2793 4872 tionem
2826 4814 3138 4890 sanctam,
3159 4829 3352 4893 quam
3385 4807 3587 4871 habes
3620 4807 3686 4871 in
3713 4808 3968 4873 Christo
3994 4807 4036 4873 J
4039 4830 4174 4891 esu,
4197 4818 4315 4873 etc.

2550 4915 2834 4980 Desinit:
2875 4916 3095 5002 sicque
3138 4936 3359 4979 omnes
3409 4915 3861 5002 dispositiones
3906 4916 3973 4979 in
4018 4916 4318 4981 Ecclesia

2552 5023 2792 5089 Christi
2853 5024 3198 5087 hominem.
3254 5022 3339 5086 Et
3401 5023 3622 5087 desinit
3666 5024 3913 5107 pariter
3956 5024 4168 5108 codem,
4211 5028 4320 5110 qui

2549 5151 2806 5194 mancus
2853 5138 2956 5195 est.

2671 5237 2750 5301 In
2818 5238 3017 5303 indice
3074 5259 3206 5302 vero
3254 5245 3726 5323 prosequuntur
3776 5240 4183 5324 capitulormn
4241 5243 4316 5302 ti-

2546 5345 2683 5409 tuli.
3404 5377 3414 5385 ·

2673 5453 2980 5518 CLXIII.
3016 5453 3257 5528 Quales
3290 5453 3418 5516 sint
3450 5453 3790 5519 ordinandi
3821 5455 4160 5542 presbiteri
4204 5477 4315 5541 pa-

2503 5559 2508 5565 ’
2548 5562 2866 5626 rochiales
2884 5561 3018 5625 (13).

2677 5902 2754 5967 (8)
2796 5900 3044 5953 Silvestri
3082 5917 3279 5969 papae,
3318 5900 3371 5951 k.
3413 5899 3539 5951 VII.

2677 5992 2755 6057 (9)
2796 5990 3095 6042 Clementis
3134 6006 3331 6059 papae,
3368 5988 3422 6041 k.
3462 5989 3593 6041 XII.

2639 6082 2753 6146 (10)
2793 6080 2999 6132 Concil.
3038 6080 3164 6133 hab.
3204 6080 3432 6146 Valen.,
3468 6081 3525 6133 k.
3560 6079 3767 6133 XCIII.

2640 6173 2754 6236 (11)
2796 6169 3000 6222 Concil.
3040 6169 3166 6222 hab.
3205 6170 3437 6234 Valem,
3475 6170 3530 6222 k.
3570 6169 3769 6222 XCIV.

2638 6263 2753 6326 (12)
2794 6259 2875 6310 Ex
2924 6276 3063 6328 reg,
3100 6276 3216 6328 par.
3264 6259 3357 6324 11.‚
3386 6259 3440 6311 k.
3468 6258 3768 6310 CLXXIX.
3808 6260 3876 6311 ad
3916 6258 4314 6313 Columbanum

2550 6349 2885 6418 episcopum.

2639 6440 2752 6505 (13)
2794 6439 2877 6490 Ex
2915 6440 3103 6492 eodem
3135 6457 3264 6508 reg„
3291 6457 3407 6508 par.
3436 6438 3528 6503 11.‚
3556 6438 3686 6508 kap.
3713 6438 3865 6491 LIII.
3892 6440 3961 6491 ad
4000 6439 4317 6507 episcopum

2547 6529 2900 6597 sipontinum.
4242 6535 4247 6540 ’
