5542 7775
1191 627 1343 699 100
2762 649 3244 700 Mor-TIBXTA

1180 804 1529 891 siynificare
1562 803 1929 889 procurabo,
1966 804 2273 889 Papatum
2322 825 2649 869 romanum
2697 812 2751 869 ee
2801 806 3034 889 reqale'a
3078 808 3276 869 sancti
3323 804 3514 873 Petri.
3545 807 3710 888 jura
3756 815 3811 869 ei
3841 808 4308 889 jurisdictiones
4354 811 4546 893 ipsius
4589 818 4644 873 ei
4689 834 4822 873 suc·

1180 933 1481 976 cessurum
1526 933 1782 976 suorum
1843 934 1916 976 ac
1978 933 2229 976 romane
2289 910 2553 976 Ecclesie
2609 919 2737 975 tam
2799 914 2862 975 in
2921 912 3038 975 hac
3081 915 3316 977 cic-itate
3360 915 3608 998 ejusque
3653 916 3961 977 territore‘o
4007 922 4062 977 et
4104 915 4406 991 districtu,
4451 938 4634 1001 quam
4677 919 4828 981 alibi

1178 1016 1546 1103 ubicumque
1590 1020 1927 1101 ‹ea-istemia,
1957 1018 2209 1081 adiutor
2251 1038 2353 1081 ero
2399 1020 2455 1081 ei
2500 1026 2553 1081 et
2602 1020 2750 1103 ἱρείη
2793 1018 3232 1082 successoribus
3275 1041 3348 1081 ac
3393 1017 3658 1082 Ecclesie
3703 1020 3788 1081 od
3835 1021 4222 1083 retinendum
4271 1029 4324 1083 ei
4369 1022 4820 1103 defendendum

1179 1133 1235 1190 et
1283 1126 1775 1210 recuperandum
1821 1133 1877 1190 et
1922 1132 2281 1210 recuperata
2328 1125 2852 1189 manutenendum
2899 1134 3110 1189 contra
3157 1148 3394 1189 omnem
3441 1127 3786 1203 hominem,-
3827 1130 3914 1190 sic
3975 1150 4068 1191 me
4113 1127 4288 1191 Deus
4331 1129 4576 1211 adjuret
4623 1139 4676 1195 et
4719 1131 4824 1193 lm·

1178 1240 1391 1297 sancta
1436 1232 1561 1298 Dee·
1604 1232 1947 1318 Emnqelia
1992 1258 2055 1297 ι».
2120 1278 4820 1302 .........................................

1180 1389 2677 1405 .......................
2730 1340 2972 1404 Datum
3021 1340 3330 1405 Atinioni
3378 1352 3609 1427 quarto
3657 1342 3798 1404 idus
3847 1342 4147 1411 octobris,
4181 1344 4592 1429 pontificatus
4625 1348 4824 1410 nostri

1180 1469 1353 1512 anno
1401 1456 1654 1533 quarto,

2909 1663 3090 1727 LXI.

2684 1879 2880 1959 1338,
2931 1881 3016 1941 12
3061 1878 3331 1941 ardu-is.

1632 2092 1740 2156 Ex
1788 2092 2015 2157 eodem
2063 2100 2237 2156 tomo
2288 2091 2525 2155 Calicis
2568 2092 2820 2176 diplom.
2869 2091 3122 2159 Imma..
3171 2115 3345 2155 num.
3393 2091 3704 2163 LXXV„
3751 2115 3806 2157 c.
3861 2097 3986 2157 119
4037 2115 4088 2156 r.
4137 2108 4200 2156 et
4245 2116 4378 2179 seq.

1356 2306 1747 2370 Benedictus
1795 2306 2163 2392 episcopus,
2213 2326 2438 2368 servus
2484 2326 2820 2369 servorum
2867 2305 3030 2387 Dei,
3079 2306 3314 2369 dilecto
3377 2307 3508 2369 filio
3563 2307 3876 2391 magistro
3925 2307 4210 2391 Guigoni
4257 2308 4336 2371 de
4391 2322 4612 2372 sancto
4661 2308 4822 2373 Ger-

1180 2434 1394 2493 mano,
1447 2414 1698 2478 notario
1750 2422 1991 2495 nostro,
2034 2413 2454 2498 Apostolicae
2506 2411 2691 2476 Sedis
2740 2413 2996 2491 nunci0‚
3045 2413 3319 2476 salutem
3367 2428 3430 2476 et
3479 2414 3898 2499 apostolicam
3945 2414 4479 2479 benedictionem.

1354 2520 1787 2585 Venientibus
1835 2542 2040 2607 nuper
2087 2521 2169 2585 ad
2218 2521 2665 2607 Apostolicam
2716 2520 2950 2585 Sedem
2983 2521 3234 2584 dilectis
3267 2523 3354 2583 fili
3357 2524 3420 2605 js
3451 2523 3762 2606 magistro
3807 2522 4018 2585 Paulo
4051 2523 4131 2586 de
4163 2522 4504 2607 Liazarijs.
4537 2524 4826 2587 decretu-

1177 2651 1321 2693 rum
1376 2638 1439 2693 et
1502 2628 1956 2713 Machagnano
2004 2629 2083 2693 de
2132 2628 2526 2713 Aczoguidis
2573 2650 2647 2692 ac
2695 2627 2894 2693 Petro
2941 2628 3020 2691 de
3067 2629 3474 2715 Bouipetris,
3521 2630 3742 2713 legum
3789 2630 4191 2697 doctoribus,
4241 2631 4822 2707 ambaxiatoribus‚

1178 2759 1253 2801 ac
1304 2736 1603 2801 Rolando
1652 2737 1976 2822 quondam
2022 2736 2343 2801 Johannis
2390 2735 2469 2799 de
2516 2735 2891 2820 FantucijS,
2939 2737 3186 2799 sindico
3233 2752 3298 2799 et
3345 2754 3762 2823 procuratore
3811 2752 3874 2800 et
3923 2739 4156 2800 nuncio
4202 2739 4466 2823 speciali
4513 2739 4826 2802 universi-

1180 2845 1353 2927 tatis,
1402 2843 1775 2909 Communis
1821 2852 1885 2908 et
1931 2843 2168 2929 Populi
2214 2843 2729 2923 bononiensium,
2770 2844 3020 2907 civibus
3069 2845 3594 2911 bononiensibus,
3627 2867 3703 2907 ac
3753 2867 3969 2907 coram
4019 2845 4202 2908 nobis
4251 2860 4314 2908 et
4364 2845 4673 2909 fratribus
4719 2867 4828 2909 no·

1176 2953 1327 3016 stris
1369 2953 1431 3015 in
1467 2952 1845 3016 consistorio
1894 2951 2152 3037 publico
2186 2951 2727 3037 comparentibu8‚
2766 2973 2842 3015 ac
2875 2952 3234 3037 predictum
3269 2952 3580 3014 sindicum
3617 2952 3958 3014 sindicario
3992 2966 4056 3015 et
4089 2953 4530 3037 primur-atorio
4571 2954 4826 3016 nomine

1179 3060 1705 3124 constituentium
1731 3058 2165 3145 predictorum
2198 3058 2525 3123 nonnullis
2558 3081 2777 3123 coram
2815 3059 2996 3121 nobis
3031 3076 3092 3122 et
3127 3059 3314 3122 dictis
3347 3059 3656 3121 fratribus
3689 3060 3750 3122 in
3785 3059 4012 3122 eodem
4045 3061 4428 3123 cont-istorio
4461 3060 4825 3144 recognitis.

1177 3169 1360 3249 actia,
1409 3168 1631 3253 gestiS,
1681 3167 2032 3252 promissiS,
2066 3167 2255 3249 datia,
2291 3167 2675 3247 constitutiS,
2712 3167 2922 3239 factis,
2969 3167 3206 3229 habitis
3253 3182 3314 3230 et
3357 3168 3614 3251 juratis,
3663 3189 3779 3230 nos
3827 3189 4020 3253 super
4065 3169 4160 3230 eis
4206 3184 4270 3231 et
4319 3169 4396 3231 iis
4443 3169 4660 3247 etiam,
4701 3188 4824 3253 que

1178 3297 1294 3361 per
1340 3297 1456 3340 nos
1503 3275 1583 3338 de
1631 3274 1949 3339 dictorum
1995 3275 2269 3338 fratrum
2317 3275 2589 3339 oonsilio
2638 3297 2944 3338 concessa
2993 3290 3056 3338 et
3103 3276 3414 3361 disposita
3479 3275 3738 3338 fuerunt
3801 3276 4002 3339 literis
4059 3276 4236 3339 bulla
4301 3290 4518 3339 nostra
4565 3276 4826 3339 bullatis

1180 3383 1263 3446 ad
1309 3396 1687 3469 perpetuam
1737 3383 1829 3446 rei
1876 3383 2251 3446 memoriam
2298 3382 2439 3446 fieri
2486 3382 2757 3445 fecimus
2809 3384 2870 3445 in
2919 3383 3036 3445 hec
3085 3383 3322 3445 verba:
3371 3382 3740 3446 Benna-tus
3785 3401 3906 3446 etc.
3939 3384 4026 3443 nd
4059 3392 4420 3467 peristasim
4473 3386 4564 3447 rei
4609 3406 4825 3446 memo-

1178 3493 1341 3553 riam
1388 3500 1509 3554 etc.
1558 3512 1761 3576 usque
1810 3491 1873 3554 in
1923 3490 2137 3553 finem.
2184 3489 2287 3555 De
2334 3498 2445 3553 tue
2494 3491 2693 3575 igitur
2740 3491 3332 3576 circumspectionis
3379 3490 3692 3553 industria
3741 3491 3806 3552 iu
3871 3492 4124 3575 magnis
4171 3506 4234 3553 et
4285 3490 4506 3553 arduis
4553 3504 4820 3577 experta

1178 3600 1461 3683 negotijs
1506 3606 1569 3662 et
1616 3597 2031 3661 laudabiliter
2076 3597 2533 3683 comprobata,
2586 3598 2864 3682 fideique
2913 3600 3274 3661 constantia
3323 3599 3582 3683 plenam
3631 3599 3692 3661 in
3742 3597 4022 3661 Domino
4079 3598 4380 3661 fiduciam
4427 3599 4824 3667 obtinentes,

1176 3705 1547 3770 discretioni
1592 3714 1701 3770 tue
1749 3727 1865 3792 per
1912 3706 2269 3792 apostolica
2316 3706 2555 3791 scripta
2606 3707 3064 3769 committimus
3111 3720 3176 3769 et
3223 3706 3638 3787 mandamuS‚
3688 3724 4007 3791 quatenus
4053 3720 4274 3769 tenore
4321 3706 4636 3769 dictarum
4683 3706 4824 3768 lite·

1176 3835 1397 3877 rarum
1442 3813 1789 3899 diligenter
1850 3814 2175 3900 inspecto,
2222 3824 2415 3900 teque
2472 3813 2555 3876 ad
2622 3814 2988 3883 civitatem,
3035 3814 3410 3877 comitatum
3470 3824 3534 3876 et
3600 3812 3962 3875 districtum
4021 3813 4450 3875 bononienses
4505 3812 4824 3899 predictos

1174 3923 1604 4008 personaliter
1649 3923 2009 3992 conferens,
2044 3921 2359 4007 dictisque
2406 3923 2836 3992 universitati,
2871 3923 3214 3986 Communi
3259 3936 3324 3984 et
3369 3921 3623 4007 Populo
3670 3921 3952 3984 civitatis
3997 3922 4288 4004 ejusdem
4321 3921 4590 4006 prefatis
4621 3920 4823 3984 literis

1174 4032 1521 4117 publicatis
1568 4031 1942 4094 solemniter
1986 4043 2049 4093 et
2096 4031 2409 4116 expositis
2454 4030 2838 4116 diligenter,
2886 4030 3188 4115 factaque
3235 4031 3412 4115 prius
3459 4051 3576 4115 per
3621 4052 3732 4093 eos
3779 4030 4140 4110 actualiter,
4191 4031 4452 4093 realiter
4489 4037 4554 4092 et
4600 4051 4823 4114 corpo·

1176 4139 1399 4202 raliter
1446 4138 1851 4202 restitutione
1898 4149 1963 4201 et
2011 4139 2450 4222 assignatione
2498 4139 2856 4224 corporalis
2898 4139 3324 4223 possessionis
3355 4145 3420 4201 et
3453 4139 3658 4222 quasi,
3695 4139 3996 4206 civitatis,
4029 4138 4372 4200 comitatus
4405 4149 4468 4200 et
4501 4137 4826 4201 districtus

1174 4247 1629 4332 predictorum,
1664 4267 1737 4308 ac
1776 4247 1935 4309 meri
1968 4261 2031 4309 et
2067 4245 2250 4309 mixti
2284 4246 2539 4331 imperij
2590 4267 2667 4310 ac
2714 4246 3082 4308 omnimode
3109 4245 3578 4328 jurisdictionis
3623 4260 4112 4330 ceterorumque
4139 4246 4382 4329 jurium
4424 4246 4708 4330 ipsorum
4739 4245 4822 4308 ad

1176 4376 1291 4416 nos
1332 4368 1397 4417 et
1444 4374 1780 4416 romanam
1830 4352 2191 4416 Ecclesiam
2222 4353 2415 4439 pleno
2442 4354 2592 4437 jure
2624 4354 3058 4438 spectantium
3090 4352 3228 4420 tibi.
3263 4353 3600 4438 recipienti
3640 4367 3858 4415 nostro
3889 4365 3954 4415 et
3985 4374 4432 4414 successorum
4463 4363 4824 4415 nostrorum

1172 4484 1247 4525 ac
1296 4483 1561 4525 romane
1610 4460 1897 4524 Ecclesie
1930 4460 2367 4547 predictorum
2398 4461 2685 4528 nomine.
2722 4483 2798 4522 ac
2831 4482 2948 4546 per
2979 4475 3064 4530 te,
3101 4462 3356 4524 nomine
3389 4460 3782 4546 supradicto,
3815 4460 4184 4542 hujusmodi
4219 4460 4380 4522 reali
4409 4471 4474 4522 et
4506 4459 4824 4545 corporali

1173 4570 1578 4655 possessione
1625 4585 1689 4632 et
1736 4570 1921 4654 quasi
1968 4581 2227 4654 recepta
2272 4583 2337 4632 et
2386 4569 2800 4654 apprehensa
2845 4583 2910 4631 et
2957 4568 3178 4631 habita
3227 4569 3494 4654 pacifice
3539 4581 3604 4630 et
3651 4569 3897 4653 quiete,
3947 4568 4135 4631 factis
4181 4568 4378 4630 etiam
4425 4589 4542 4653 per
4588 4567 4820 4630 consti-

1174 4689 1429 4740 tuentes
1474 4677 1731 4740 eosdem
1782 4678 2351 4761 recognitionibus,
2398 4676 2964 4744 ratificationibus.
3014 4675 3588 4761 acceptationibus,
3621 4675 4174 4740 affirmationibus.
4209 4674 4821 4754 confirmationibus,

1172 4784 1757 4869 emologatiouibus
1804 4807 1949 4847 cum
1990 4786 2508 4869 juramentorum
2558 4785 3098 4870 prestationibus,
3147 4784 3654 4868 obligationibus
3723 4805 3980 4868 quoque
4043 4804 4240 4869 super
4299 4782 4472 4845 dicto
4517 4803 4712 4846 censu
4759 4797 4820 4845 et

1172 4893 1322 4975 alijs
1368 4891 1666 4955 omnibus
1712 4907 1775 4955 et
1823 4892 2097 4975 siugulis
2144 4893 2465 4956 contentis
2512 4893 2577 4955 in
2624 4891 2814 4954 dictis
2861 4891 3066 4954 literis
3112 4891 3434 4960 distincte,
3481 4892 3852 4977 specialiter
3895 4903 3960 4954 et
4003 4911 4332 4975 expresse.
4375 4911 4450 4954 ac
4496 4890 4822 4976 premissis

1170 5000 1469 5063 omnibus
1510 5001 1703 5084 juxta
1748 5000 2229 5085 promissiones,
2264 5000 2695 5084 obligationes
2742 5015 2807 5062 et
2849 5001 3222 5083 juramenta
3269 4999 3422 5062 dicti
3455 4999 3684 5062 sindici
3727 5020 3804 5061 ac
3851 4998 4204 5061 secundum
4237 4998 4518 5064 modum,
4551 4998 4822 5061 formam

1168 5123 1233 5170 et
1280 5107 1571 5170 ordinem
1618 5108 1683 5170 in
1728 5107 1973 5171 eisdem
2020 5108 2225 5170 literis
2270 5109 2507 5170 nostris
2556 5128 2904 5193 expressos
2948 5106 3162 5170 debite
3203 5121 3268 5170 et
3299 5107 3646 5170 efficaciter
3689 5107 4078 5192 adimpletis,
4111 5121 4176 5169 et
4207 5105 4288 5168 de
4319 5106 4398 5168 iis
4431 5105 4724 5169 omnibus
4757 5113 4820 5169 et

1170 5215 1443 5300 siugulis
1490 5214 1802 5278 confectis
1848 5215 2125 5300 publicis
2174 5215 2617 5278 instrumentis
2669 5217 2864 5298 juxta
2927 5214 3244 5278 dictarum
3307 5215 3640 5278 literarum
3703 5215 3972 5282 seriem,
4021 5213 4208 5275 nobis
4253 5213 4669 5298 quantocius,
4715 5213 4820 5275 vel

1168 5324 1401 5386 saltem
1450 5324 1617 5385 iufra
1665 5322 2025 5409 predictam
2070 5324 2365 5409 proxime
2413 5322 2700 5386 futuram
2748 5322 3030 5385 mediam
3077 5322 3641 5407 quadragesimam
3689 5321 3966 5384 fideliter
4010 5320 4410 5384 destinandis
4453 5335 4516 5384 et
4563 5320 4823 5384 realiter

1169 5430 1600 5515 assignandis,
1632 5445 1725 5496 tu.
1758 5445 1905 5516 post
1946 5431 2456 5516 assignationem
2502 5429 2875 5514 hujusmodi
2921 5431 3210 5516 predicta
3259 5432 3472 5494 onmia
3521 5430 3846 5515 postulata
3895 5443 3958 5492 et
4008 5429 4212 5514 petita
4257 5450 4374 5514 per
4419 5428 4660 5491 dictum
4691 5428 4821 5490 sin·

1167 5539 1383 5603 dicum
1430 5540 1785 5603 secuudum
1832 5539 2321 5625 dispositionem
2368 5553 2655 5603 nostram
2703 5539 2767 5601 in
2817 5539 3022 5603 literis
3071 5540 3344 5625 prefatis
3389 5560 3786 5625 expressam.
3819 5559 3966 5601 cum
4001 5537 4298 5600 omnibus
4331 5536 4821 5604 conditionibus.

1170 5648 1523 5712 honoribus
1568 5661 1632 5712 et
1680 5648 2007 5730 oneribus,
2056 5670 2131 5712 ac
2179 5647 2385 5711 modis
2432 5661 2497 5711 et
2543 5648 2767 5712 formis
2817 5649 3138 5712 enarratis
3186 5649 3248 5711 in
3299 5647 3504 5711 literis
3549 5646 3956 5732 supradictis,
3997 5645 4242 5709 eisdem
4291 5645 4649 5724 Communi,
4681 5644 4822 5707 uui·

1168 5757 1463 5820 tersitati
1506 5771 1571 5820 et
1618 5755 1893 5842 Populo,
1928 5756 2285 5841 apostolica
2332 5757 2740 5836 auctoritate,
2785 5755 3102 5819 mucedas
3149 5755 3229 5819 de
3277 5765 3494 5820 nostra
3543 5768 3607 5818 et
3655 5755 3856 5840 ipsius
3903 5753 4090 5817 Sedis
4147 5753 4358 5838 gratia
4407 5750 4702 5838 speciali3
4747 5773 4820 5814 ac

1166 5864 1524 5950 predictam
1571 5865 1959 5928 seutentiam
2008 5863 2372 5946 interdicti,
2420 5864 2525 5927 cui
2570 5864 2832 5934 civitas,
2879 5863 3224 5927 comitatus
3270 5875 3334 5928 et
3391 5864 3718 5927 districtus
3781 5862 4054 5948 predicti
4115 5882 4192 5923 ac
4249 5859 4700 5923 universitates
4757 5867 4820 5922 et

1168 5974 1529 6036 communia
1582 5972 1955 6035 eorumdem
2020 5989 2287 6059 propter
2348 5973 2655 6058 premissa
2722 5971 3066 6054 subjacere
3129 5987 3500 6038 noscuntur.
3547 5991 3896 6053 omnesque
3943 5970 4334 6036 sententias,
4381 5981 4576 6052 atque
4621 5988 4820 6052 penas

1168 6103 1285 6166 per
1330 6080 1535 6143 dictos
1584 6103 1923 6166 processus
1968 6096 2033 6144 et
2080 6080 2605 6143 constitutionem
2651 6079 2950 6163 ejusdem
2995 6077 3342 6161 Bonisacij.
3377 6099 3502 6163 que
3549 6078 3806 6163 incipit:
3843 6075 4099 6140 Felicis:
4129 6092 4194 6139 et
4241 6075 4404 6137 alios
4437 6095 4714 6138 canones
4746 6095 4819 6137 ac

1165 6189 1591 6274 provincialia
1638 6199 1703 6252 et
1750 6189 2067 6251 sinodalia
2130 6201 2373 6251 statuta
2440 6199 2665 6250 contra
2726 6186 2933 6250 dictos
2997 6186 3364 6254 civitatem,
3413 6184 3804 6252 Commune,
3853 6185 4344 6247 universitatem
4389 6191 4456 6246 et
4501 6180 4820 6268 Populum

1168 6296 1620 6364 bononienses,
1670 6317 1747 6358 ac
1794 6295 2169 6359 comitatum
2216 6308 2283 6359 et
2330 6294 2691 6358 districtum
2738 6295 3026 6380 ipsorum
3073 6309 3207 6357 tam
3255 6315 3451 6379 super
3493 6293 3857 6379 privatione
3907 6291 4122 6375 Studij
4171 6290 4498 6376 generalis
4543 6289 4821 6353 civitatis

1166 6401 1481 6486 ejusdem,
1514 6402 1929 6488 omniumque
1976 6401 2487 6488 privilegiorum,
2520 6400 3078 6486 indulgentiarum
3123 6414 3188 6464 et
3235 6401 3592 6486 gratiarum
3641 6399 4142 6485 apostolicorum
4175 6413 4238 6461 et
4273 6396 4722 6483 imperialium,
4756 6403 4820 6458 et

1165 6510 1249 6571 ab
1298 6509 1441 6572 aliis
1490 6509 2001 6594 quibuscumque
2046 6530 2499 6574 concessorum
2546 6509 2820 6582 eisdem,
2871 6530 3066 6594 quam
3113 6510 3277 6572 alias
3323 6507 3804 6593 quomodolibet
3855 6506 4192 6570 ffl=casione
4238 6505 4555 6569 dictorum
4600 6524 4819 6567 exces-
