5542 7775
1475 665 1935 714 sPEc'rANTIA
1980 666 2081 714 AD
2122 664 2335 716 Paos.
2379 666 2614 737 pum,
2655 666 2953 716 HUMAN.
2997 666 3142 716 ΜΤ.
3183 665 3278 714 ΕΤ
3317 664 3586 715 Tflnon.
4197 646 4349 716 245

713 819 817 882 vel
868 842 1012 882 cum
1063 819 1357 901 relativ0,
1392 820 1445 882 si
1485 820 1558 885 fit
1603 820 1897 901 latinum,
1932 819 2033 883 vel
2068 820 2225 884 sine.
2276 818 2346 881 Si
2394 819 2465 882 fit
2511 819 2782 882 latinum
2832 840 2975 883 cum
3023 819 3314 901 relativo,
3349 818 3404 882 si
3435 819 3908 883 substantivum
3943 818 4113 884 illius
4151 822 4352 906 parti-

710 926 867 1011 cipij
917 948 1031 1012 per
1083 926 1252 1012 quod
1300 925 1493 990 datur
1540 927 1779 1009 thema,
1817 926 2012 990 habet
2059 934 2421 1013 respectum
2469 924 2547 989 ad
2599 925 2771 989 aliud
2818 925 3086 989 verbum
3127 947 3320 1010 quam
3352 925 3435 989 ad
3465 926 3895 1012 participium,
3928 927 4037 992 fiet
4079 928 4350 993 latinum

712 1032 1100 1096 substantivi
1149 1032 1447 1117 ponendo
1500 1033 1845 1097 relativum
1893 1053 2038 1095 cum
2083 1032 2195 1096 illo
2245 1032 2492 1096 infinito
2543 1031 2713 1095 illius
2759 1032 3084 1118 participij
3135 1033 3272 1096 loco
3312 1032 3646 1118 suppositi,
3680 1033 3732 1097 si
3774 1041 3871 1099 est
3903 1035 4170 1099 verbum
4202 1057 4350 1121 pas·

713 1142 945 1222 sivum,
993 1139 1099 1204 vel
1151 1140 1289 1203 loco
1338 1139 1832 1221 terminationis,
1881 1140 1935 1202 si
1984 1146 2080 1202 est
2128 1140 2304 1203 aliud
2355 1160 2546 1225 quam
2593 1140 2943 1224 passivum,
2992 1146 3062 1203 ut
3105 1140 3170 1203 in
3218 1140 3339 1204 isto
3385 1140 3690 1206 themate.
3734 1167 3763 1199 ι
3799 1141 3893 1206 Lo
3933 1145 4186 1208 maistre
4222 1165 4350 1209 ser-

709 1251 826 1313 vito
871 1270 945 1311 va
991 1269 1030 1311 a
1077 1249 1140 1312 la
1175 1250 1386 1345 piaza‘.
1441 1246 1737 1332 Mayisier
1781 1248 1882 1310 cui
1941 1247 2208 1331 aliquem
2265 1246 2393 1328 fm't
2454 1249 2710 1329 servire,
2759 1247 2879 1311 hoc
2941 1253 3146 1310 totum
3208 1253 3306 1310 est
3366 1247 3506 1311 loco
3569 1250 3917 1335 suppositi,
3970 1253 4057 1315 vel
4115 1254 4217 1315 cui
4274 1251 4351 1316 ab

706 1357 916 1441 aliquo
956 1356 1086 1438 fuit
1130 1357 1351 1419 serviri
1370 1405 1386 1437 ,
1434 1354 1555 1417 hoc
1604 1362 1702 1417 est
1750 1353 2191 1440 suppositum,
2239 1354 2406 1417 radit
2450 1355 2536 1417 ad
2566 1355 2840 1439 plateam
2889 1376 2963 1436 »ς
3012 1355 3114 1417 vel
3162 1355 3225 1417 in
3276 1354 3396 1419 isto
3444 1355 3606 1420 alio:
3654 1381 3683 1413 ι
3722 1355 3816 1420 Lo
3852 1361 4104 1423 maistre
4147 1366 4351 1423 amato

717 1485 788 1527 ra
834 1485 874 1526 a
923 1464 986 1526 la
1021 1464 1248 1548 piaza:
1295 1461 1615 1546 Mayister‚
1664 1482 1842 1545 quem
1880 1461 2010 1543 fuit
2054 1462 2279 1541 amari,
2333 1462 2497 1524 vadit
2543 1461 2627 1524 acl
2663 1462 2939 1545 plateam
2981 1484 3041 1543 »ς
3085 1460 3189 1524 vel
3236 1461 3373 1526 sine
3422 1463 3713 1546 relativo,
3762 1464 3817 1527 si
3875 1466 4351 1530 substantivum

715 1569 1038 1656 participij
1087 1577 1215 1632 non
1263 1569 1528 1633 habebit
1575 1574 1939 1653 respectum
1987 1567 2110 1630 nisi
2158 1568 2241 1631 ad
2297 1567 2456 1630 illud
2511 1567 2921 1653 participium
2975 1567 3039 1631 in
3094 1568 3376 1632 themate
3433 1570 3728 1655 ponendo
3782 1570 3941 1636 illud
4002 1573 4350 1637 substanti-

708 1698 861 1740 vum
909 1676 1049 1740 loco
1099 1676 1414 1761 suppositi
1464 1675 1635 1739 illius
1683 1674 1940 1755 infiniti,
1974 1674 2028 1737 si
2075 1681 2173 1738 est
2221 1674 2570 1759 passivum,
2607 1675 2709 1738 vel
2756 1674 2898 1739 loco
2945 1675 3434 1758 terminationis,
3469 1676 3521 1740 si
3570 1677 3692 1741 erit
3738 1677 3915 1743 aliud
3959 1701 4153 1766 quam
4201 1702 4349 1767 pas-

706 1783 940 1864 sivum,
975 1790 1040 1846 et
1073 1783 1373 1846 ordinare
1423 1781 1583 1846 illud
1633 1781 1954 1845 infinitum
2005 1781 2085 1844 ad
2134 1781 2535 1867 suppositum
2581 1782 2755 1845 illius
2799 1782 2979 1845 verbi
3018 1782 3159 1864 fuit,
3194 1790 3264 1846 ut
3297 1784 3362 1846 in
3397 1783 3518 1847 isto
3550 1785 3867 1850 themate:
3911 1811 3943 1844 α
3976 1787 4070 1851 Lo
4100 1791 4351 1854 maistre

705 1891 736 1953 ὸ
782 1898 1067 1974 aprezato
1112 1890 1194 1952 da
1241 1891 1288 1953 li
1333 1891 1556 1953 scolari
1572 1912 1594 1951 .·
1633 1888 2006 1973 Mayistrum
2046 1889 2176 1971 fuit
2221 1890 2398 1953 licere
2440 1910 2481 1952 a
2524 1888 2857 1953 scolaribus
2890 1913 2950 1972 1»,
2986 1888 3088 1951 vel
3137 1891 3258 1954 isto
3306 1890 3528 1955 modo:
3574 1916 3603 1948 ι
3640 1890 3733 1955 Lo
3762 1896 4016 1958 maist-ro
4045 1897 4075 1959 ὲ
4104 1897 4351 1962 assalito

700 1997 781 2060 da
830 1997 877 2059 li
925 1996 1190 2060 scholari
1204 2019 1224 2059 .·
1277 1995 1593 2060 Scholares
1634 1995 1763 2077 fuit
1808 1996 2063 2081 aqyredi
2106 1998 2466 2081 mayistrum
2518 2020 2580 2058 ».

888 2211 1176 2296 Explicit
1223 2210 1522 2275 Donatus
1568 2231 1685 2296 per
1733 2210 1956 2274 modos
2004 2210 2410 2296 significandi
2456 2211 2868 2296 compositus.
2917 2210 3058 2275 Deo
3103 2212 3370 2297 gratias·
3419 2215 3651 2278 Amen.

890 2318 1014 2402 [In
1054 2317 1254 2402 fine:]

887 2425 1266 2512 Expliciunt
1314 2425 1540 2490 Flores
1588 2426 1880 2489 veritatis
1928 2426 2281 2509 gramatice
2330 2426 2667 2512 compositi
2714 2447 2753 2489 a
2800 2426 3109 2512 magistro
3156 2426 3538 2511 Bertolutio‚
3574 2429 3774 2494 fratre
3814 2430 4106 2517 magistri
4152 2431 4347 2499 Guio-

706 2532 884 2595 zardi
931 2532 1388 2615 Bononiensis,
1427 2532 1535 2617 qui
1576 2533 1639 2596 in
1690 2532 1984 2618 partibus
2032 2532 2328 2597 omnibus
2374 2532 2869 2619 Lonibardeque
2891 2533 2970 2597 (1)
3004 2533 3234 2598 Tuscie
3274 2534 3497 2600 doctor
3528 2536 3862 2601 doctorum
3892 2538 3956 2602 in
3990 2540 4348 2624 gramatica

713 2646 1069 2726 reputatur.

890 2749 1227 2815 Johannes
1275 2748 1354 2813 de
1408 2747 1671 2835 Spoleto
1719 2756 1988 2813 vocatur
2034 2771 2072 2813 a
2121 2748 2376 2813 Christo
2422 2749 2861 2814 benedicatur.

889 2855 1177 2942 Explicit

885 3158 966 3223 (1)
1010 3156 1116 3209 Sic.
