5542 7775
1350 616 1499 686 276
2858 640 3503 691 MONUMENTORUM

1471 793 1550 857 In
1601 794 1855 858 laudato
1910 802 2114 858 autem
2188 794 2401 858 Codice
2449 798 2722 859 vaticano
2766 798 2851 858 sic
2894 795 3110 859 huius-

1347 903 1512 966 modi
1558 903 1776 966 titulus
1821 903 2081 987 Ieyitur:
2119 903 2225 966 sed
2243 905 2453 986 primo
2482 911 2815 967 occurrunt
2846 906 2911 967 in
2942 924 3110 967 sum-

1347 1032 1445 1073 ma
1482 1011 1720 1094 paqina
1768 1008 1881 1073 bae
1921 1010 2155 1089 ,qlossae
2206 1010 2379 1073 nullo
2439 1011 2655 1073 ordine.
2715 1009 3108 1093 distributae,

1344 1139 1500 1203 quae
1545 1124 1811 1201 spectant
1856 1115 1942 1179 ad
1984 1116 2148 1179 hunc
2187 1118 2458 1199 titulum,
2492 1138 2682 1202 usque
2711 1117 2798 1180 ad
2827 1139 2895 1181 ea
2928 1116 3107 1180 rerba

1334 1225 1436 1290 vel
1483 1232 1783 1311 propter:

1655 1359 1683 1389 α
1734 1354 1791 1418 q.
1841 1332 2045 1396 scribit
2090 1331 2328 1396 tabellio
2361 1331 2666 1417 publicus.

1732 1440 1815 1504 In
1862 1446 1992 1504 aut.
2025 1439 2397 1523 jusjurand.

1735 1569 1791 1633 q.
1829 1535 1974 1631 'pst—a
2018 1548 2149 1610 coll.
2199 1546 2295 1611 II.
2347 1573 2376 1604 »
2431 1546 2632 1632 [Leqe
2693 1543 2808 1627 V.]

1341 1702 3100 1720 000000000000000000000000000

1467 1764 1536 1828 C.
1571 1762 1652 1827 N.
1687 1761 1878 1826 hodie
1919 1761 2040 1825 hoc
2074 1768 2546 1825 sacramentum
2582 1760 2927 1825 remittitur
2959 1783 3103 1825 cum

1340 1872 1406 1936 in
1458 1871 1703 1956 judicio
1760 1871 2016 1954 juretur
2080 1868 2234 1932 nihil
2298 1890 2365 1932 se
2414 1869 2808 1932 calumniose
2855 1869 2920 1932 in
2969 1876 3103 1932 toto

1339 1981 1608 2066 negocio
1654 1979 1941 2063 exigere.

1339 2131 3100 2154 000000000000000000000000000

1463 2196 1543 2259 In
1589 2216 1831 2258 summa
1881 2214 2017 2256 vero
2053 2194 2314 2278 payina,
2348 2214 2503 2277 quae
2544 2194 2843 2275 sequitur,
2864 2198 3002 2275 post
3034 2212 3102 2254 ea

1339 2303 1518 2369 verba
1574 2323 1699 2365 non
1763 2300 1909 2365 odio
1973 2321 2341 2379 servorum,
2391 2298 2494 2361 vel
2551 2306 2653 2362 etc.
2701 2298 2818 2362 leae
2874 2298 3106 2382 ylossae

1338 2414 1630 2498 leyuntur
1644 2434 1664 2473 .·

1463 2520 1533 2584 C.
1568 2520 1649 2584 N.
1683 2518 1768 2581 X.
1806 2518 1867 2580 in
1917 2516 2061 2580 coll.
2097 2515 2178 2579 V.
2227 2515 2304 2580 In
2353 2515 2475 2579 isto
2518 2516 2890 2599 juramento
2939 2512 3102 2597 adij-

1336 2628 1634 2693 ciendum
1667 2632 1791 2690 est:
1829 2625 2073 2688 nullam
2125 2624 2186 2686 in
2239 2630 2375 2686 tota
2421 2623 2533 2686 lite
2569 2622 2835 2707 exigere
2870 2621 3103 2707 proba-

1335 2738 1597 2818 tionem,
1633 2735 1754 2798 nisi
1788 2754 1980 2818 quam
2013 2753 2128 2817 pro
2165 2731 2433 2795 veritate
2467 2738 2649 2816 putet
2692 2730 2834 2815 quis
2883 2751 3102 2793 neces-

1334 2845 1504 2908 sario
1553 2840 1987 2906 exhibendam
2033 2860 2195 2920 esse,
2246 2860 2325 2901 ne
2373 2838 2587 2923 sepius
2631 2838 2905 2921 juretur.

1463 2952 1552 3015 Ut
1600 2949 1928 3034 litigantes
1970 2947 2211 3030 jurent,
2261 2946 2347 3031 ip.
2398 2945 2542 3008 coll.
2586 2944 2706 3008 IX.

1464 3059 1532 3124 O.
1567 3058 1649 3122 N.
1698 3055 2100 3141 Principales
2148 3075 2419 3140 persone
2463 3054 2684 3137 jurent
2724 3052 2895 3137 quod
2943 3051 3100 3115 nihil

1336 3168 1593 3255 penitus
1641 3185 1836 3229 causa
1887 3162 2226 3249 patrocinii
2274 3160 2568 3224 dederint
2608 3160 2957 3244 judicibus,
2998 3159 3102 3223 vel

1336 3274 1531 3340 alicui
1576 3293 1847 3359 persone
1897 3292 2012 3356 pro
2060 3270 2181 3333 hac
2229 3268 2522 3331 dederint
2557 3268 2658 3331 vel
2693 3267 3103 3353 promiserint

1335 3384 1439 3449 vel
1473 3390 1698 3470 postea
1731 3378 1979 3443 dabunt
2019 3399 2134 3463 per
2181 3398 2248 3440 se
2283 3376 2384 3440 vel
2418 3376 2613 3439 aliam
2647 3375 2926 3439 mediam
2957 3397 3101 3461 per-

1330 3513 1585 3571 sonam,
1636 3486 1924 3572 exceptis
1971 3484 2071 3548 his
2120 3507 2245 3570 que
2279 3484 2556 3570 propriis
2603 3483 2935 3547 advocatis
2983 3504 3099 3569 pro

1328 3596 1705 3687 patrociniis
1752 3600 2143 3680 prestantur,
2191 3592 2465 3677 aliisque
2514 3590 2804 3676 personis
2868 3589 3098 3675 quibus

1327 3714 1544 3771 nostre
1591 3705 1772 3787 leges
1821 3700 1961 3764 dari
2009 3699 2379 3786 disponunt.

1451 3813 1617 3899 Imp.
1666 3811 1834 3875 Just.
1884 3809 1999 3892 A„
2048 3805 2473 3872 Demostheni
2519 3805 2651 3869 PP.

1453 3921 1530 3984 In
1579 3919 1876 3984 omnibus
1917 3917 2148 3997 causis,
2184 3915 2321 3979 sive
2353 3921 2619 3999 propter
2651 3913 2871 3976 literas
2906 3913 3098 3977 fuerit

1328 4036 1664 4110 certatum,
1698 4027 1833 4091 sive
1880 4033 2145 4112 propter
2191 4021 2744 4103 instrumenta(l),·
2773 4021 2909 4084 sive
2951 4043 3097 4107 pro·

1326 4145 1471 4223 pter
1521 4134 1872 4221 quidquam
1918 4131 2093 4195 aliud
2119 4131 2216 4208 (2),
2264 4130 2329 4193 in
2378 4150 2504 4214 quo
2552 4127 2902 4192 necessitas
2949 4149 3095 4214 pro-

1448 4444 1526 4506 (1)
1567 4441 1631 4492 In
1671 4439 1944 4507 margine:
1986 4438 2224 4503 alicujus
2266 4436 2554 4502 Ciroyrasi.

1447 4534 1525 4596 (2)
1567 4530 1761 4581 Glossa
1789 4528 2183 4581 interlinearis:
2231 4526 2294 4577 Ut
2323 4533 2548 4592 propter
2584 4543 2795 4577 servum
2835 4527 3098 4592 questioni

1323 4621 1674 4674 subdendum.

1450 4713 1528 4776 (3)
1570 4709 1767 4761 Glossa
1806 4707 2201 4761 interlinearis:
2240 4723 2289 4773 q.
2321 4705 2477 4758 hodie
2512 4705 2845 4771 superfluum
2874 4712 3098 4772 propter

1323 4802 1582 4854 novellam
1621 4800 2040 4851 constitutionem
2083 4799 2141 4848 in
2181 4798 2279 4848 isto
2303 4797 2637 4862 juramento.

1448 4893 1525 4957 (4)
1566 4891 1630 4942 In
1668 4890 1854 4943 editis:
1894 4904 2061 4939 causa
2100 4887 2409 4951 differendi.

1447 4985 1524 5047 (5)
1565 4981 1762 5032 Glossa
1801 4979 2200 5031 interlinearis:
2239 4978 2348 5029 Hic
2372 4977 2436 5026 de
2463 4976 2811 5028 Sat-ramento
2835 4977 3095 5042 exigentis

1311 5072 1702 5140 probationem.

1447 5163 1524 5226 (6)
1566 5160 1764 5212 Glossa
1803 5157 2199 5210 interlinearis:
2239 5158 2347 5209 Hic
2382 5162 2556 5207 autem
2596 5156 2753 5207 aliud
2791 5157 2854 5206 de
2892 5156 3091 5207 Sarra-

1320 5257 1491 5303 mento
1529 5251 1848 5316 questionem
1887 5249 1951 5298 de
1987 5247 2156 5298 serris
2190 5247 2315 5311 fieri
2340 5246 2691 5312 postulantis.

1447 5343 1525 5406 (7)
1567 5340 1630 5391 In
1672 5339 1863 5391 editis:
1904 5342 2197 5388 exerceant.

1446 5432 1524 5494 (8)
1567 5429 1628 5479 In
1671 5427 1946 5495 margine:
1983 5428 2091 5477 sire
2127 5427 2450 5477 remanserit
2487 5427 2544 5476 in
2582 5428 2848 5488 servitute,
2872 5427 2980 5476 sire
3005 5443 3088 5477 re-

1320 5522 1450 5572 licta
1485 5521 1558 5570 sit
1595 5521 1671 5570 eis
1708 5518 1948 5569 libertas.

1445 5611 1523 5675 (9)
1566 5609 1761 5660 Glossa
1802 5606 2195 5658 interlinearis:
2223 5605 2526 5657 habendam
2552 5606 2617 5656 de
2640 5606 2952 5672 corporibus
2977 5621 3088 5657 ere-

1318 5701 1543 5752 ditariis
1577 5715 1629 5763 y.
1669 5713 1757 5748 res
1793 5696 2120 5748 ereditar·ias
2156 5697 2406 5748 detinent.

1408 5791 1523 5855 (10)
1564 5788 1778 5840 Desunt
1816 5789 1977 5838 notae
2017 5786 2324 5838 chronicae.

1409 5881 1524 5944 (11)
1564 5878 1629 5929 111
1670 5876 1857 5930 editis:
1896 5875 2162 5927 Johanm'.

1407 5971 1522 6033 (12)
1562 5968 1626 6019 In
1667 5967 1855 6019 editis:
1885 5965 2018 6017 Cum
2058 5968 2154 6030 (et)
2193 5965 2431 6019 Judices.
2471 5967 2578 6019 Sed
2619 5967 2813 6018 melius
2851 5966 3083 6019 arridet:

1320 6058 1454 6111 Cum
1491 6064 1668 6109 autem
1705 6056 1946 6121 Judices,
1985 6060 2041 6108 ut
2081 6056 2166 6107 hic
2206 6057 2422 6125 legitur.

1405 6152 1520 6214 (13)
1560 6148 1714 6200 Haec
1752 6147 1846 6199 lex
1884 6148 2184 6215 praelonga
2221 6146 2579 6214 paucissimas
2617 6146 2786 6198 habet
2823 6147 3049 6214 glossas.

1406 6240 1519 6304 (14)
1559 6238 1659 6289 Est
1697 6238 1868 6289 codex
1908 6253 1960 6287 n.
1991 6239 2128 6288 1428
2155 6237 2209 6287 in
2241 6235 2562 6288 membrana
2586 6236 2640 6288 111
2669 6236 2819 6287 folio.
2846 6235 3085 6304 Singulis

1317 6346 1443 6397 pag.
1483 6331 1667 6379 textus
1724 6325 2083 6379 iustinianeus
2137 6325 2344 6393 duplici
2387 6327 2644 6378 columna
2692 6326 2963 6390 scribitur,
3002 6325 3085 6393 ip-

1317 6435 1544 6487 sumque
1567 6419 1778 6468 textum
1807 6415 2136 6467 comitantur
2157 6414 2406 6467 Accursii
2444 6415 2658 6484 glossae
2682 6420 2797 6466 tum
2824 6415 2876 6466 in
2904 6414 3084 6466 fronte

1315 6508 1567 6577 paginae,
1596 6509 1711 6557 tum
1742 6506 1796 6557 in
1837 6508 2067 6573 utroque
2107 6505 2369 6573 margine,
2398 6521 2461 6556 ac
2501 6505 2826 6573 praesertim
2865 6504 2932 6555 ad
2973 6503 3085 6556 cal-

3240 795 3522 860 bationis
3572 797 3917 880 incumbit,
3966 799 4289 863 sancimus
4337 821 4466 865 non
4514 801 4703 865 aliter
4750 802 4994 869 easdem

3239 903 3653 988 probationes
3702 912 3990 991 prestare
4032 907 4352 993 compelli,
4388 907 4508 971 nisi
4544 908 4720 994 prius
4755 910 4863 995 qui
4896 931 4992 974 eas

3238 1011 3529 1096 exposcit
3552 1010 3629 1075 (3)
3657 1013 4097 1095 juramentum
4133 1012 4211 1077 de
4258 1015 4627 1100 calumpnia
4676 1022 4990 1101 prestare-

3236 1117 3353 1198 rit,
3405 1117 3573 1203 quod
3634 1140 3761 1182 non
3830 1141 4091 1183 causam
4139 1120 4495 1185 differendo
4523 1122 4601 1183 (4)
4634 1122 4989 1207 hujusmodi

3235 1225 3569 1310 proposuit
3603 1226 4081 1311 allegationem.
4117 1227 4306 1309 Nam,
4334 1229 4721 1293 sacramenti
4754 1230 4989 1313 timore,

3234 1333 3635 1396 contentiosa
3669 1333 4064 1418 litigantium
4100 1335 4405 1399 instantia
4431 1337 4876 1422 compescitur.
4902 1337 4989 1403 Ne

3233 1441 3546 1504 autem(5)
3594 1462 3935 1526 perperam
3981 1442 4042 1504 in
4102 1442 4502 1528 questionem
4566 1447 4988 1509 servorumffl)

3233 1547 3495 1633 quidam
3542 1549 3872 1612 venientes
3921 1549 4020 1612 sui
4067 1550 4267 1613 animi
4313 1551 4760 1615 crudelitatem
4818 1574 4989 1617 exer-

3232 1662 3376 1718 cent
3396 1654 3474 1718 (7)
3509 1676 3634 1719 non
3670 1656 3860 1719 aliter
3892 1656 3984 1720 eis
4025 1658 4289 1721 concedi
4305 1658 4384 1722 (8)
4418 1659 4817 1744 questionem
4868 1681 4986 1724 ser·

3231 1762 3553 1826 vorumffl)
3599 1772 3957 1848 exposcunt
4004 1763 4087 1826 ad
4134 1764 4255 1828 hoc
4303 1766 4545 1848 venire,
4593 1766 4696 1830 vel
4746 1788 4784 1829 a
4829 1768 4987 1850 judi·

3231 1869 3410 1933 cibus
3453 1870 3682 1953 audiri,
3734 1872 3854 1934 nisi
3904 1873 4100 1958 prius,
4136 1874 4325 1936 tactis
4374 1876 4798 1938 sacrosanctis
4847 1877 4988 1939 scri·

3231 1978 3471 2063 ptnris,
3520 1977 3847 2064 deponant
3894 1979 4065 2064 quod
4114 2002 4240 2043 non
4285 1980 4431 2044 odio
4479 2002 4847 2064 servorum,
4896 1985 4991 2048 101

3234 2084 3372 2165 (hic
3404 2086 3551 2168 finis
3576 2088 3847 2171 paqinae
3891 2087 4148 2169 codicis)
4184 2096 4446 2174 propter
4488 2089 4766 2153 offensas
4809 2091 4987 2155 cohe-

3231 2191 3457 2255 redum
3504 2192 3587 2256 ad
3631 2192 3751 2256 hoc
3799 2203 4135 2277 venerunt,
4171 2194 4284 2258 sed
4332 2196 4503 2281 quod
4550 2196 4739 2260 aliter
4784 2219 4989 2262 rerum

3229 2298 3767 2363 hereditariarum
3814 2301 4150 2365 veritatem
4216 2303 4555 2387 exquirere
4621 2304 4724 2367 vel
4786 2310 4989 2369 osten-

3232 2406 3384 2471 dere
3434 2428 3559 2471 non
3618 2409 4045 2493 possunt(10).

3358 2515 3539 2579 Idem
3588 2518 3701 2597 A.,
3751 2515 4147 2581 Juliano(¹¹)
4181 2517 4314 2581 PP.

3360 2622 3521 2687 Cum
3569 2622 3652 2687 A.
3702 2622 3988 2706 Judices,
4038 2624 4294 2689 ete.(12)

3357 2730 3391 2812 ξ
3442 2730 3493 2794 I.
3546 2730 3659 2795 Sin
3708 2738 3946 2814 autem,
3995 2732 4101 2795 vel
4148 2732 4451 2818 dignitas,
4501 2740 4621 2797 etc.

3356 2838 3392 2919 ξ
3438 2837 3528 2901 II.
3579 2838 3767 2912 Quod
3816 2838 4147 2902 observari
4195 2847 4467 2925 oportet,
4518 2848 4638 2905 etc.

3355 2946 3390 3027 ξ
3437 2945 3563 3009 III.
3616 2946 3729 3009 Sin
3779 2956 3994 3010 autem
4042 2946 4370 3012 abfuerit.
4409 2997 4424 3012 .
4460 2996 4476 3013 .
4513 2998 4527 3012 .
4580 2957 4643 3012 et
4690 2949 4852 3036 ipse,
4900 2951 4997 3014 vel

3230 3060 3528 3139 presente
3562 3064 3778 3117 actore
3814 3076 3928 3140 per
3954 3076 4043 3136 se,
4071 3055 4173 3118 vel
4206 3077 4322 3141 per
4358 3056 4735 3120 instructum
4768 3078 4997 3142 procu-

3233 3170 3536 3243 ratorem,
3573 3161 3676 3224 vel
3709 3161 3904 3225 etiam
3939 3161 4204 3225 absente
4238 3184 4335 3244 00,
4369 3163 4423 3225 01
4455 3162 4575 3227 1100
4607 3163 4649 3227 J
4654 3162 4829 3226 udex
4862 3185 5001 3250 per·

3230 3269 3536 3354 spexerit‚
3572 3268 3739 3332 inter
3779 3276 3923 3332 aeta
3950 3269 4387 3354 juramentum
4436 3278 4695 3357 prestet,
4725 3281 4851 3335 etc.
4888 3271 4996 3335 (¹3)

4068 3485 4157 3549 II.

3382 3699 3486 3763 Ex
3532 3699 3899 3764 Bibliotheca
3963 3700 4282 3783 Vaticana,
4328 3702 4457 3765 cod.
4512 3702 4851 3767 142804).

3349 3917 3646 3980 Andreas
3690 3917 3768 3980 de
3805 3916 4050 3981 Saxulo
4094 3920 4457 3981 nominatur
4487 3920 4549 3981 in
4593 3919 4720 4001 fine
4763 3920 5001 4004 ylossae

3212 4045 3362 4108 pay.
3394 4024 3497 4106 17,
3523 4026 3770 4109 eiusque
3811 4026 4138 4110 lonyiorem
4169 4026 4431 4110 qlossam
4458 4026 4865 4110 inreuiopay.
4892 4026 4999 4104 26,

3225 4131 3312 4193 27
3358 4137 3411 4193 et
3457 4131 3564 4194 28.

3226 4455 3365 4491 cem.
3405 4439 3612 4491 Textus
3651 4443 3705 4492 et
3743 4440 3957 4508 glossae
3997 4440 4248 4493 Accursii
4293 4440 4541 4492 eamdem
4581 4440 4837 4492 referunt
4890 4458 5007 4492 ma·

3224 4546 3385 4594 num,
3426 4534 3481 4580 et
3538 4530 3921 4598 antiquitatem
3979 4530 4227 4582 redolent
4284 4529 4491 4581 saeculi
4536 4528 4665 4580 XII.
4716 4531 5003 4599 Quidquid

3225 4623 3437 4672 textum
3488 4620 3631 4670 inter
3669 4623 3723 4670 et
3763 4620 3971 4688 glossas
4011 4620 4176 4688 spatii
4212 4625 4491 4688 superest,
4531 4620 4585 4671 id
4632 4625 4815 4671 totum
4870 4635 5009 4672 aevo

3225 4709 3533 4772 recentiori,
3572 4708 3800 4760 adiectis
3841 4709 3982 4760 notis
4032 4710 4147 4761 sive
4187 4709 4458 4779 glossellis
4505 4710 4770 4778 repletur.
4816 4710 5007 4778 Atque

3222 4798 3350 4850 hinc
3390 4801 3580 4866 patere
3620 4801 3803 4866 potest
3841 4813 3946 4849 non
3986 4814 4095 4849 uno
4134 4803 4399 4866 tempore,
4426 4798 4521 4849 sed
4566 4801 4728 4867 prout
4764 4799 4824 4850 in
4869 4799 5009 4849 alias

3221 4891 3386 4956 atque
3427 4889 3566 4939 alias
3606 4904 3797 4939 manus
3836 4888 4053 4940 devenit
4092 4888 4264 4940 codex
4289 4889 4409 4952 iste,
4438 4889 4654 4939 notulas
4679 4889 4841 4956 ipsas
4868 4904 5008 4956 pau·

3221 4978 3377 5028 latim
3413 4977 3660 5028 adiectas
3700 4977 3885 5029 fuisse.
3924 4977 4004 5029 En
4044 4980 4229 5029 autem
4270 4978 4489 5029 nomina
4527 4993 4734 5041 eorum,
4763 4994 5007 5047 quorum

3219 5068 3425 5118 mentio
3464 5067 3700 5119 occurrit
3738 5067 3793 5118 in
3831 5067 4069 5119 laudatis
4108 5067 4310 5119 notulis
4347 5068 4460 5119 sire
4499 5067 4723 5135 glossis:

3344 5156 3475 5224 Pag.
3504 5160 3589 5208 41.
3618 5157 3769 5208 Inter
3809 5161 4094 5225 utramque
4134 5157 4445 5208 columnam
4481 5161 4665 5209 textus
4692 5156 4890 5209 brevis
4918 5173 5010 5208 oc·

3219 5248 3387 5299 currit
3435 5248 3648 5315 glossa,
3686 5247 3740 5297 in
3793 5247 3947 5298 cuius
4000 5247 4105 5298 fine
4146 5246 4402 5298 scribitur
4439 5246 4687 5310 Homob.,
4729 5251 4793 5298 et
4857 5255 5011 5299 certe

3218 5336 3490 5406 designari
3520 5336 3901 5387 Homobonum
3930 5352 4341 5388 cremonensem
4368 5337 4724 5388 dubitandum
4760 5353 4879 5388 non
4909 5347 5011 5388 est.

3216 5425 3428 5477 Nullibi
3467 5429 3650 5476 autem
3691 5425 3745 5475 in
3786 5425 3977 5476 eodem
4011 5425 4197 5477 codice
4227 5426 4501 5477 invenitur
4528 5425 4766 5478 sortasse
4800 5442 5011 5478 nomen

3216 5515 3522 5568 Homoboni
3564 5515 3641 5566 110
3679 5516 3826 5567 clare
3867 5531 4217 5583 expressum:
4257 5515 4358 5567 etsi
4417 5516 4548 5567 alibi
4588 5516 4735 5566 inter
4781 5519 5013 5567 textum

3218 5610 3273 5658 et
3311 5606 3548 5673 glossam
3606 5605 3814 5656 similes
3853 5604 4076 5656 notulae
4123 5609 4178 5656 et
4227 5605 4471 5657 eiusdem
4521 5605 4745 5674 quidem
4807 5622 5014 5656 manus

3214 5699 3520 5760 occurrant,
3549 5696 3605 5746 in
3645 5694 3841 5764 quibus
3867 5695 3935 5746 ad
3962 5695 4174 5746 calcem
4199 5694 4452 5747 adiicitur
4478 5695 4713 5763 signum,
4744 5711 4868 5764 quo
4898 5695 5014 5745 110-

3213 5786 3509 5837 mobonum
3548 5785 3727 5852 ipsum
3768 5784 3997 5835 indicari
4035 5784 4337 5851 putandum
4376 5785 4463 5835 sit.

3339 5874 3552 5926 Clarius
3593 5875 3644 5926 in
3686 5875 3804 5942 ipso
3843 5874 4029 5926 codice
4077 5873 4524 5942 conspiciendum
4576 5874 4745 5925 datur
4799 5890 5013 5926 nomen

3214 5965 3478 6018 Gnidonis
3518 5965 3583 6016 de
3624 5963 3877 6029 Suzaria,
3917 5966 3977 6015 ut
4027 5980 4151 6032 pag.
4195 5968 4257 6015 15
4311 5969 4367 6015 et
4413 5967 4476 6016 16
4527 5968 4703 6028 10110,
4752 5963 5018 6034 itemque

3212 6072 3338 6124 pag.
3367 6059 3432 6105 26
3473 6059 3527 6106 et
3568 6057 3633 6105 39
3674 6057 3836 6118 tetre,
3876 6053 4073 6122 quibus
4111 6054 4331 6122 quidem
4373 6053 4426 6104 in
4466 6052 4600 6104 locis
4642 6069 4863 6105 nomen
4910 6054 5017 6104 ini·

3214 6145 3334 6196 tiali
3362 6145 3522 6196 litera
3549 6144 3883 6211 designatur.
3911 6143 4122 6211 Pagina
4148 6159 4276 6195 vero
4305 6146 4373 6194 40
4399 6143 4609 6211 integre
4635 6143 4717 6194 sic
4753 6143 5017 6196 effertur:

3215 6233 3394 6284 Guido
3430 6233 3494 6282 de
3533 6233 3790 6284 Sazaria.

3341 6325 3592 6375 Aliorum
3632 6324 3797 6375 etiam
3850 6325 4133 6375 auctorum
4182 6323 4401 6374 nomina
4437 6322 4493 6373 in
4529 6321 4770 6374 laudato
4817 6324 5019 6375 codice

3211 6419 3521 6480 occurrunt,
3555 6419 3609 6466 et
3649 6430 3835 6466 eorum
3875 6412 4038 6464 breve
4078 6412 4390 6481 catalogum
4428 6412 4677 6480 superius
4724 6412 5020 6464 dedimus.
