5542 7775
1590 665 2047 715 SPECTANTIA
2107 665 2208 714 An
2264 664 2771 714 Pnornssonns
2830 663 3041 715 sums
3100 664 3452 715 0110011101
4180 641 4324 712 167

2426 1118 2582 1183 ΧΠ.

2156 1336 2350 1417 1206,
2404 1336 2488 1398 13
2532 1334 2878 1399 decembris,

1455 1547 1561 1612 Ex
1610 1549 1878 1613 archivo
1926 1548 2132 1611 sancti
2178 1547 2453 1612 Joannis
2500 1548 2563 1611 in
2612 1547 2855 1629 Monte,
2903 1547 3013 1611 lib.
3064 1547 3189 1630 II.,
3240 1570 3302 1612 n.
3354 1550 3434 1612 47
3464 1547 3562 1612 (¹).

869 1781 949 1845 In
996 1782 1258 1845 nomine
1307 1780 1525 1845 Patris
1589 1787 1652 1845 et
1722 1780 1871 1845 Filii
1920 1788 1983 1844 et
2034 1780 2312 1868 Spiritus
2370 1780 2611 1861 Sancti,
2660 1801 2869 1868 amen.
2917 1779 3061 1866 Ego
3122 1780 3434 1865 magister
3494 1778 3720 1844 Gratia
3781 1801 3864 1844 ex
3926 1780 4335 1864 delegatione

690 1889 930 1954 domini
979 1887 1190 1952 Guale
1239 1888 1588 1952 cardinalis
1652 1896 1716 1952 et
1766 1888 2125 1974 apostolice
2174 1887 2359 1953 Sedis
2405 1887 2677 1974 Legati,
2727 1888 3021 1973 cognitor
3076 1886 3510 1952 controversie
3573 1909 3696 1972 que
3753 1887 4125 1951 vertebatur
4170 1887 4337 1951 inter

693 1995 977 2060 donnum
1023 1995 1454 2082 presbiterum
1503 1994 1853 2059 Albertum
1918 2002 2140 2060 sancte
2203 1994 2409 2060 Marie
2458 1996 2537 2059 de
2582 1994 2786 2059 Portu
2835 1995 3209 2059 ravennatis
3273 2001 3338 2058 et
3393 1994 3777 2080 magistrum
3824 1993 4186 2059 Guidonem
4237 2015 4335 2057 se·

689 2124 953 2167 nensem
1002 2110 1066 2167 et
1112 2101 1581 2185 Benencasam,
1644 2110 1952 2190 nepotem
2013 2103 2306 2189 magistri
2358 2101 2754 2185 Benencase,
2805 2102 2883 2166 de
2931 2101 3112 2166 cuius
3159 2101 3450 2188 deposito
3498 2101 3732 2187 agitur,
3780 2100 4338 2167 fideicomissarios

686 2209 890 2297 ipsius
938 2211 1230 2296 magistri
1280 2231 1365 2274 ex
1410 2231 1541 2274 una
1589 2218 1795 2296 parte,
1830 2218 1893 2275 et
1946 2211 2234 2276 donnum
2277 2209 2570 2275 Priorem
2618 2218 2682 2274 et
2730 2210 2995 2274 Fratres
3042 2210 3247 2273 sancti
3279 2209 3598 2274 Johannis
3631 2209 3710 2272 de
3743 2208 3963 2274 Monte
3996 2229 4078 2272 ex
4111 2208 4338 2292 altera,

688 2340 812 2404 que
859 2340 1056 2382 causa
1101 2318 1252 2381 talis
1301 2323 1475 2381 erat:
1534 2317 1841 2382 dicebant
1892 2319 2164 2403 predicti
2211 2317 2719 2402 fideicomissarij
2767 2317 3147 2402 magistrum
3196 2315 3642 2381 Benencasam
3688 2337 3830 2380 esse
3877 2324 4227 2398 mortuum,
4276 2322 4342 2379 et

684 2425 919 2490 debere
967 2425 1088 2489 sibi
1138 2425 1292 2489 dare
1342 2446 1379 2489 a
1434 2425 1713 2510 dompno
1768 2425 1995 2489 Priore
2044 2433 2109 2489 et
2155 2425 2494 2489 Fratribus
2542 2425 2828 2511 predicte
2878 2424 3146 2488 ecclesie
3194 2423 3556 2510 depositum
3604 2423 3898 2510 magistri
3938 2422 4335 2505 Benencase,

689 2533 860 2619 quod
907 2540 1005 2597 est
1052 2532 1288 2616 xxxiij.
1339 2532 1599 2596 marche
1649 2541 1713 2596 et
1763 2554 1892 2595 una
1938 2534 2130 2597 uncia
2180 2532 2471 2617 argenti,
2526 2540 2785 2597 centum
2852 2530 3323 2617 quinquaginta
3371 2538 3435 2594 et
3481 2531 3617 2615 viij.
3665 2530 4141 2595 massamlicine
4186 2530 4337 2594 sim-

686 2640 907 2727 plices,
956 2646 1021 2704 et
1066 2661 1174 2705 xv.
1210 2639 1522 2726 duplices,
1573 2647 1635 2703 et
1684 2641 1944 2725 xxxiiij.
1983 2641 2310 2726 frigiatici,
2344 2647 2417 2704 ut
2470 2639 2934 2704 distribuerent
2983 2646 3046 2703 et
3093 2639 3418 2703 solverent
3465 2661 3549 2703 ex
3596 2639 3736 2725 ipso
3783 2638 4074 2725 deposito
4119 2638 4339 2724 legata

689 2754 753 2811 et
797 2747 1225 2811 fideicomissa
1272 2768 1389 2833 pro
1441 2746 1659 2810 anima
1706 2747 1977 2832 predicti
2028 2747 2346 2833 magistri,
2381 2746 2547 2810 sicut
2594 2746 2729 2832 ipse
2770 2746 3079 2831 magister
3113 2744 3534 2809 mandaverat
3565 2746 3679 2827 eis,
3712 2745 3879 2808 utin
3916 2744 4336 2808 instrumento

687 2853 946 2941 publico
1008 2853 1391 2918 continetur.
1452 2852 1835 2918 Econtrario
1899 2876 2003 2918 ser
2066 2854 2358 2919 Jacobus
2421 2852 2740 2918 scindicus
2802 2853 3010 2917 sancti
3069 2852 3389 2917 Johannis
3449 2851 3881 2939 respondebat
3940 2851 4338 2938 sepedictum

690 2961 1071 3046 magistrum
1121 2981 1249 3025 non
1297 2981 1443 3024 esse
1497 2967 1846 3043 mortuum,
1898 2968 1962 3025 et
2010 2961 2381 3048 depositum
2429 2961 2507 3024 de
2557 2982 2682 3047 quo
2731 2959 3184 3046 supradicitur,
3232 2959 3418 3023 dictis
3464 2958 4007 3044 fideicomissarijs
4055 2979 4183 3024 non
4229 2957 4338 3023 (10-

688 3069 842 3132 bere
891 3067 1163 3150 restitui,
1212 3067 1327 3131 sed
1382 3068 1744 3154 depositum
1793 3068 2133 3133 ecclesiam
2182 3068 2388 3132 sancti
2437 3067 2757 3132 «Iohannis
2805 3066 3045 3131 habere
3095 3088 3221 3130 non
3271 3066 3575 3152 negabat,
3609 3065 3763 3129 visis
3811 3066 4085 3131 testibus
4133 3072 4198 3130 et
4243 3066 4338 3130 in-

689 3175 1082 3258 strumentis,
1117 3182 1181 3239 et
1237 3174 1581 3239 intellectis
1630 3196 1714 3239 ex
1762 3184 1946 3262 parte
1996 3175 2669 3240 fideicomissariorum
2720 3174 3069 3261 productis,
3117 3173 3538 3238 consideratis
3584 3174 3780 3239 etiam
3825 3172 4169 3258 diligenter
4215 3195 4338 3260 que

688 3283 838 3347 hinc
885 3282 1032 3346 inde
1084 3305 1123 3347 a
1170 3283 1464 3369 partibus
1518 3284 1855 3371 proposita
1906 3284 2186 3367 fuerunt,
2234 3283 2459 3348 habita
2505 3304 2760 3369 quoque
2809 3303 3061 3346 mecum
3106 3282 3216 3346 diu
3264 3282 3749 3365 deliberatione,
3798 3289 3862 3346 et
3908 3282 4189 3369 plurium
4235 3303 4336 3346 sa-

684 3391 975 3477 pientum
1021 3397 1283 3476 recepto
1334 3391 1623 3474 consilio,
1673 3392 2041 3477 predictum
2089 3391 2409 3456 Jacobum
2455 3389 2806 3455 scindicum
2869 3390 3077 3455 sancti
3129 3389 3468 3472 Johannis,
3519 3390 3775 3455 nomine
3820 3390 4023 3476 ipsius
4069 3390 4337 3455 ecclesie

685 3497 989 3584 predictis
1037 3497 1585 3583 fideicomissarijs
1634 3488 2095 3586 recipientibus
2142 3520 2258 3585 pro
2307 3519 2376 3562 se
2436 3508 2499 3562 ct
2547 3520 2661 3584 pro
2732 3497 3023 3583 predicto
3087 3497 3504 3579 Benencasa,
3552 3497 3809 3561 nomine
3873 3498 4336 3582 procuratoriO,

689 3605 1074 3670 auctoritate
1122 3605 1277 3669 dicti
1323 3605 1568 3671 domini
1614 3606 1883 3691 Legati,
1936 3628 2065 3693 qua
2116 3607 2372 3692 fungor,
2427 3606 2851 3692 condempnO,
2900 3612 2964 3670 et
3023 3605 3309 3692 precipio
3358 3604 3530 3690 quod
3595 3604 3687 3669 eis
3735 3604 4098 3690 depositum
4145 3626 4340 3692 supra

692 3712 935 3777 dictum
981 3713 1324 3795 tribuatur,
1372 3735 1491 3778 000
1538 3714 1647 3800 pia
1695 3715 1896 3800 ipsius
1945 3714 2240 3799 magistri
2286 3715 2586 3779 voluntas
2633 3714 2806 3777 ultra
2855 3713 3144 3777 debitum
3192 3720 3596 3800 prorogetur.

869 3820 1164 3907 Utraque
1211 3828 1397 3908 parte
1446 3830 1765 3908 presente.

867 3930 1107 3992 Actum
1154 3929 1218 3992 in
1268 3929 1550 3994 claustro
1601 3930 1969 4016 supradicte
2018 3930 2288 3995 ecclesie
2336 3930 2540 3994 sancti
2587 3929 2910 3994 Johannis
2957 3929 3037 3993 de
3083 3929 3327 3994 Monte.

868 4036 1169 4099 Recitata
1215 4036 1336 4100 fuit
1395 4037 1512 4100 hec
1560 4038 1879 4101 sententia
1937 4038 2001 4100 in
2068 4037 2395 4123 presentia
2461 4037 2702 4101 domini
2766 4036 3022 4102 Alberti
3078 4036 3315 4121 judicis
3380 4036 3693 4118 Carbon.,
3741 4035 3982 4100 domini
4043 4035 4338 4101 Federici

688 4142 1147 4230 Pascipovero,
1185 4143 1518 4207 Guilielmi
1568 4144 1646 4209 de
1697 4145 2012 4230 Sanguin.
2063 4145 2334 4229 notarij,
2370 4144 2633 4231 dompni
2682 4143 2961 4208 Gilberti
3007 4151 3070 4208 et
3119 4144 3466 4230 presbiteri
3511 4143 3836 4208 Mainardi
3883 4151 3946 4206 et
3991 4144 4340 4208 multorum

690 4249 959 4314 ecclesie
1008 4250 1214 4314 sancti
1267 4249 1611 4332 Johannis,
1646 4261 1709 4315 et
1760 4251 1825 4314 in
1880 4252 2207 4337 presentia
2237 4251 2544 4316 Rainaldi
2593 4259 2657 4315 et
2704 4249 3022 4316 Guidonis
3068 4258 3133 4315 et
3179 4251 3412 4317 Jacobi
3450 4250 3795 4316 scolarium
3826 4251 4240 4333 aretinorum,
4276 4257 4339 4315 et

690 4357 1010 4422 «Iohannis
1058 4357 1324 4421 scolaris
1374 4359 1684 4422 senensis,

868 4466 1064 4529 Anno
1113 4464 1377 4529 Domini
1424 4466 1690 4550 mccvj.,
1741 4466 1884 4529 idus
1934 4466 2311 4549 decembris,
2360 4467 2707 4532 indictione
2754 4467 2918 4552 viiij.

870 4572 1013 4656 Ego
1062 4572 1219 4655 Leo,
1270 4594 1439 4637 nunc
1491 4572 1797 4638 Comunis
1842 4574 2136 4639 Bononie
2187 4575 2497 4658 notarius,
2547 4575 2813 4640 interfui
2858 4582 2923 4639 et
2969 4574 3317 4661 subscripsi
3367 4581 3486 4639 etc.

2421 4895 2615 4959 XIII.

2147 5110 2342 5192 1218,
2396 5111 2480 5174 10
2525 5110 2893 5195 septembri&

692 5320 796 5384 Ex
843 5321 1106 5386 archivo
1156 5321 1366 5385 sancti
1415 5320 1750 5407 Stephani,
1802 5345 1969 5387 nunc
2017 5323 2082 5386 in
2132 5323 2293 5387 Tab.
2343 5324 2521 5388 Max.
2573 5325 2832 5408 bonon.,
2878 5333 3032 5390 sect.
3093 5350 3123 5382 «
3170 5326 3539 5393 Demanicde
3585 5351 3614 5383 »
3673 5347 3847 5411 caps.
3892 5307 4008 5420 {iz-⁰6²
4060 5347 4122 5391 11.
4164 5329 4307 5391 181.

870 5536 1005 5602 Nos
1054 5536 1351 5601 dominus
1397 5537 1623 5602 Abbas
1672 5538 1876 5602 sancti
1922 5538 2184 5623 Proculj
2235 5547 2297 5602 et
2348 5539 2655 5625 magister
2693 5539 3028 5604 Johannes
3072 5540 3476 5605 decretorum
3517 5547 3580 5605 et
3611 5541 3921 5627 magister
3953 5541 4326 5625 Vernatius,

688 5643 940 5728 judices
986 5644 1271 5729 delegati
1318 5665 1355 5708 a
1405 5644 1662 5709 domino
1708 5645 1892 5732 Papa
1954 5646 2019 5710 in
2084 5668 2279 5710 causa
2343 5647 2798 5733 appellationis
2863 5668 2985 5733 que
3045 5648 3317 5712 vertitur
3378 5648 3546 5713 inter
3605 5650 4067 5715 monasterium
4123 5651 4331 5715 sancti

696 5751 1044 5838 Stephanj,
1077 5774 1161 5816 ex
1193 5773 1324 5816 una
1356 5760 1561 5839 parte,
1597 5761 1661 5818 et
1692 5754 1735 5818 J
1739 5754 2099 5818 acobellum
2149 5762 2213 5819 et
2260 5754 2715 5841 Hospinellum
2763 5778 2848 5819 ex
2889 5755 3038 5838 alia,
3073 5756 3238 5820 filios
3272 5757 3594 5842 quondam
3627 5756 3871 5842 dominj
3904 5758 4131 5843 Madij,
4164 5759 4329 5823 sicut

690 5860 1285 5946 pronuntiavimus,
1336 5861 1427 5925 sic
1491 5861 1702 5925 adhuc
1766 5862 2293 5948 pronuntiamus,
2344 5863 2589 5928 scilicet
2651 5863 2823 5949 quod
2885 5864 3077 5928 liceat
3135 5864 3428 5950 partibus
3477 5871 3673 5929 testes
3718 5866 4074 5951 producere
4135 5889 4328 5953 super

690 5967 875 6031 novis
939 5967 1281 6032 dumtaxat
1341 5969 1660 6054 capitulis.
1711 5968 2065 6055 [C]apitula
2114 5977 2333 6034 autem
2379 5971 2709 6057 proposita
2773 5992 2810 6034 a
2873 5969 3021 6034 filiis
3082 5971 3324 6035 domini
3384 5971 3585 6037 Madii
3644 5973 4137 6058 pronuntiamus
4199 5995 4327 6038 non

692 6095 833 6138 esse
879 6096 1085 6157 nova,
1136 6076 1440 6161 quoniam
1500 6076 1620 6140 sub
1678 6078 2004 6141 veteribus
2067 6078 2494 6142 continentur.
2543 6077 2626 6141 Et
2675 6079 3015 6143 statuimus
3063 6079 3405 6143 terminum
3454 6080 3955 6166 peremptorium
4003 6080 4086 6144 ad
4132 6088 4328 6145 testes

852 6433 931 6498 (1)
969 6431 1125 6483 Haec
1164 6432 1439 6484 sententia
1477 6433 1585 6485 iam
1628 6434 1679 6485 in
1722 6434 1960 6486 Archivo
2009 6435 2323 6487 monasterii
2376 6435 2551 6488 sancti
2590 6434 2859 6487 «Iohannis
2910 6436 2965 6488 in
3018 6437 3230 6504 Monte,
3271 6454 3413 6490 01100
3472 6438 3525 6489 in
3575 6438 3813 6490 Archivo
3853 6440 4089 6491 maximo
4130 6440 4327 6492 bonon.

693 6521 995 6586 adservato,
1035 6521 1264 6574 inveniri
1302 6538 1409 6574 non
1448 6523 1643 6590 potuit.
1681 6524 1790 6590 (11.)
