5542 7775
1344 606 1371 673 1
1393 604 1433 674 6
1448 604 1490 675 8
2916 620 3396 671 MONUMENTA

1331 780 1779 867 producendos
1825 801 2019 867 super
2067 778 2250 844 novis
2296 779 2616 865 capitulis,
2663 778 2829 843 sicut
2876 777 3116 842 dictum
3163 785 3262 842 est
3306 798 3523 864 supra,
3563 798 3673 841 xv.
3708 777 3843 841 dies
3891 784 4038 864 post
4083 776 4319 840 festum
4366 775 4573 840 sancti
4618 774 4953 839 Michaelis

1330 889 1624 976 proxime
1672 888 1966 970 venturi,
2017 887 2107 951 ita
2153 894 2371 951 tamen
2419 886 2589 971 quod
2636 886 2957 972 capitula,
3006 907 3199 972 super
3246 884 3476 971 quibus
3523 884 3762 948 debent
3806 891 4024 970 partes
4086 890 4282 948 testes
4344 882 4732 970 producere,
4781 881 4958 969 prius

1332 994 1518 1059 nobis
1564 994 2033 1059 hostendantur
2079 1002 2144 1057 et
2190 992 2445 1057 dentur.

1509 1102 1749 1166 Actum
1794 1101 2107 1165 Bononie.

1506 1210 1649 1274 Hec
1696 1208 2017 1273 sententia
2062 1208 2232 1272 lecta
2277 1215 2342 1271 et
2386 1207 2657 1272 recitata
2703 1207 2827 1271 fnit
2873 1207 2936 1270 in
2985 1228 3242 1271 camera
3302 1206 3594 1291 magistri
3641 1206 3960 1271 Johannis
4025 1205 4335 1292 predicti,
4382 1210 4684 1291 presente
4730 1202 4956 1269 Veltro

1329 1317 1408 1382 de
1472 1316 1799 1400 Guarinis,
1846 1316 2105 1380 domino
2162 1314 2475 1381 Ortolano
2538 1322 2601 1379 et
2658 1314 3014 1379 Bonatesta
3075 1313 3156 1377 de
3219 1312 3594 1399 Galegada,
3643 1335 3812 1377 anno
3875 1313 4138 1397 Dominj
4201 1313 4541 1377 millesimo
4605 1333 4695 1377 cc.
4748 1312 4952 1397 xviij„

1327 1426 1430 1490 die
1477 1447 1544 1489 x.
1594 1425 1873 1489 intrante
1920 1422 2303 1510 septembri,
2354 1422 2699 1487 indictione
2745 1422 2858 1507 vj.,
2907 1430 3204 1508 presente
3256 1421 3515 1486 Sindico
3563 1421 3770 1485 sancti
3819 1420 4133 1506 Stephani
4179 1427 4243 1485 et
4291 1419 4678 1545 Hospinello
4728 1426 4794 1484 et
4841 1420 4953 1485 Sa·

1326 1534 1666 1615 maritano,
1713 1538 2132 1619 procuratore
2178 1530 2418 1595 domini
2465 1529 2787 1594 Jacobelli
2833 1528 2916 1592 ad
2962 1528 3347 1592 sententiam
3395 1528 3809 1593 audiendam.

1508 1639 1624 1723 (L.
1658 1640 1703 1722 †
1737 1639 1832 1721 S.)
1877 1637 2022 1723 Ego
2068 1637 2399 1719 Albertus,
2432 1635 2557 1701 Dei
2604 1637 2817 1722 gratia
2861 1636 3030 1701 sacri
3075 1635 3303 1722 palatij
3353 1636 3663 1717 notariae,
3713 1636 4009 1720 interfuj,
4044 1644 4109 1699 et
4172 1634 4476 1700 mandato
4523 1633 4953 1721 predictorum

1326 1748 1370 1813 J
1374 1747 1634 1812 udicum
1680 1745 1930 1831 scripsi.

3056 2029 3241 2095 xlv.

2885 2246 3076 2330 1220,
3126 2247 3212 2309 31
3259 2248 3417 2311 iulis.

1560 2460 1667 2526 Ex
1714 2461 1977 2526 archivo
2025 2461 2565 2548 Metropolitanae
2612 2460 2924 2527 ecclesiae
2971 2461 3177 2524 sancti
3225 2459 3404 2524 Petri
3452 2460 3899 2543 bononiensis,
3949 2460 4107 2526 fasc.
4157 2461 4236 2544 B,
4290 2465 4347 2544 1,
4399 2483 4572 2528 num.
4624 2464 4730 2527 20.

1504 2713 1837 2779 Honorius
1883 2712 2242 2799 episcopus,
2275 2732 2501 2775 servus
2548 2731 2881 2775 servorum
2924 2710 3070 2792 Dei,
3104 2711 3356 2776 dilectis
3400 2711 3549 2776 filiis
3597 2712 3923 2797 magistris
3969 2712 4207 2777 Rufino
4250 2711 4497 2778 doctori
4530 2712 4955 2797 decretorum,

1324 2820 1639 2887 Vernatio
1684 2820 1998 2885 tarvisino
2045 2826 2110 2884 et
2155 2818 2455 2905 Amatorj
2502 2819 2758 2883 senensi
2791 2819 3136 2901 canonicis,
3169 2819 3460 2884 Bononie
3511 2819 4074 2902 commorantibus,
4110 2820 4385 2884 salutem
4425 2827 4492 2884 et
4538 2821 4959 2907 apostolicam

1324 2928 1861 2993 benedictionem.

1506 3036 1706 3102 Suam
1753 3034 1836 3100 ad
1882 3057 1999 3101 nos
2047 3035 2266 3119 dilectj
2315 3034 2432 3119 filij
2479 3034 3004 3122 Archipresbiter
3048 3044 3113 3100 et
3161 3034 3532 3122 Capitulum
3580 3036 3973 3100 bononiense
4017 3036 4487 3122 querimoniam
4534 3037 4959 3123 destinarunt,

1325 3143 1517 3230 quod,
1552 3165 1698 3208 cum
1735 3143 2052 3208 institutio
2098 3142 2622 3228 presbiterorum,
2657 3143 3055 3225 clericorum,
3089 3142 3486 3228 capellarum
3532 3150 3597 3207 et
3644 3143 4022 3229 plebatuum
4067 3151 4203 3207 tam
4249 3144 4531 3208 civitatis
4579 3166 4775 3231 quam
4818 3146 4957 3211 dio·

1323 3252 1487 3316 cesis
1533 3250 2027 3317 bononiensium
2072 3251 2156 3314 ad
2201 3251 2375 3338 ipsos
2415 3258 2707 3336 spectare
2742 3257 3063 3332 noscatur,
3099 3249 3360 3336 quidam
3393 3250 3691 3315 monachi
3736 3258 3801 3315 et
3847 3252 4141 3316 conversi
4172 3251 4654 3337 pomposienses
4699 3274 4776 3317 ac
4821 3255 4960 3339 qui·

1276 3422 1285 3431 ,
1322 3358 1474 3423 dam
1520 3359 1634 3444 alij
1682 3358 1962 3422 civitatis
2009 3364 2074 3422 et
2120 3358 2393 3424 diocesis
2440 3357 2812 3422 earumdem
2859 3378 2927 3421 se
2975 3357 3042 3421 in
3090 3357 3403 3443 quasdam
3449 3358 3853 3444 parochiales
3901 3359 4228 3441 ecclesias,
4264 3359 4328 3423 in
4362 3358 4550 3423 dictis
4593 3359 4961 3446 plebatibus

1316 3467 1698 3550 existentes,
1745 3466 1840 3530 eis
1888 3465 2300 3551 irrequisitis,
2347 3464 2675 3529 intrudere
2745 3486 2823 3530 ac
2890 3465 2955 3529 in
3027 3465 3119 3529 eis
3187 3465 3407 3529 divina
3452 3464 3662 3529 officia
3707 3465 4037 3530 celebrare
4086 3473 4468 3552 presumunt
4524 3474 4750 3533 contra
4795 3467 4956 3533 late·

1317 3574 1611 3639 ranensis
1658 3580 1902 3639 statuta
1949 3573 2223 3657 Concilij
2270 3573 2335 3636 in
2382 3593 2607 3637 eorum
2653 3579 2717 3637 et
2763 3572 3032 3637 ecclesie
3080 3593 3193 3636 sue
3240 3572 3661 3659 preiudicium
3708 3580 3772 3637 et
3818 3594 4193 3658 gravamen.
4242 3573 4529 3659 Ideoque
4578 3574 4951 3640 discretioni

1318 3689 1530 3747 vestre
1577 3704 1699 3768 per
1740 3681 2096 3767 apostolica
2142 3680 2383 3767 scripta
2429 3679 2812 3744 mandamus
2858 3687 3196 3766 quatenus,
3228 3679 3475 3743 vocatis
3523 3680 3633 3766 qui
3678 3680 3919 3744 fuerint
3965 3681 4303 3765 evocandj,
4338 3681 4618 3746 audiatis
4666 3704 4952 3765 causam,

1319 3797 1403 3874 et,
1438 3789 1873 3877 appellatione
1911 3795 2179 3871 remota,
2215 3789 2340 3853 fine
2387 3787 2603 3852 debito
2650 3787 3044 3869 terminetis3
3077 3786 3387 3851 facientes
3434 3786 3606 3873 quod
3652 3787 4066 3852 decreveritis
4112 3810 4230 3875 per
4260 3811 4602 3855 censuram
4648 3790 4958 3855 ecclesia·

1318 3899 1548 3964 sticam
1593 3898 1861 3962 firmiter
1892 3897 2243 3962 observari.
2277 3895 2504 3961 Testes
2542 3903 2759 3959 autem
2806 3895 2916 3982 qui
2959 3895 3201 3960 fuerint
3231 3895 3544 3960 nominati
3589 3896 3644 3959 si
3691 3917 3759 3959 se
3808 3897 4041 3981 gratia,
4076 3896 4222 3963 odio
4269 3898 4373 3961 vel
4422 3899 4650 3964 timore
4698 3899 4953 3963 subtra-

1318 4005 1554 4088 xerint,
1588 4027 1704 4092 per
1749 4025 2089 4070 censuram
2133 4004 2426 4086 eandem,
2460 4003 2895 4090 appellatione
2942 4011 3255 4084 cessante,
3289 4003 3537 4088 cogatis
3582 4003 3843 4089 veritatj
3891 4004 4330 4069 testimonium
4364 4006 4725 4092 perhibere.
4761 4006 4955 4081 Quod

1319 4114 1374 4179 si
1419 4135 1549 4179 non
1598 4133 1818 4178 omnes
1861 4112 1990 4196 hijs
2037 4110 2434 4197 exequendis
2478 4110 2817 4197 potueritis
2865 4110 3194 4190 interesse,
3243 4110 3370 4174 duo
3418 4120 3704 4176 vestrum
3752 4133 3831 4176 ea
3878 4111 4297 4177 nihilominus
4344 4121 4773 4199 exequantur.

1497 4220 1767 4305 [Datum
1814 4217 2013 4304 a]pud
2057 4217 2302 4282 Urbem
2349 4217 2658 4282 Veterem
2702 4218 2771 4302 ij.
2823 4217 3136 4282 kalendas
3183 4218 3462 4303 augusti,
3510 4219 3921 4304 pontificatus
3971 4221 4173 4305 nostrj
4221 4242 4392 4285 anno
4440 4222 4685 4306 quinto.

3067 4539 3215 4604 XV.

2816 4758 3009 4840 1221,
3058 4758 3146 4820 27
3189 4758 3457 4842 anqusti.

1549 4971 1655 5036 Ex
1700 4971 1965 5035 archivo
2011 4969 2552 5056 Metropolitanae
2598 4970 2909 5036 ecclesiae
2957 4971 3162 5035 sancti
3208 4970 3388 5035 Petri
3434 4970 3721 5055 Bonon.,
3772 4973 3836 5037 in
3885 4975 3996 5040 lib.
4045 4978 4280 5041 Axium
4329 4983 4715 5061 noncupato,

2827 5100 2881 5143 c.
2928 5079 3184 5163 xxxvij,
3234 5100 3295 5144 n.
3347 5080 3452 5143 50.

1493 5298 1600 5372 (ιζ’
1643 5294 1790 5359 Hoc
1837 5300 1935 5358 est
1978 5293 2350 5380 exemplum
2395 5293 2733 5379 cujusdam
2781 5294 3186 5358 instrumenti
3234 5316 3381 5359 cum
3429 5294 3532 5358 die
3579 5302 3644 5359 et
3691 5295 3989 5378 Consule,
4040 5297 4131 5360 sic
4178 5296 4579 5383 incipientis:

1497 5401 1577 5466 In
1624 5401 1879 5466 nomine
1925 5400 2226 5484 Domini,
2273 5422 2482 5466 amen.
2530 5400 2846 5486 Magister
2891 5401 3120 5466 Gratia
3165 5400 3679 5467 Archidiaconus
3736 5402 4150 5467 bononiensis
4213 5426 4328 5489 pro
4375 5404 4618 5469 honore
4665 5411 4731 5469 et
4777 5412 4957 5470 statu

1318 5509 1604 5596 Capituli
1649 5507 2063 5573 bononiensis
2101 5508 2514 5595 infrascripta
2560 5507 2862 5595 Capitula
2908 5516 2972 5573 et
3020 5508 3279 5573 Statuta
3326 5510 3678 5574 secundum
3724 5510 4200 5597 infrascriptam
4246 5510 4541 5595 formam,
4583 5533 4839 5598 semper
4886 5512 4952 5575 in

1314 5616 1699 5682 bononiensi
1746 5615 2046 5701 Capitulo
2094 5615 2491 5702 inposterum
2539 5615 2965 5699 observanda,
2997 5617 3405 5702 presentibus
3452 5616 3515 5681 J.
3548 5617 4107 5703 archipresbitero,
4156 5618 4390 5683 domno
4434 5617 4674 5703 Probo,
4715 5619 4954 5684 domno

1317 5723 1690 5806 Ottaviano,
1740 5722 1974 5788 domno
2021 5722 2318 5804 Alberto,
2366 5723 2599 5789 domno
2649 5722 2967 5806 Guidone,
3017 5724 3251 5789 domno
3300 5725 3555 5810 Angelo
3609 5726 4004 5811 presbiteris,
4054 5727 4365 5810 magistro
4414 5726 4704 5810 Oddone,
4753 5727 4956 5792 Petro

1318 5831 1615 5914 Succida,
1666 5829 1963 5895 Gnidone
2011 5830 2274 5913 Grasso,
2324 5830 2608 5913 Andrea,
2657 5832 2968 5917 magistro
3014 5832 3296 5896 Martino
3344 5832 3741 5914 diaconibus,
3784 5833 4079 5897 Gnidone
4126 5834 4206 5897 de
4253 5834 4572 5919 Bagnolo,
4609 5834 4954 5916 GnidoctO,

1316 5940 1629 6026 magistro
1674 5938 2048 6020 Lamberto,
2080 5937 2351 6021 Jacobo,
2384 5939 2694 6024 magistro
2746 5939 3082 6005 Tancredo
3127 5940 3648 6023 subdiaconibus,
3682 5948 3747 6004 et
3793 5940 4185 6027 Henrigipto
4232 5942 4558 6007 canonicis
4595 5943 4954 6008 bononien-

1316 6046 1514 6130 sibus,
1548 6046 1739 6111 tactis
1771 6046 2160 6110 sacrosantis
2193 6045 2591 6131 Evangeliis,
2624 6047 2893 6111 iuravit:
2932 6073 2962 6104 ‹
2995 6046 3139 6132 Ego
3173 6048 3481 6131 magister
3515 6047 3761 6130 Gratia,
3789 6048 4300 6113 Archidiaconus
4331 6049 4764 6132 bononiensis,
4801 6071 4955 6115 con-

1316 6155 1461 6220 silia
1507 6161 1572 6220 et
1619 6153 1879 6218 decreta
1927 6152 2210 6240 Capituli
2259 6154 2691 6237 bononiensis,
2727 6176 2851 6240 que
2884 6163 3189 6241 precepta
3221 6162 3409 6219 erunt
3442 6176 3581 6218 esse
3616 6164 3863 6219 secreta
3896 6177 4011 6242 per
4042 6155 4589 6220 Archidiaconum
4622 6163 4686 6221 et
4716 6156 4955 6222 Archi·

1313 6264 1744 6351 presbiterum
1791 6263 1894 6327 vel
1943 6284 2165 6328 eorum
2213 6262 2509 6346 alterum,
2542 6263 2667 6346 vel,
2702 6264 2795 6329 eis
2842 6263 3238 6346 absentibus,
3271 6285 3387 6350 per
3435 6263 3825 6350 Capitulum,
3859 6265 4020 6328 nulli
4067 6265 4381 6350 pandam3
4415 6265 4588 6330 ultra
4633 6265 4957 6331 decimum

1316 6379 1617 6438 octavum
1666 6370 2138 6437 Canonicorum
2185 6392 2523 6435 numerum
2579 6371 2644 6435 in
2698 6371 3079 6437 bononiensi
3126 6371 3420 6436 Ecclesia
3473 6373 3919 6454 constitutum,
3966 6372 4216 6436 nullum
4276 6372 4343 6435 in
4392 6372 4785 6438 Canonicum
4836 6374 4953 6438 eli-

1315 6501 1467 6566 gam
1522 6479 1626 6542 vel
1683 6478 2026 6565 recipiam3
2075 6479 2332 6544 ordines
2394 6479 2668 6544 servabo
2726 6480 2792 6543 in
2855 6479 3155 6566 Capitulo
3218 6480 3633 6562 bononiensi,
3697 6479 3998 6544 videlicet
4059 6501 4175 6542 sex
4234 6479 4639 6546 Presbiteros
4700 6487 4764 6544 ct
4836 6502 4958 6546 sex
