5542 7775
1685 682 2146 733 SPEOTANTIA
2204 683 2306 732 AD
2362 682 2872 733 Paomissonns
2929 683 3347 733 mumolum
4171 663 4323 734 225

690 838 820 903 sint
865 838 1229 924 presbiteri,
1265 844 1330 901 et
1369 838 1482 922 alij
1533 837 1595 901 in
1645 837 2000 902 Ordinibus
2044 838 2244 901 sacris
2292 837 2622 901 constituti
2669 837 2748 902 de
2798 837 3041 902 Ordine
3088 839 3374 924 ipsorum
3420 859 3537 924 pro
3585 837 3802 902 divino
3835 859 4088 925 semper
4121 838 4326 903 officio

689 944 1078 1010 celebrando
1126 944 1366 1009 ibidem
1415 966 1532 1031 pro
1581 944 1797 1008 anima
1845 945 2045 1031 ipsius
2092 945 2418 1009 testatoris
2466 953 2530 1008 et
2575 951 2916 1030 parentum
2964 966 3246 1009 suorum.
3280 945 3367 1009 Et
3412 945 3468 1008 si
3512 945 3667 1009 dicti
3698 945 3962 1009 Fratres
3993 946 4073 1009 de
4105 951 4330 1009 sancta

690 1053 900 1117 Maria
948 1052 1011 1115 in
1065 1051 1285 1116 Strata
1334 1051 1626 1138 predicta
1675 1073 1799 1116 non
1851 1053 2366 1137 acceptaverint,
2416 1052 2740 1116 ordinavit
2787 1058 2852 1116 et
2894 1053 3101 1117 voluit
3148 1052 3316 1138 quod
3366 1052 3679 1117 medietas
3736 1052 3904 1117 dicte
3953 1052 4328 1138 quantitatis

691 1166 968 1246 quatuor
1016 1160 1288 1223 millium
1339 1159 1651 1222 librarum
1685 1160 2170 1224 bononenorum
2204 1159 2628 1223 distribuatur
2660 1167 2723 1224 et
2756 1159 2945 1224 detur
2976 1180 3092 1245 per
3125 1160 3600 1224 commissarios
3632 1181 3782 1224 81168
3814 1160 3982 1224 inter
4016 1180 4330 1245 pauperes

689 1289 1122 1353 vergonzosos
1188 1266 1470 1350 debiles,
1519 1288 1839 1353 pauperes
1901 1274 1966 1331 et
2021 1267 2307 1330 infirmos
2355 1267 2634 1331 civitatis
2680 1266 2974 1331 Bononie
3023 1273 3088 1331 et
3148 1266 3495 1331 districtus.
3545 1266 3631 1331 Et
3695 1267 3839 1331 illos
3900 1267 4203 1353 intelligit
4263 1274 4328 1331 et

688 1376 979 1440 declarat
1023 1396 1345 1461 pauperes
1393 1396 1864 1459 vergonzosos,
1913 1373 2159 1438 debiles
2208 1383 2273 1438 et
2321 1374 2626 1456 infirmos,
2676 1395 2836 1459 quos
2883 1374 3038 1438 dicti
3086 1376 3185 1438 8111
3233 1374 3656 1439 commissarii
3717 1374 4059 1460 ellegerint
4105 1382 4170 1439 et
4215 1397 4326 1439 vo-

690 1484 928 1547 luerint
959 1489 1025 1547 et
1056 1482 1340 1546 dixerint
1373 1504 1533 1547 esse.
1569 1482 1654 1546 Et
1701 1482 1830 1545 alia
1877 1481 2190 1546 medietas
2239 1482 2405 1546 dicte
2454 1481 2833 1567 quantitatis
2884 1488 3159 1567 quatuor
3191 1482 3470 1546 millium
3498 1482 3809 1546 librarum
3844 1483 4327 1547 bononenorum

689 1589 923 1654 debeat
969 1587 1282 1671 investiri,
1331 1596 1397 1653 et
1443 1609 1527 1652 ex
1573 1609 1653 1652 ea
1698 1588 1826 1652 emi
1871 1588 2311 1673 possessiones
2358 1587 2720 1668 fructifere,
2769 1596 2836 1651 et
2879 1609 3103 1651 earum
3149 1588 3396 1653 fructus
3445 1595 3511 1653 et
3557 1587 3843 1652 redditus
3891 1588 4170 1651 debeant
4216 1610 4330 1652 ex-

687 1696 882 1783 pendi
931 1703 996 1761 et
1042 1695 1334 1780 errogari
1381 1696 1446 1760 in
1493 1717 1647 1759 usus
1694 1716 2054 1781 pauperum
2102 1717 2668 1780 vergonzosorum,
2709 1694 3019 1759 debilium
3070 1704 3134 1759 et
3181 1717 3407 1760 senum
3457 1703 3522 1759 et
3564 1695 3958 1759 infirmorum
3991 1717 4107 1781 per
4137 1696 4329 1760 Mini-

689 1811 856 1869 stros
903 1804 1208 1867 Fratrum
1255 1802 1517 1868 Ordinis
1566 1802 1645 1866 de
1692 1801 2389 1884 Penitentiasscivitatis
2436 1803 2728 1867 Bononie
2778 1809 2843 1867 et
2889 1802 3235 1884 districtus,
3271 1803 3381 1888 qui
3414 1824 3529 1888 pro
3571 1808 3858 1888 tempore
3890 1801 4150 1884 fuerint,
4184 1824 4329 1867 cum

691 1912 958 1976 consilio
1006 1918 1071 1973 et
1118 1930 1435 1974 consensu
1481 1909 1728 1974 Prioris
1774 1909 2286 1991 Predicatorum,
2323 1909 2684 1974 Guardiani
2732 1910 2835 1973 vel
2886 1908 3185 1973 Custodis
3232 1909 3534 1973 Fratrum
3583 1909 3909 1973 Minorum
3941 1909 4019 1973 de
4053 1930 4331 1973 conven-

692 2019 864 2083 tibus
913 2018 1204 2082 Bononie
1255 2016 1364 2102 qui
1409 2039 1526 2103 pro
1575 2024 1862 2103 tempore
1910 2018 2171 2101 fuerint,
2217 2018 2321 2081 vel
2367 2017 2631 2100 majoris
2679 2017 2884 2102 partis
2929 2017 3235 2102 ipsorum,
3278 2017 3387 2102 qui
3434 2016 3714 2081 debeant
3761 2009 3946 2102 ipsas'
3979 2017 4329 2102 possessio-

693 2148 804 2190 nes
852 2125 1067 2189 locare
1115 2131 1180 2189 et
1226 2124 1533 2206 86161816,
1583 2133 1647 2189 61
1693 2146 1918 2188 68111111
1964 2124 2209 2189 fructus
2259 2125 2582 2210 recipere,
2632 2132 2697 2188 et
2758 2122 2890 2187 alia
2953 2125 3169 2188 omnia
3216 2133 3280 2188 et
3327 2124 3586 2209 singula
3632 2124 3848 2188 facere
3894 2132 3960 2188 et
4004 2145 4329 2207 exercere,

692 2255 816 2319 que
866 2234 1037 2298 dicta
1085 2240 1235 2297 sunt
1281 2254 1478 2318 supra
1525 2232 1592 2296 111
1640 2233 1846 2318 primo
1896 2234 2199 2319 capitu10,
2235 2233 2348 2297 ubi
2393 2232 2669 2318 reliquid
2719 2231 2846 2296 duo
2881 2233 3084 2296 millia
3118 2234 3467 2318 quingente
3487 2232 3564 2296 (1)
3589 2232 3790 2296 libras
3821 2232 4328 2315 bononenorum,

691 2332 1050 2427 dequibus
1098 2346 1395 2404 emantur
1441 2340 1880 2425 possessiones
1927 2339 2281 2423 fructifere,
2329 2340 2576 2404 fruetus
2624 2360 2899 2425 quarum
2947 2338 3353 2425 expendatur
3399 2347 3463 2403 et
3509 2339 3932 2404 distribuatur
3978 2339 4330 2404 secundum

691 2448 862 2533 quod
907 2447 999 2512 ibi
1043 2447 1297 2529 dicitur,
1332 2454 1397 2510 et
1444 2447 1534 2510 sic
1581 2447 1810 2511 eodem
1858 2447 2046 2512 modo
2095 2455 2389 2511 servetur
2434 2448 2500 2510 in
2547 2447 2672 2510 ista
2720 2446 3065 2510 medietate
3114 2446 3282 2510 dicte
3330 2446 3709 2531 quantitatis
3750 2452 4025 2532 quatuor
4057 2446 4329 2510 millium

690 2556 1004 2620 librarum
1052 2555 1562 2618 bononenorum.

869 2662 1037 2725 Item
1082 2661 1290 2727 voluit
1335 2668 1400 2724 et
1445 2661 1723 2746 reliquid
1772 2662 2117 2725 conventui
2164 2661 2470 2725 Fratrum
2516 2660 3010 2725 Predicatorum
3056 2660 3135 2724 de
3182 2660 3481 2725 Bononia
3527 2659 3838 2725 ducentas
3884 2661 4084 2724 libras
4133 2661 4330 2726 bono-

690 2792 1004 2834 nenorum
1051 2770 1130 2832 (le
1176 2769 1469 2854 predicta
1516 2790 1767 2832 summa
1814 2776 1878 2833 et
1927 2769 2287 2854 quantitate
2335 2790 2532 2855 supra
2578 2790 2693 2854 pro
2727 2768 2964 2849 anima,
3001 2768 3227 2831 relicta
3260 2789 3375 2853 pro
3410 2769 3792 2832 necessitate
3823 2767 4124 2831 Fratrum
4159 2769 4331 2832 illius

691 2883 1046 2942 conventus
1094 2883 1160 2940 et
1204 2877 1572 2962 specialiter
1619 2898 1735 2963 pro
1784 2875 2072 2957 infirmis,
2117 2876 2378 2940 senibus
2426 2884 2490 2940 et
2537 2875 2879 2957 debilibus,
2914 2876 3023 2960 qui
3073 2897 3199 2939 non
3246 2875 3489 2939 habent
3536 2875 3896 2961 aliquorum
3946 2876 4333 2939 secularium

691 2985 1008 3048 auxilium
1057 2984 1161 3047 vel
1208 2984 1611 3047 victuariam.

867 3091 1036 3154 Item
1082 3092 1428 3155 conventui
1473 3090 1782 3154 Fratrum
1827 3089 2151 3154 Minorum
2200 3089 2279 3153 de
2327 3088 2625 3153 Bononia
2673 3097 2998 3153 trecentas
3039 3089 3238 3153 libras
3272 3088 3757 3153 bononenorum
3791 3088 3869 3152 de
3902 3111 4152 3153 summa
4191 3111 4333 3175 pre-

692 3199 864 3262 dicta
911 3207 976 3263 et
1022 3198 1383 3284 quantitate
1432 3219 1628 3283 supra
1676 3197 1903 3261 relicta
1951 3219 2068 3282 pro
2109 3197 2346 3279 anima,
2381 3196 2656 3281 reliquid
2705 3196 3075 3282 specialiter
3120 3219 3235 3282 pro
3282 3196 3748 3260 benefaciendo
3796 3203 3861 3260 ct
3893 3197 4333 3261 subveniendo

690 3307 755 3370 in
805 3306 1300 3370 necessitatibus
1349 3305 1766 3387 infirmorum,
1816 3303 2128 3368 debilium
2175 3312 2240 3367 et
2287 3303 2535 3367 senium
2587 3303 2890 3367 Fratrum
2940 3304 3113 3367 illius
3162 3303 3285 3367 loci
3333 3310 3397 3367 et
3445 3310 3820 3368 conventus.

866 3412 1034 3476 Item
1081 3413 1160 3476 de
1207 3412 1500 3498 predicta
1547 3433 1798 3475 summa
1846 3418 1910 3475 et
1958 3411 2322 3496 quantitate
2371 3410 2594 3474 decem
2643 3411 2917 3474 millium
2950 3410 3261 3474 librarum
3295 3411 3781 3474 bononenorum
3815 3411 4185 3474 relictarum
4219 3434 4335 3498 pro

690 3521 926 3601 anima,
960 3519 1234 3605 reliquid
1278 3519 1620 3583 Sororibus
1668 3526 1890 3582 sancte
1939 3517 2145 3582 Marie
2194 3518 2273 3582 de
2322 3518 2630 3603 Cystello,
2667 3517 3013 3581 Sororibus
3046 3518 3251 3581 sancti
3285 3517 3327 3581 J
3332 3517 3605 3580 ohannis
3637 3517 3954 3603 Baptiste,
3992 3517 4334 3582 Sororibus

689 3629 895 3691 sancti
943 3627 1218 3709 Mathie,
1271 3626 1616 3691 Sororibus
1664 3634 1883 3690 sancte
1932 3625 2139 3689 Marie
2187 3625 2580 3710 Magdalene
2630 3624 2709 3688 de
2756 3625 2885 3688 Val
2936 3624 3014 3689 de
3062 3624 3312 3706 Preda,
3365 3623 3707 3689 Sororibus
3755 3633 3975 3689 sancte
4022 3626 4334 3710 Agnetis,

691 3734 1035 3800 Sororibus
1081 3742 1302 3798 sancte
1348 3732 1556 3797 Marie
1604 3733 1683 3796 de
1730 3731 2097 3814 Valverde,
2150 3731 2494 3796 Sororibus
2543 3737 2764 3796 sancte
2811 3730 3018 3794 Marie
3067 3730 3145 3794 de
3194 3730 3685 3812 Misericordia,
3735 3729 4079 3795 Sororibus
4126 3732 4333 3796 sancti

688 3841 1059 3925 Laurencij‚
1096 3840 1439 3906 Sororibus
1484 3840 1692 3905 sancti
1736 3840 1916 3905 Petri
1965 3838 2272 3921 Martiris,
2310 3838 2654 3904 Sororibus
2702 3839 2908 3903 sancti
2949 3838 3302 3922 Francisci,
3337 3836 3680 3902 Sororibus
3713 3839 3918 3903 sancti
3955 3838 4333 3923 Salvatoris,

692 3951 1036 4016 Sororibus
1084 3949 1164 4013 de
1195 3949 1584 4035 Repentitis,
1620 3948 1964 4013 Sororibus
2015 3948 2222 4012 sancti
2254 3946 2517 4012 Andree
2551 3947 2630 4011 de
2663 3946 2872 4011 Ponte
2907 3946 3159 4031 majori,
3196 3944 3539 4010 Sororibus
3573 3946 3780 4010 sancti
3811 3947 4183 4031 Augustini,
4220 3947 4336 4012 So-

689 4058 943 4124 roribus
991 4063 1211 4121 sanete
1258 4056 1464 4120 Marie
1514 4056 1594 4119 de
1625 4056 2031 4141 Virginibus,
2067 4055 2411 4121 Sororibus
2459 4054 2665 4118 sancti
2715 4053 3069 4136 Guillelmi,
3105 4052 3449 4117 Sororibus
3497 4059 3719 4117 sancte
3769 4052 3992 4118 Crucis
4040 4054 4119 4118 de
4166 4054 4336 4119 Mer-

686 4173 853 4248 cat0,
890 4164 1233 4229 Sororibus
1281 4172 1503 4228 sancte
1549 4162 1756 4226 Marie
1790 4162 1869 4226 de
1904 4162 2189 4248 Puglala
2211 4163 2311 4245 (2),
2349 4161 2691 4226 Sororibus
2731 4167 2957 4225 sancte
2988 4160 3195 4224 Marie
3227 4160 3433 4242 Nove,
3470 4159 3814 4225 Sororibus
3861 4167 4080 4224 sancte
4128 4162 4335 4225 Marie

687 4273 766 4336 de
816 4271 1044 4336 Castro
1092 4270 1469 4353 Britonum,
1521 4269 1864 4334 Sororibus
1913 4276 2135 4334 sancte
2182 4269 2390 4333 Marie
2435 4267 2826 4353 Magdalene
2885 4267 2964 4331 de
3027 4274 3232 4330 strata
3293 4265 3500 4331 sancti
3560 4267 3842 4349 Donati,
3891 4275 3956 4331 et
4000 4267 4339 4333 Fratribus

687 4387 908 4444 sancte
956 4377 1314 4462 Margarite
1362 4377 1440 4441 de
1489 4377 1842 4460 BarbianO,
1877 4377 2217 4441 Fratribus
2265 4376 2472 4440 sancti
2520 4374 2847 4460 Gregorij,
2882 4374 3220 4439 Fratribus
3270 4375 3476 4438 sancti
3515 4375 3749 4440 Jacobi
3782 4375 3861 4438 de
3894 4383 4098 4439 strata
4131 4376 4338 4440 sancti

684 4486 948 4568 Donati,
997 4483 1338 4549 Fratribus
1385 4484 1464 4548 de
1512 4483 1734 4548 Monte
1784 4483 2084 4548 Oarmelo
2133 4483 2213 4547 de
2263 4483 2583 4566 Mereato,
2632 4489 2697 4546 et
2741 4482 3082 4547 Fratribus
3128 4481 3628 4568 Apostolorum,
3679 4481 3944 4545 cuilibet
3993 4483 4339 4546 conventui

687 4594 1002 4658 dictorum
1050 4592 1324 4655 fratrum
1374 4600 1438 4655 et
1495 4612 1809 4674 sororum,
1859 4613 1975 4677 pro
2024 4590 2315 4677 quolibet
2361 4590 2563 4654 fratre
2611 4599 2677 4654 et
2722 4611 2942 4655 sorore
2991 4589 3283 4676 professo
3331 4596 3395 4653 et
3441 4589 3755 4675 professa,
3799 4596 4076 4674 quatuor
4122 4590 4339 4655 soldos

687 4702 1174 4766 bononenorum
1235 4699 1548 4784 reliquid,
1596 4699 1928 4781 videlicet,
1970 4689 2050 4763 'ut
2096 4705 2395 4784 quartam
2440 4705 2694 4784 partem
2743 4699 2885 4781 ejus
2934 4698 3136 4782 legati
3183 4697 3424 4761 habere
3472 4696 3753 4760 debeant
3801 4697 3865 4760 iu
3912 4698 4184 4783 septimo
4233 4697 4338 4762 die

688 4817 835 4895 post
883 4808 1126 4872 obitum
1162 4807 1364 4892 ipsius
1396 4807 1745 4890 testatoris,
1780 4814 1845 4870 et
1879 4807 2077 4870 aliam
2110 4814 2408 4891 quartam
2439 4812 2696 4892 partem
2743 4804 2807 4869 in
2856 4805 3189 4889 trigesimo
3236 4804 3361 4886 die,
3396 4812 3461 4868 et
3500 4804 3695 4868 aliam
3742 4811 4037 4889 quart-am
4087 4813 4339 4890 partem

689 4916 755 4979 in
802 4914 1153 4980 centesimo
1200 4914 1304 4977 die
1352 4921 1498 4999 post
1546 4914 1790 4977 obitum
1839 4913 2061 4999 ipsius,
2112 4919 2177 4977 et
2223 4913 2421 4976 aliam
2470 4920 2768 4998 quartam
2813 4918 3067 4998 partem
3114 4912 3180 4975 in
3230 4911 3672 4976 anniversario
3720 4911 3941 4996 ipsius,

865 5022 1034 5086 Item
1081 5021 1420 5085 Fratribus
1467 5020 1547 5085 de
1592 5020 1967 5102 Ricardina,
2016 5020 2354 5085 Fratribus
2402 5020 2482 5084 de
2528 5018 2949 5104 Varegnana,
2999 5019 3339 5083 Fratribus
3387 5018 3465 5083 de
3514 5018 3944 5104 Crespelano,
3995 5018 4336 5082 Fratribus

688 5130 767 5194 de
814 5136 1038 5193 sancto
1087 5128 1390 5194 Johanne
1439 5128 1503 5191 in
1550 5128 1902 5210 Persicet0,
1933 5127 2276 5192 Fratribus
2309 5127 2388 5191 de
2424 5127 2827 5208 Caldararia,
2862 5126 3201 5190 Fratribus
3233 5125 3313 5189 de
3345 5125 3683 5210 Argelata,
3718 5133 3783 5189 61
3814 5119 4154 5188 Fratribus
4187 5147 4335 5188 san-

690 5238 776 5302 eti
822 5235 1161 5300 Benedicti
1207 5235 1286 5300 de
1334 5235 1663 5317 Planorio,
1712 5235 2009 5300 omnibus
2065 5234 2144 5298 de
2209 5233 2452 5300 Ordine
2513 5234 2877 5316 Minorum,
2926 5233 3192 5298 cuilibet
3254 5233 3557 5297 Fratrum
3621 5233 3966 5315 cujuslibet
4019 5232 4334 5297 dic-torum

689 5346 976 5409 locorum
1025 5342 1302 5428 reliquid
1350 5343 1572 5407 decem
1619 5342 1834 5407 soldos
1882 5342 2392 5407 bononenorum.

867 5450 1036 5515 Item
1069 5450 1224 5536 ipsis
1255 5450 1595 5514 Fratribus
1626 5448 1745 5532 [et]
1779 5449 2126 5513 conventui
2159 5449 2367 5513 sancti
2399 5448 2735 5513 Benedicti
2769 5447 2848 5511 de
2881 5447 3190 5512 Planorio
3225 5445 3501 5531 reliquid
3532 5467 3731 5509 unum
3766 5466 3951 5509 suum
3987 5445 4335 5509 Salterium

691 5565 755 5623 et
800 5580 1001 5622 unum
1048 5579 1234 5621 suum
1280 5556 1518 5620 librum
1564 5556 2095 5642 Evangeliorum,
2130 5563 2195 5620 et
2240 5577 2441 5620 unum
2486 5555 2963 5638 Humiliarum;
2998 5576 3158 5640 quos
3192 5554 3390 5617 libros
3432 5552 3587 5617 dicit
3620 5553 3755 5638 ipse
3791 5558 4062 5617 testator
4092 5553 4335 5617 habere

692 5688 889 5753 penes
937 5687 1006 5730 se
1053 5671 1118 5729 et
1164 5664 1232 5728 in
1279 5663 1468 5728 domo
1517 5685 1655 5727 sua.

867 5774 1034 5836 ltem
1080 5770 1358 5856 reliquid
1406 5776 1470 5834 et
1517 5772 1761 5855 legavit
1808 5771 2078 5835 ecclesie
2125 5771 2332 5834 sancti
2365 5770 2630 5835 Martini
2663 5770 2742 5834 de
2777 5769 3255 5834 Cazzanemicis
3289 5776 3545 5833 centum
3578 5767 3794 5831 soldos
3828 5768 4334 5849 bononenorum,

691 5881 801 5967 qui
848 5887 1175 5966 ponantur
1220 5886 1285 5942 et
1331 5878 1783 5964 expendantur
1832 5879 1896 5941 in
1944 5878 2341 5943 ornamentis
2389 5879 2591 5963 ipsius
2638 5878 2945 5960 ecclesie,
2993 5877 3346 5942 secundum
3406 5876 3577 5962 quod
3640 5875 3964 5939 videbitur
4025 5874 4336 5959 magistro

694 5989 935 6072 Maglo.

870 6095 1036 6158 Item
1084 6093 1350 6159 cuilibet
1397 6092 1727 6179 Hospitali
1776 6093 2054 6157 civitatis
2102 6093 2394 6158 Bononie
2442 6102 2507 6157 et
2553 6093 3030 6174 suburbiorum,
3080 6093 3363 6178 quinque
3411 6091 3627 6156 soldos
3674 6091 4181 6155 bononenorum.

872 6202 1037 6267 Item
1086 6201 1276 6265 fratri
1321 6200 1776 6287 Raymondino
1825 6201 1902 6265 de
1952 6201 2196 6266 Ordine
2243 6200 2547 6266 Fratrum
2593 6200 2940 6282 Minorum,
2975 6222 3092 6286 pro
3140 6201 3274 6264 suis
3324 6199 3834 6280 necessitatibus,
3869 6198 4091 6262 decem
4137 6197 4337 6262 libras

691 6310 1214 6390 bononenorum3
1265 6308 1452 6373 fratri
1521 6308 2004 6391 BartholomeO,
2055 6309 2366 6394 magistro
2433 6307 2512 6372 de
2577 6308 2821 6373 Ordine
2881 6308 3245 6390 Minorum,
3295 6307 3518 6372 decem
3565 6306 3766 6370 libras
3809 6306 4337 6387 bononenorum3

859 6541 937 6606 (1)
979 6540 1083 6590 Sic.
2735 6540 2815 6607 (2)
2856 6539 2945 6591 Sic
2983 6556 3082 6608 pro
3121 6556 3151 6590 «
3192 6539 3423 6606 Puylola
3464 6556 3492 6589 »
3533 6538 3619 6590 vel
3661 6553 3690 6587 α
3728 6536 3979 6602 Puyliola
4020 6553 4068 6588 1».

931 6821 1069 6858 rom.
1108 6821 1173 6858 11.
4104 6805 4170 6854 29
