5542 7775
1699 678 2161 728 SPECTAN'I'IA
2219 677 2320 726 AD
2380 677 2887 726 PROFESSORES
2943 676 3359 725 MEDICINAE
4192 655 4342 726 237

711 854 835 919 que
885 855 1000 919 per
1047 854 1270 897 verum
1318 840 1382 896 et
1451 832 1857 919 legiptimum
1922 837 2400 917 procuratorem
2465 830 2602 893 fieri
2666 838 2730 893 et
2793 830 3080 893 exerceri
3144 835 3447 914 possunt,
3497 836 3562 892 et
3624 849 3747 913 que
3812 829 4080 915 ipsemet
4140 829 4355 894 facere

705 948 776 1005 'et
825 962 1128 1004 exercere
1178 946 1394 1026 posset
1442 960 1517 1003 ac
1565 940 1620 1003 si
1667 960 1930 1025 presens
1979 946 2183 1019 esset3
2218 938 2569 1022 promitens
2617 959 2685 1000 se
2735 937 2992 1000 firmum
3039 943 3103 1000 et
3150 945 3360 1000 ratum
3406 943 3718 1021 perpetuo
3760 936 4131 999 habiturum
4178 937 4354 1022 quic·

713 1046 865 1133 quid
913 1069 1027 1133 per
1076 1047 1318 1112 dictum
1364 1054 1848 1132 procuratorem
1898 1045 2138 1109 factum
2188 1045 2387 1108 fuerit
2437 1045 2500 1107 in
2549 1044 2853 1129 predictis
2901 1050 2965 1107 et
3011 1042 3298 1128 quolibet-
3344 1042 3775 1129 predictorum
3807 1043 3927 1107 sub
3961 1042 4354 1129 obligatione

716 1174 980 1219 suorum
1026 1154 1362 1218 bonorum.

886 1260 1010 1341 (L.
1047 1260 1091 1339 †
1126 1259 1221 1341 S.)
1269 1259 1413 1344 Ego
1464 1258 1798 1323 Johannes
1857 1257 2160 1321 Damiani
2226 1257 2497 1337 notarii,
2550 1256 2869 1341 imperiali
2932 1256 3314 1321 auctoritate
3376 1255 3695 1338 notarius,
3741 1277 4043 1341 presens,
4090 1263 4352 1342 rogatus

720 1365 970 1452 scripsi,
1020 1375 1084 1430 et
1132 1365 1454 1452 predictos
1502 1365 2000 1429 constituentem
2047 1372 2113 1427 et
2158 1364 2573 1428 constitutum
2622 1363 2916 1448 cognovi.

887 1473 1082 1538 Anno
1131 1473 1396 1537 Domini
1443 1472 1781 1536 millesimo
1830 1471 2269 1535 ducentesimo
2330 1470 2747 1555 nonagesimo
2813 1476 3077 1551 oetam,
3127 1470 3471 1535 indictione
3534 1470 3907 1554 undecima,
3955 1472 4059 1535 die
4106 1471 4353 1536 decimo

712 1580 987 1666 septimo
1036 1579 1341 1644 octubris.
1375 1583 1480 1654 εἴ
1502 1579 1819 1644 Dominus
1867 1577 2069 1642 frater
2119 1578 2505 1642 Pinamonte
2558 1577 2800 1642 domini
2850 1577 3132 1641 Gandini
3173 1577 3413 1642 domini
3460 1577 3691 1642 Jacobi
3755 1577 4027 1642 Guarini
4082 1578 4352 1663 judicis,

717 1687 976 1752 Ordinis
1024 1686 1514 1751 Predicatorum
1564 1685 1642 1749 de
1692 1685 2008 1768 Bononia,
2042 1693 2421 1772 procurator
2473 1684 2820 1771 predictus,
2864 1684 2944 1747 ad
2990 1684 3398 1771 infrascripta
3445 1685 3810 1770 specialiter
3856 1686 4236 1750 constitutus
4283 1693 4353 1750 ut

711 1794 790 1859 de
836 1795 960 1858 hiis
1007 1800 1188 1880 patet
1235 1793 1661 1857 instrumento
1710 1793 1883 1857 dicte
1930 1792 2402 1879 procurationis
2457 1791 2697 1878 scripto
2747 1813 2940 1856 manu
2990 1792 3114 1856 mei
3162 1792 3393 1855 notarii
3442 1792 3855 1877 infrascripti,
3891 1792 4186 1879 deposuit
4224 1793 4353 1857 fra·

708 1902 914 1966 tribus
963 1900 1302 1965 Dominico
1350 1908 1415 1964 et
1462 1900 1786 1986 Phylippo
1837 1900 2206 1964 sacristanis
2264 1899 2553 1964 sacristia
2604 1900 2874 1964 ecclesie
2924 1900 3128 1963 sancti
3175 1898 3500 1963 Dominici
3559 1899 3819 1965 Ordinis
3866 1900 4352 1966 Predicatorum

711 2009 792 2074 de
837 2008 1156 2090 Bononia,
1192 2008 1623 2093 prescriptum
1665 2014 2143 2090 testamentum,
2183 2007 2544 2092 sigillatum
2583 2007 2801 2093 sigillo
2848 2006 3000 2070 dicti
3044 2006 3285 2070 domini
3328 2006 3634 2093 Episcopi
3666 2007 4011 2071 cerviensis
4044 2014 4108 2071 et
4140 2008 4353 2093 sigillo

710 2115 955 2201 Prioris
1004 2114 1266 2179 Ordinis
1314 2113 1619 2178 Fratrum
1668 2114 2153 2178 Predicatorum
2208 2113 2288 2178 de
2334 2113 2649 2197 Bononia,
2696 2114 2761 2177 in
2811 2114 3104 2178 sacristia
3150 2112 3464 2178 dictorum
3510 2114 3803 2178 fratrum.

885 2222 1126 2287 Actum
1171 2221 1464 2286 Bononie
1515 2222 1583 2285 in
1632 2221 1806 2285 dicta
1853 2221 2153 2285 sacristia
2201 2221 2507 2285 Fratrum
2553 2219 3041 2285 Predicatorum
3098 2220 3177 2284 de
3236 2221 3565 2303 Bononia,
3613 2222 4020 2308 presentibus
4080 2223 4352 2287 testibus

719 2329 965 2393 vocatis
1012 2335 1077 2392 et
1121 2329 1401 2414 rogatis,
1452 2328 1655 2393 fratre
1706 2327 2003 2392 Galvano
2052 2329 2131 2393 de
2179 2327 2446 2411 Butri0,
2495 2328 2694 2392 fratre
2749 2328 3135 2415 Albergipto
3198 2329 3277 2392 de
3339 2328 3667 2411 Bononia,
3715 2329 4028 2393 ambobus
4090 2329 4351 2394 Ordinis

713 2436 1017 2500 Fratrum
1062 2436 1554 2501 Predicatorum
1602 2436 1681 2501 de
1731 2435 2048 2520 Bononia,
2097 2436 2427 2523 Rampezo
2476 2436 2800 2522 quondam
2849 2437 3145 2501 Geremie
3194 2436 3272 2501 de
3318 2437 3679 2520 Florentia,
3722 2436 4102 2502 Baronzone
4148 2459 4349 2523 quon·

709 2544 859 2608 dam
906 2543 1291 2628 Bonacursij
1340 2543 1418 2607 de
1467 2552 1691 2608 sancto
1742 2543 2021 2629 Lupidio
2069 2551 2135 2608 et
2181 2544 2591 2609 Bartolomeo
2639 2544 2959 2609 Johannis
3005 2544 3346 2625 Damiani3
3390 2544 3499 2630 qui
3545 2543 3747 2608 frater
3795 2544 4127 2609 Galvanus
4174 2566 4348 2609 asse-

717 2651 844 2715 ruit
891 2671 1280 2735 cognoscere
1328 2650 1783 2715 contrahentes
1830 2650 2171 2736 predictos.

891 2757 1009 2838 (L.
1044 2758 1088 2837 †
1123 2757 1228 2839 S.)
1279 2755 1423 2842 Ego
1475 2757 1808 2822 «Iohannes
1870 2756 2180 2822 Damiani
2242 2758 2510 2841 notarii,
2561 2758 2879 2843 imperiali
2933 2759 3313 2823 auctoritate
3365 2759 3684 2841 notarius,
3733 2780 4036 2844 presens,
4086 2767 4351 2845 rogatus

715 2864 966 2950 scripsi,
1019 2864 1388 2951 subscripsi,
1439 2870 1502 2928 et
1552 2865 2003 2930 contrahentes
2050 2865 2371 2952 predictos
2418 2867 2715 2951 cognovj.

888 3077 988 3160 [A
1037 3075 1279 3163 tergm]
1327 3077 1816 3142 Testamentum
1866 3078 2108 3172 domini
2155 3078 2460 3165 Episcopi
2508 3079 2849 3144 'l'hederici
2895 3079 3259 3144 cerviensis.
