5542 7775
1601 610 2062 662 SPEOTANTIA
2117 611 2221 660 AD
2278 610 2788 662 PROFESSOBES
2844 612 3058 662 JURIS
3119 609 3390 663 CIVILIS
4210 590 4305 661 73

680 765 932 830 Cambii
978 764 1354 851 Gratiadey,
1404 786 1593 850 quem
1643 764 1705 829 in
1755 764 1925 829 dicto
1970 786 2088 830 suo
2135 771 2520 830 testamento
2568 765 2737 831 dicto
2772 766 3231 831 Bartholomeo
3264 788 3380 830 suo
3416 767 3634 851 nepoti
3666 765 3986 830 etheredi
4033 773 4310 831 tutorem

678 882 743 938 et
810 874 1398 938 administratorem
1462 872 1746 938 omnium
1806 872 2124 938 bonorum
2191 894 2455 937 suorum
2517 872 2836 958 reliquid,
2899 894 3205 959 expresse
3277 873 3523 937 remisit
3586 879 4063 938 sacramentum
4108 873 4310 938 tutele

678 990 743 1046 et
787 982 1133 1050 inventarii
1179 980 1639 1064 confecionem,
1673 987 1738 1044 et
1784 981 2062 1044 absolvit
2109 988 2173 1045 et
2217 980 2517 1045 liberavit
2562 1000 2712 1043 eum
2758 979 2841 1044 ab
2890 980 3063 1045 omni
3109 981 3358 1045 ratione
3406 980 3978 1045 administrationis
4022 981 4307 1046 redenda

675 1097 739 1154 et
785 1090 1259 1175 henologistam
1279 1088 1357 1153 (1)
1391 1110 1539 1153 eum
1584 1109 1725 1152 esse
1774 1087 1997 1170 voluit,
2045 1087 2405 1173 dampnans
2453 1086 2759 1152 heredem
2805 1109 2995 1151 suum
3039 1086 3402 1174 predictum
3451 1109 3529 1151 ne
3577 1087 3822 1173 aliquid
3870 1088 3954 1151 ab
3986 1109 4063 1153 eo
4105 1095 4306 1175 petat,

680 1197 784 1262 vel
834 1199 1057 1284 exigat
1103 1187 1167 1261 et
1213 1217 1294 1261 ne
1341 1196 1653 1261 adversus
1718 1217 1867 1260 eum
1912 1217 2029 1281 pro
2086 1195 2272 1259 dictis
2332 1194 2693 1259 actionibus
2750 1216 2902 1259 suas
2948 1200 3251 1259 exerceat
3298 1195 3618 1278 actiones;
3667 1203 3732 1259 et
3777 1196 3829 1260 si
3891 1195 4100 1260 dictus
4145 1196 4310 1260 Bar·

680 1305 1042 1369 tholomeus
1106 1305 1247 1389 ejus
1310 1325 1510 1390 nepos
1572 1310 1637 1368 et
1691 1302 1880 1367 heres
1943 1310 2057 1366 aut
2125 1301 2263 1367 eius
2334 1301 2638 1383 heredes,
2688 1303 3023 1366 occasione
3071 1302 3507 1389 predictorum
3562 1302 3664 1366 vel
3712 1302 3985 1367 alicuius
4050 1325 4309 1386 corum,

678 1412 815 1476 sive
862 1412 1057 1475 etiam
1104 1410 1440 1475 occasione
1487 1410 1655 1474 dicte
1702 1409 1903 1474 tutele
1952 1409 2114 1473 bene
2160 1409 2265 1472 vel
2332 1408 2502 1472 male
2564 1415 2786 1493 geste,
2835 1409 3079 1473 obmise
3134 1408 3240 1472 vel
3310 1409 3602 1494 neglete,
3666 1407 3801 1473 sive
3871 1409 4036 1492 doli,
4084 1411 4307 1496 culpe,

678 1519 783 1583 vel
829 1518 1224 1603 negligentie
1271 1517 1338 1581 in
1386 1518 1602 1603 aliquo
1651 1522 1940 1598 vexaret,
1990 1516 2095 1580 vel
2141 1516 2514 1580 conveniret
2559 1515 2772 1602 ipsum
2817 1521 3116 1598 tutorem,
3150 1515 3254 1580 vel
3303 1516 3444 1600 ejus
3490 1514 3760 1579 heredes
3794 1516 4043 1580 ratione
4091 1516 4311 1602 aliqua

676 1627 756 1690 de
798 1626 1120 1712 predictis,
1155 1633 1220 1690 et
1252 1625 1312 1689 in
1364 1625 1582 1710 aliquo
1616 1624 1753 1710 ipse
1785 1629 1960 1687 tutor
1990 1623 2318 1688 videretur
2350 1622 2559 1687 eidem
2590 1622 3050 1686 Bartholomeo
3083 1623 3290 1686 teneri
3322 1622 3570 1687 ratione
3618 1623 3837 1708 aliqua
3870 1623 3949 1687 de
3983 1623 4308 1709 predictis,

676 1733 838 1798 illud
899 1739 1101 1799 totum
1164 1733 1269 1797 vel
1330 1732 1729 1797 tantumdem
1791 1731 1871 1795 de
1918 1752 2034 1795 suo
2082 1729 2292 1795 eidem
2336 1730 2594 1795 domino
2642 1729 2906 1794 Juliano
2954 1730 3152 1794 tutori
3205 1729 3343 1794 iure
3405 1730 3607 1815 legati
3668 1730 3962 1816 reliquid.
3997 1738 4104 1809 (ιζ
4144 1732 4312 1798 Item

679 1841 918 1905 dictum
951 1841 1283 1905 dominum
1328 1839 1665 1904 Juliauum
1712 1838 1988 1924 reliquid
2037 1838 2102 1902 in
2152 1845 2430 1902 tutorem
2476 1837 2778 1923 neptibus
2824 1837 2957 1900 suis
2988 1836 3243 1901 Helene
3290 1844 3355 1902 et
3388 1835 3731 1920 Chechole,
3764 1839 4068 1904 remitens
4100 1840 4311 1905 eidem

678 1954 1152 2013 sacramentum
1199 1947 1399 2011 tutele
1448 1953 1512 2012 et
1544 1946 1889 2010 inventarii
1920 1945 2380 2027 confecionem,
2414 1951 2477 2008 et
2510 1944 2853 2009 absolvens
2892 1965 3040 2008 eum
3086 1945 3170 2008 ab
3217 1943 3391 2008 omni
3438 1945 3687 2009 ratione
3736 1945 4309 2012 administrationis

679 2055 1028 2138 reddenda,
1064 2055 1127 2118 in
1170 2053 1465 2119 omnibus
1513 2060 1577 2117 et
1624 2074 1739 2139 per
1784 2053 2001 2117 omnia
2045 2059 2116 2116 ut
2148 2073 2345 2138 supra
2378 2050 2639 2134 remisit,
2675 2050 2956 2116 absolvit
2987 2058 3050 2115 et
3084 2051 3382 2116 liberavit
3415 2072 3454 2115 a
3485 2051 3688 2115 tutela
3720 2053 3872 2117 dicti
3904 2054 4004 2117 sui
4036 2055 4308 2140 nepotis.

681 2170 788 2240 (Π
813 2162 982 2227 Item
1028 2161 1324 2247 reliquid,
1360 2161 1564 2226 voluit
1603 2167 1668 2225 et
1715 2159 2066 2242 mandavit,
2117 2158 2288 2245 quod
2334 2158 2414 2222 de
2462 2159 2726 2244 vigintis
2772 2158 2956 2222 libris
3000 2158 3507 2241 bononenorum,
3550 2180 3711 2245 quas
3756 2159 4044 2225 lucratus
4077 2161 4200 2226 fuit
4232 2162 4312 2226 de

680 2269 963 2335 consiliis
1012 2268 1307 2352 fratrum,
1353 2268 1494 2333 fieri
1540 2267 1775 2332 debeat
1822 2267 2175 2353 capitulum
2208 2266 2483 2329 fratrum
2512 2264 2839 2329 Minorum
2883 2264 2962 2329 de
2994 2264 3396 2329 Richardina
3427 2273 3493 2330 et
3523 2266 3697 2352 ipsas
3730 2267 4008 2353 expendi
4041 2268 4106 2331 in
4140 2268 4311 2334 dicto

679 2377 962 2464 capitulo
1010 2383 1146 2441 tum
1193 2376 1256 2439 in
1306 2375 1605 2440 fenestris
1653 2373 1878 2439 ferreis
1928 2381 1993 2438 et
2039 2374 2118 2437 de
2165 2373 2364 2459 ligno,
2398 2380 2535 2436 tum
2583 2371 2649 2435 in
2695 2372 2977 2454 sedibus,
3026 2379 3160 2435 tum
3208 2394 3325 2459 pro
3372 2372 3517 2435 aliis
3563 2373 3881 2457 fenestris,
3914 2397 4032 2462 pro
4080 2376 4312 2461 quibus

681 2492 851 2549 emet
882 2504 1223 2564 marmora,
1271 2504 1395 2568 que
1443 2487 1593 2546 sunt
1638 2481 1896 2564 ibidem,
1945 2487 2084 2545 tum
2131 2501 2245 2566 pro
2298 2479 2562 2565 picturis
2610 2478 2923 2543 faciendis
2973 2479 3231 2545 ibidem.
3280 2485 3387 2556 (ἵ
3411 2481 3577 2546 Item
3623 2482 3901 2567 reliquid
3953 2482 4312 2569 presbitero

678 2592 885 2657 sancti
932 2591 1134 2655 Mami
1181 2589 1614 2676 quadraginta
1659 2588 1875 2653 soldos
1923 2588 2110 2670 bon.,
2160 2609 2245 2651 ex
2291 2586 2523 2673 quibus
2571 2587 2697 2650 emi
2743 2586 3023 2651 debeant
3070 2588 3196 2653 duo
3244 2590 3522 2676 duplerij
3557 2589 3912 2676 deputandi
3943 2590 4025 2653 ad
4060 2590 4307 2677 Corpus

678 2699 937 2763 Christi.
987 2704 1093 2775 (ιζ’
1119 2697 1287 2761 Item
1334 2695 1692 2782 presbitero
1737 2694 2029 2759 Ecclesie
2076 2693 2283 2757 sancti
2329 2692 2562 2757 Jacobi
2609 2692 2687 2756 de
2736 2691 3260 2759 Carbonensibus
3293 2695 3525 2781 viginti
3565 2695 3779 2760 soldos
3826 2696 4313 2760 bononenorum

686 2827 803 2892 pro
835 2826 965 2869 uno
991 2803 1284 2890 duplerio
1317 2803 1609 2886 emendo,
1637 2801 2004 2888 deputando
2031 2800 2114 2865 ad
2140 2800 2388 2886 Corpus
2415 2799 2672 2864 Christi.
2700 2807 2807 2878 (Γ
2831 2800 2998 2865 Item
3030 2801 3326 2887 reliquid,
3354 2802 3555 2867 voluit
3586 2810 3652 2867 et
3683 2803 4013 2867 mandavit
4045 2803 4315 2886 restitui,

682 2913 843 2996 dari,
882 2920 946 2977 ct
991 2912 1156 2976 solvi
1204 2910 1282 2975 de
1329 2910 1515 2975 bonis
1563 2909 1695 2973 suis
1728 2931 1843 2995 per
1876 2908 2079 2973 dictos
2110 2929 2258 2973 suos
2292 2908 2762 2972 commissarios
2797 2907 3012 2971 omnia
3044 2916 3108 2972 et
3140 2909 3417 2995 singula,
3452 2931 3575 2995 que
3609 2909 3692 2974 ad
3725 2931 3872 2974 eum
3904 2911 4317 2996 pervenerint

677 3045 761 3085 cx
806 3021 1026 3106 aliqua
1068 3019 1315 3083 iniusta
1362 3018 1466 3083 vel
1516 3017 1803 3082 indebita
1850 3016 2236 3102 aquisitione
2285 3015 2385 3078 vel
2437 3016 2775 3080 exactione
2824 3016 3121 3081 omnibus
3176 3025 3241 3081 et
3296 3017 3568 3102 singulis
3616 3018 3905 3104 personis
3938 3027 4004 3082 et
4036 3017 4311 3082 Univer-

683 3128 1020 3210 sitatibus,
1070 3148 1109 3190 a
1156 3125 1388 3212 quibus
1436 3124 1765 3211 aparuerit
1812 3124 2042 3209 ipsum,
2092 3123 2194 3187 vel
2242 3122 2517 3186 alterum
2564 3123 2706 3207 ejus
2753 3124 3032 3204 nomine,
3074 3123 3376 3188 habuisse
3425 3125 3530 3189 vel
3575 3126 3960 3211 percepisse.
4009 3132 4115 3203 (Π
4148 3125 4315 3190 Item

682 3234 958 3320 reliquid
1007 3239 1071 3297 et
1117 3233 1322 3296 voluit
1377 3231 1546 3317 quod
1592 3229 1672 3295 de
1718 3231 1905 3295 bonis
1952 3229 2086 3293 suis
2133 3236 2385 3293 ematur
2432 3235 2497 3293 et
2544 3228 2751 3312 detur,
2796 3229 2880 3293 ad
2925 3230 3327 3294 voluntatem
3376 3239 3440 3296 et
3487 3231 3825 3296 arbitrium
3871 3233 4027 3297 dicti
4073 3232 4318 3297 domini

684 3342 953 3423 Juliani,
1000 3340 1337 3405 Alianorie
1384 3360 1498 3403 sue
1545 3338 1698 3421 filie,
1746 3359 1979 3424 sponse
2026 3343 2091 3401 et
2137 3336 2352 3400 future
2414 3337 2603 3401 uxori
2662 3336 3041 3401 Francischi
3093 3338 3209 3401 filii
3257 3338 3580 3424 quondam
3628 3339 3869 3403 domini
3916 3339 4178 3404 Galaoti
4238 3339 4317 3404 de

681 3447 1138 3530 Lambertinis,
1166 3468 1367 3511 unum
1398 3446 1636 3511 lectum
1668 3444 2061 3527 coredatum,
2095 3443 2566 3508 exstimationis
2600 3445 2975 3530 octuaginta
3005 3444 3316 3509 librarum
3349 3445 3853 3511 bononenorum.
3888 3454 3995 3524 (Π
4018 3447 4187 3511 Item
4217 3469 4316 3511 re-

682 3556 884 3642 liquid
918 3557 1086 3622 dicte
1126 3579 1238 3621 sue
1270 3556 1402 3621 filie
1445 3555 1523 3620 de
1556 3555 1742 3620 bonis
1788 3553 1920 3617 suis
1968 3561 2179 3617 vestes
2228 3552 2508 3616 intextas
2541 3551 2619 3617 de
2653 3553 2928 3617 scarleto
2962 3575 3108 3617 cum
3138 3554 3357 3637 variis,
3383 3553 3629 3618 dandas
3674 3553 3882 3619 eidem
3915 3564 3980 3619 et
4010 3555 4315 3620 emendas

685 3686 800 3750 per
845 3664 1087 3729 dictum
1134 3663 1462 3729 dominum
1508 3661 1846 3727 Julianum
1892 3681 2037 3725 cum
2087 3659 2289 3724 dictus
2336 3659 2720 3724 Franciscus
2791 3660 2932 3744 ejus
2994 3681 3266 3745 sponsus
3329 3661 3451 3725 erit
3513 3662 3783 3744 nubilis,
3834 3662 4078 3726 scilicet
4122 3664 4313 3727 etatis

682 3771 1167 3857 quatuordecim
1213 3791 1531 3834 annorum
1578 3775 1643 3833 et
1689 3768 2027 3833 contrahet
2073 3765 2557 3831 matrimonium
2603 3788 2750 3831 cum
2798 3766 2970 3830 dicta
3016 3788 3134 3830 sua
3203 3767 3355 3852 filia,
3405 3768 3557 3832 dum
3602 3776 3820 3833 tamen
3874 3778 4199 3856 ponantur
4245 3770 4313 3834 in

683 3879 899 3945 dotem
947 3879 1114 3944 dicte
1163 3900 1276 3943 sue
1315 3878 1467 3960 filie,
1503 3876 1814 3942 extimate
1863 3875 1927 3939 id
1975 3874 2146 3961 quod
2193 3874 2536 3940 constitere
2583 3874 2750 3940 dicte
2799 3880 3032 3939 vestes.
3082 3881 3189 3952 ρξ’
3215 3874 3383 3940 Item
3428 3875 3633 3941 voluit
3664 3876 3835 3962 quod
3867 3877 4312 3964 compleantur

684 3987 892 4051 eidem
940 3993 1174 4068 vestes,
1210 4007 1333 4071 que
1367 3992 1516 4049 sunt
1547 3984 1845 4049 inchoate
1878 4004 1995 4069 pro
2029 4004 2127 4046 ea.
2163 3988 2270 4059 (ιζ
2291 3982 2452 4046 Item
2489 3981 2763 4069 reliquid
2798 3982 3054 4047 domine
3085 3982 3433 4069 Agnexine
3466 3984 3655 4048 uxori
3701 3984 3855 4048 olim
3885 3984 4041 4049 dicti
4071 3984 4317 4050 domini

685 4094 948 4159 Galaoti
994 4114 1192 4159 unam
1259 4093 1485 4158 robam
1555 4091 1634 4156 de
1703 4092 1932 4173 bruna,
2004 4111 2127 4176 que
2189 4089 2316 4154 emi
2376 4096 2442 4154 et
2510 4089 2653 4154 dari
2698 4089 2934 4154 debeat
2979 4090 3189 4154 eidem
3236 4090 3490 4155 domiue
3546 4090 3815 4156 arbitrio
3863 4092 4016 4156 dicti
4075 4091 4317 4157 domini

682 4201 725 4265 J
732 4201 931 4265 uliani
976 4200 1445 4265 exstimationis
1490 4206 1557 4264 et
1602 4198 1801 4285 precii
1847 4198 2130 4284 treginta
2170 4219 2287 4261 sex
2318 4196 2630 4261 librarum
2660 4197 3167 4262 bononenorum.
3203 4204 3309 4274 (ιζ
3329 4199 3496 4263 Item
3529 4198 3805 4284 reliquid
3837 4199 4007 4264 dicto
4055 4200 4315 4266 domino

682 4309 946 4373 Juliano
994 4330 1111 4395 pro
1158 4307 1380 4372 labore
1426 4306 1650 4371 tutelle
1699 4312 1958 4370 centum
2002 4303 2202 4368 libras
2232 4304 2739 4369 bononenorum.
2775 4310 2882 4381 (Π
2909 4304 3073 4369 Item
3106 4305 3381 4390 reliquid
3422 4313 3486 4370 et
3511 4306 3736 4388 voluit,
3771 4307 3940 4391 quod
3988 4307 4040 4371 si
4091 4309 4318 4373 relicta

681 4438 799 4502 per
829 4437 974 4480 eum
1022 4436 1139 4501 pro
1171 4414 1339 4479 male
1389 4414 1674 4500 quesitis,
1708 4412 1968 4477 incertis
2008 4419 2073 4476 et
2118 4433 2235 4499 pro
2281 4410 2620 4476 animabus
2668 4433 2892 4476 eorum
2938 4433 2978 4475 a
3022 4412 3253 4497 quibus
3301 4412 3577 4498 quesivit
3624 4412 3879 4496 iniuste,
3927 4436 4056 4479 non
4102 4423 4319 4480 essent

681 4524 847 4587 bene
879 4523 1104 4587 relicta
1151 4521 1236 4586 ad
1281 4521 1627 4586 utilitatem
1674 4520 2037 4585 animarum
2083 4541 2326 4602 corum,
2362 4518 2533 4604 quod
2572 4518 2652 4583 de
2700 4519 2829 4583 illis
2877 4540 3037 4605 quas
3084 4541 3201 4606 pro
3248 4521 3464 4583 anima
3503 4542 3622 4585 sua
3665 4521 3941 4607 reliquid
3974 4523 4181 4609 magis
4213 4524 4317 4610 pie

686 4636 1183 4717 compensentur
1227 4628 1369 4692 loco
1417 4626 1869 4715 predictorum.
1921 4633 2028 4704 (ἵ
2048 4625 2215 4690 Item
2262 4625 2533 4711 reliquid
2585 4626 2755 4711 quod
2802 4647 2918 4712 pro
2965 4626 3305 4691 animabus
3336 4627 3701 4710 scolarium,
3735 4649 3775 4692 a
3807 4628 4040 4714 quibus
4072 4630 4319 4715 aliquid

688 4736 922 4800 iniuste
953 4736 1242 4823 percepit
1274 4742 1409 4800 tam
1453 4734 1766 4799 laicorum
1814 4755 2009 4820 quam
2040 4733 2419 4799 elericorum
2450 4733 2741 4797 dantium
2776 4733 2854 4797 de
2887 4733 3074 4798 bonis
3106 4755 3330 4798 eorum
3358 4735 3635 4820 propriis
3682 4735 3891 4799 eidem
3930 4757 4057 4801 non
4091 4758 4318 4801 secun·

690 4843 841 4909 dum
875 4844 1186 4926 debitum,
1220 4850 1517 4907 emantur
1548 4841 1675 4906 duo
1717 4841 1950 4905 calices
1983 4840 2222 4906 valoris
2255 4840 2728 4926 quinquaginta
2759 4840 3072 4904 librarum
3104 4841 3610 4925 bononenorum,
3644 4849 3710 4906 et
3747 4840 3980 4906 dentur
4011 4843 4319 4908 fratribus

688 4958 754 5017 et
801 4951 1147 5015 conventui
1190 4950 1465 5014 fratrum
1510 4948 1836 5013 Minorum
1882 4948 1961 5013 de
2008 4948 2437 5031 Richardina3
2485 4969 2652 5012 unus
2686 4969 2960 5033 quorum
2991 4948 3232 5012 serviat
3264 4957 3328 5012 et
3359 4949 3601 5012 servire
3648 4948 3881 5013 debeat
3922 4950 4113 5014 altari
4142 4951 4320 5016 beati

685 5059 728 5123 J
732 5059 918 5125 acobi
964 5067 1029 5123 et
1075 5058 1241 5122 alius
1289 5056 1479 5121 altari
1509 5056 1685 5121 beati
1718 5056 2041 5121 Dominici
2073 5055 2362 5121 facendis
2395 5056 2458 5119 in
2491 5054 2786 5120 Ecclesia
2816 5054 3106 5143 predicta
3137 5056 3345 5120 sancti
3374 5055 3750 5122 Francischi
3789 5057 3868 5122 de
3900 5058 4317 5124 Richardina.

687 5173 795 5245 (ιζ’
822 5166 990 5230 Item
1021 5164 1300 5250 reliquid
1346 5164 1473 5228 emi
1520 5162 1599 5228 de
1646 5164 1833 5228 bonis
1882 5163 2015 5227 suis
2062 5184 2258 5227 unam
2304 5162 2547 5250 petiam
2592 5169 2762 5228 terre
2812 5163 3067 5227 vineate
3097 5163 3289 5249 pretii
3323 5164 3744 5229 ducentarum
3774 5165 4089 5230 librarum
4118 5166 4320 5233 bono-

687 5294 1019 5355 nenorum,
1050 5272 1159 5337 ubi
1189 5271 1513 5336 videbitur
1536 5271 1707 5335 dicto
1734 5270 1993 5335 domino
2025 5270 2311 5352 Juliano,
2338 5291 2461 5355 que
2496 5268 2840 5356 deputetur
2871 5268 2938 5333 in
2970 5277 3349 5356 perpetuum
3383 5271 3465 5335 ad
3490 5292 3677 5335 usum
3701 5271 3974 5337 fratrum
3997 5272 4319 5339 Minorum

687 5382 766 5446 de
812 5379 1234 5460 Richardina,
1284 5386 1476 5465 prout
1519 5378 1750 5443 melius
1797 5378 2121 5442 videbitur
2169 5376 2338 5441 dicto
2386 5377 2644 5441 domino
2691 5377 2733 5440 J
2741 5377 2979 5461 ulian0,
3029 5399 3153 5463 que
3199 5378 3393 5442 vendi
3440 5379 3544 5443 vel
3591 5379 3862 5445 alienari
3911 5402 4037 5446 non
4087 5382 4318 5467 possit,

688 5496 753 5553 et
806 5488 930 5552 hoc
977 5508 1093 5573 pro
1142 5485 1481 5550 animabus
1514 5485 1831 5550 dictorum
1862 5484 2274 5549 scholarium.
2324 5491 2431 5561 (Π
2454 5483 2622 5548 Item
2653 5484 2860 5548 voluit
2892 5491 2957 5549 et
2987 5485 3321 5549 mandavit
3353 5485 3525 5571 quod
3559 5508 3703 5551 cum
3738 5487 3874 5573 ipse
3904 5488 4205 5553 habuerit
4253 5489 4318 5553 in

687 5596 883 5660 Curia
928 5595 1228 5659 Romana
1274 5614 1314 5656 a
1360 5593 1642 5678 quodam
1689 5591 1945 5675 clerico,
1994 5612 2225 5655 nomen
2275 5592 2460 5676 cujus
2508 5591 2785 5677 ignorat,
2834 5592 3211 5677 octuaginta
3257 5593 3516 5658 florinos
3565 5615 3795 5659 aureos
3858 5616 3974 5681 pro
4037 5595 4316 5680 quodam

687 5702 972 5784 servitio,
1022 5700 1194 5786 quod
1240 5700 1610 5786 impetravit
1657 5722 1697 5764 a
1743 5699 2002 5764 domino
2049 5699 2235 5785 Papa
2279 5720 2398 5785 pro
2443 5720 2543 5782 eo,
2592 5706 2657 5763 et
2703 5698 2995 5786 predicta
3040 5700 3317 5787 pecunia
3363 5701 3658 5788 deposita
3703 5702 3898 5767 fuerit
3958 5703 4023 5768 in
4079 5725 4321 5789 magna

687 5809 911 5874 tabula
956 5808 1215 5872 illorum
1264 5807 1343 5871 de
1392 5807 1578 5872 Senis
1626 5815 1691 5871 et
1736 5813 1961 5893 postea
2007 5806 2220 5871 soluta
2267 5805 2462 5870 fuerit
2503 5805 2732 5871 Laudo
2782 5806 2860 5870 de
2911 5806 3233 5873 Societate
3279 5806 3772 5892 Amanatorum,
3816 5810 4148 5896 recipienti
4203 5833 4319 5897 pro

687 5939 763 5981 eo
811 5916 1012 5980 stanti
1058 5915 1123 5979 in
1172 5914 1368 5980 Curia
1412 5914 1747 5997 Romana,
1796 5922 1861 5979 et
1907 5912 2170 5999 quidam
2217 5912 2486 5977 clericus
2535 5912 2799 5999 Capelle
2847 5914 3021 6000 regis
3067 5914 3307 5999 Anglie
3369 5937 3518 5980 eum
3578 5925 3945 6001 cognoscat,
4001 5918 4112 6003 qui
4166 5925 4319 5982 tunc

689 6032 829 6088 erat
877 6024 939 6087 in
988 6023 1161 6087 dicta
1209 6022 1425 6105 Curia,
1476 6021 1646 6107 quod
1694 6021 1929 6106 inquiri
1977 6020 2211 6084 debeat
2257 6019 2337 6084 de
2384 6021 2642 6086 nomine
2690 6021 2866 6085 illius
2914 6021 3150 6104 clerici,
3200 6022 3309 6108 qui
3356 6022 3532 6087 dedit
3579 6024 3919 6109 pecuniam
3962 6024 4318 6111 predictam

693 6132 756 6195 in
802 6130 1044 6195 tabulis
1093 6136 1544 6211 mercatorum,
1592 6136 1658 6193 et
1703 6128 1782 6192 de
1830 6127 2087 6192 nomine
2135 6126 2372 6210 clerici,
2423 6127 2534 6213 qui
2579 6149 2725 6192 eum
2775 6129 3106 6214 cognoscit
3152 6129 3218 6192 in
3267 6129 3520 6215 capella
3565 6130 3770 6216 regis,
3818 6138 3882 6195 et
3929 6131 4101 6216 quod
4147 6132 4322 6197 dicta

687 6238 963 6326 pecunia
1009 6237 1198 6301 detur
1244 6236 1416 6301 dicto
1465 6236 1698 6300 clerico
1746 6235 1994 6322 capelle
2038 6233 2234 6320 regis,
2282 6240 2354 6299 ut
2399 6234 2509 6299 (let
2553 6256 2699 6299 eam
2767 6235 2938 6301 dicto
2986 6236 3253 6319 clerico,
3318 6237 3426 6322 qui
3474 6236 3650 6301 dedit
3695 6238 3902 6324 ipsam
3956 6239 4317 6324 pecuniam,

852 6469 929 6535 (1)
968 6467 1146 6537 Lege:
1183 6466 1606 6534 homoloyfstam‚
1643 6467 1713 6520 ab
1749 6466 2103 6533 homoloyare.

1139 6697 1274 6735 rou.
1312 6698 1375 6734 11.
4096 6687 4161 6738 10
