5542 7775
1349 597 1391 667 2
1410 597 1499 668 12
2924 615 3403 667 MONUMENTA

1345 772 1558 837 soldos
1605 773 2090 838 bononenorum
2138 772 2452 858 relinquo,
2500 771 2836 835 Heremite
2886 771 3092 835 sancti
3139 770 3413 835 Joannis
3463 771 3526 834 in
3574 770 3795 834 Monte
3842 770 4237 857 pelizzonem
4284 791 4496 834 meum
4542 771 4872 854 majorem,
4901 782 4955 836 et

1344 880 1635 965 ejusdem
1682 880 1988 944 servienti
2034 881 2344 945 minorem
2393 901 2608 944 meum
2655 900 2961 944 renonem
3008 879 3322 963 relinquo.
3372 878 3671 964 Dompno
3703 877 4010 965 Yosepho
4051 877 4249 964 priori
4290 878 4559 942 cultram
4594 899 4802 941 meam
4834 879 4953 964 pla-

1344 987 1604 1071 centini,
1652 987 1930 1074 dompno
1977 987 2235 1051 Ubaldo
2283 988 2558 1051 cultram
2603 1008 2813 1050 meam
2855 986 3107 1069 albam,
3154 986 3510 1072 presbitero
3566 986 3925 1072 Maynardo
3981 985 4324 1070 corrigiam
4378 1006 4588 1049 meam
4641 1007 4785 1049 cum
4839 988 4955 1050 cul-

1342 1095 1517 1177 tello,
1568 1116 1762 1180 quam
1810 1094 1967 1159 mihi
2013 1094 2190 1159 dedit
2236 1094 2532 1159 dominus
2580 1093 3145 1180 Archiepiscopus,
3178 1093 3493 1179 relinqu0.
3542 1092 3777 1159 Omnia
3824 1092 3959 1157 alia
3994 1114 4138 1157 mea
4180 1092 4553 1157 indumenta
4593 1093 4741 1156 volo
4774 1093 4955 1159 dividi

1340 1202 1509 1266 inter
1554 1202 1820 1267 clericos
1868 1203 2073 1266 sancti
2119 1201 2392 1267 Joannis
2441 1208 2504 1265 et
2551 1201 2758 1266 sancti
2804 1200 3121 1283 Victoris,
3171 1201 3436 1266 arbitrio
3502 1200 3743 1265 domiui
3788 1199 4033 1264 Prioris
4095 1207 4159 1264 et
4221 1221 4507 1264 meorum
4568 1200 4952 1266 comissario-

1342 1332 1503 1373 rum.
1555 1308 1975 1374 Comissarios
2023 1309 2216 1394 hujus
2265 1330 2404 1373 mee
2447 1308 2669 1372 ultime
2724 1308 3075 1373 voluntatis
3123 1329 3263 1372 esse
3311 1308 3459 1372 volo
3505 1307 3933 1394 presbiterum
3978 1307 4387 1371 Mainardum
4434 1314 4499 1371 et
4544 1307 4953 1393 presbiterum

1340 1417 1682 1499 Joannem,
1731 1423 1796 1481 et
1841 1417 2190 1503 dompnum
2240 1416 2697 1499 Christianum,
2747 1423 2812 1480 et
2858 1416 3207 1502 dompnum
3258 1415 3691 1479 Guizzardum
3738 1414 3817 1479 de
3864 1414 4217 1497 Farraone,
4259 1421 4324 1479 et
4370 1414 4712 1499 unicuique
4760 1414 4954 1500 predi-

1339 1533 1586 1590 ctorum
1633 1546 1922 1588 meorum
1963 1525 2545 1588 commissariorum
2592 1546 2657 1587 x.
2692 1523 2907 1588 soldos
2954 1524 3440 1587 bononenorum
3490 1522 3802 1607 relinqu0.
3850 1521 3951 1586 De
3999 1522 4149 1586 vino
4196 1530 4260 1586 et
4306 1521 4501 1585 blava
4547 1530 4612 1585 et
4658 1521 4955 1586 fructibus

1339 1633 1550 1719 campi
1595 1632 1721 1696 mei
1769 1631 1847 1696 de
1895 1630 2175 1717 Vigorso
2223 1638 2286 1695 et
2333 1630 2543 1716 campi
2591 1630 2718 1694 mei
2764 1630 2844 1694 de
2894 1629 3302 1694 Casaraltula
3357 1637 3421 1694 et
3466 1631 3653 1694 vinee
3702 1650 3842 1692 mee
3888 1628 3968 1692 ‹le
4013 1629 4138 1692 Rio
4186 1629 4332 1693 volo
4372 1628 4679 1715 perficere
4734 1628 4953 1694 librum

1338 1760 1528 1827 quem
1576 1739 1698 1804 feci
1746 1739 2028 1825 incipere
2077 1739 2160 1802 ad
2207 1738 2516 1803 honorem
2562 1737 2688 1803 Dei
2735 1744 2800 1801 et
2847 1738 3052 1801 sancti
3097 1737 3400 1819 Victoris,
3434 1744 3499 1801 et
3543 1737 3778 1800 librum
3829 1757 4019 1822 quem
4050 1736 4198 1801 volo
4231 1736 4513 1822 incipere
4546 1735 4628 1800 ad
4660 1736 4953 1801 honorem

1337 1846 1463 1911 Dei
1509 1853 1574 1910 et
1614 1845 1816 1910 sancti
1851 1844 2168 1909 Johannis
2203 1844 2267 1907 in
2299 1844 2541 1926 Monte,
2576 1843 2820 1907 scilicet
2852 1842 3428 1907 blibiathecam(¹).
3475 1842 3834 1907 Ecclesiam
3882 1843 4087 1906 sancti
4132 1841 4415 1906 Victoris
4462 1842 4617 1905 mihi
4666 1843 4955 1908 heredem

1338 1954 1601 2019 instituo
1648 1954 1715 2017 in
1762 1974 1989 2039 campo
2037 1973 2179 2016 meo
2227 1951 2306 2015 de
2353 1951 2762 2016 Casaraltula
2810 1958 2872 2014 et
2921 1950 2985 2013 in
3034 1950 3321 2036 predicto
3369 1950 3570 2033 libro,
3620 1949 3710 2013 ita
3758 1949 3928 2034 quod
3976 1970 4239 2036 campus
4294 1970 4547 2035 semper
4592 1961 4955 2035 permaneat

1337 2084 1453 2149 pro
1501 2082 1724 2125 mensa
1769 2060 2072 2124 Fratrum
2121 2058 2412 2144 ejusdem
2459 2058 2748 2122 ecclesie.
2797 2057 3158 2122 Ecclesiam
3203 2057 3407 2121 sancti
3455 2057 3727 2121 Joannis
3776 2058 3839 2120 in
3885 2056 4104 2120 Monte
4155 2057 4415 2120 instituo
4464 2056 4620 2120 mihi
4665 2056 4955 2123 heredem

1337 2170 1401 2234 in
1451 2190 1677 2254 eampo
1724 2189 1868 2231 meo
1916 2167 1995 2231 de
2041 2165 2273 2230 Viduri
2337 2173 2400 2229 et
2450 2165 2514 2229 in
2561 2166 2848 2251 pluviale
2896 2186 3023 2229 uno
3067 2172 3130 2228 et
3177 2165 3439 2228 salterio
3488 2172 3553 2228 et
3598 2164 3660 2227 iu
3709 2163 4122 2247 blibiatheca,
4169 2185 4313 2227 cum
4361 2163 4533 2228 facta
4582 2164 4796 2245 fuerit,
4846 2165 4955 2230 hoc

1336 2276 1524 2341 modo
1573 2275 1742 2361 quod
1790 2296 2055 2360 campus
2103 2294 2357 2359 semper
2403 2272 2550 2336 volo
2599 2272 2770 2358 quod
2832 2277 3208 2358 permaneat
3272 2294 3388 2357 pro
3450 2292 3673 2334 mensa
3738 2270 4207 2336 Canonicorum
4267 2270 4475 2336 sancti
4519 2270 4838 2335 Johannis
4896 2273 4953 2336 in

1335 2383 1590 2466 Monte3
1642 2383 1730 2447 ita
1778 2382 1949 2468 quod
1997 2381 2229 2467 aliquis
2274 2380 2484 2463 Prior,
2518 2381 2625 2444 vel
2671 2381 3038 2462 canonicus,
3086 2402 3202 2444 nec
3252 2380 3484 2465 aliquis
3533 2380 3720 2460 alius,
3764 2379 3872 2464 qui
3919 2379 4001 2442 sit
4049 2378 4115 2442 in
4161 2378 4463 2464 predictis
4509 2379 4818 2463 ecclesiis,
4851 2381 4956 2445 ha-

1332 2491 1484 2556 beat
1529 2497 1916 2577 potestatem
1963 2488 2284 2553 vendendi
2333 2488 2435 2552 vel
2484 2487 2814 2551 alienandi
2857 2487 3180 2573 predictos
3229 2509 3510 2572 campos,
3556 2486 3678 2549 nisi
3724 2485 3947 2550 fecerit
3995 2507 4192 2549 causa
4238 2487 4758 2572 permutacioniS,
4795 2488 4956 2573 quod

1334 2599 1656 2663 cambium
1705 2599 1788 2662 sit
1832 2597 1986 2684 ipsis
2042 2596 2329 2661 ecclesiis
2392 2595 2497 2659 vel
2560 2594 2828 2659 ecclesie
2891 2594 3142 2676 utilior3
3193 2594 3363 2679 quod
3426 2593 3747 2657 cambium
3808 2614 4060 2679 semper
4120 2592 4352 2656 debeat
4414 2614 4793 2679 permanere
4850 2618 4957 2681 pro

1332 2727 1555 2771 mensa
1601 2706 1705 2770 vel
1753 2727 1869 2791 pro
1919 2704 2154 2768 mensis
2203 2702 2638 2788 predictorum
2686 2702 3020 2784 Fratrum,
3071 2708 3139 2765 ut
3188 2723 3385 2787 supra
3431 2700 3671 2764 dictum
3720 2707 3836 2764 est.
3884 2699 3970 2764 Et
4017 2700 4278 2786 insuper
4323 2700 4581 2764 vineam
4626 2723 4840 2766 meam
4884 2703 4956 2768 de
5044 2722 5051 2729 ·

1331 2814 1457 2878 Rio
1498 2815 1644 2898 jure
1693 2811 2112 2876 institutionis
2161 2810 2453 2895 relinquo
2503 2809 2769 2873 ecclesie
2820 2809 3025 2872 sancti
3058 2808 3331 2873 Joannis
3382 2808 3444 2871 in
3490 2808 3732 2889 Monte,
3767 2807 4011 2871 scilicet
4043 2807 4511 2871 usumfructum
4544 2808 4745 2894 ipsius
4778 2810 4958 2875 vinee

1331 2922 1480 2986 volo
1530 2920 1700 3006 quod
1747 2925 2125 3006 permaneat
2173 2939 2287 3004 pro
2336 2917 2811 2981 manutenendo
2857 2916 3178 2980 laborerio
3227 2915 3509 3003 paradisi
3558 2916 3762 2979 sancti
3795 2914 4088 2998 Joannis,
4122 2921 4184 2978 et
4220 2915 4503 3000 pluviale
4536 2917 4957 2983 et·salterium

1332 3036 1397 3094 et
1440 3029 1710 3093 blibiam
1759 3027 1904 3091 volo
1954 3026 2123 3112 quod
2172 3046 2425 3112 semper
2473 3031 2895 3111 permaneant
2945 3024 3008 3087 in
3055 3023 3345 3110 predicta
3382 3023 3675 3104 ecclesia,
3710 3030 3779 3085 ut
3812 3022 4027 3087 clerici
4058 3022 4344 3107 ejusdem
4381 3023 4648 3087 ecclesie
4681 3024 4961 3091 habeant

1331 3160 1433 3202 me
1482 3137 1548 3201 in
1597 3134 2291 3200 commemorationem.
2339 3132 2761 3196 Ususructum
2809 3154 2963 3196 vero
3012 3131 3298 3195 omnium
3357 3152 3645 3194 mearum
3709 3151 3921 3193 rerum
3967 3137 4031 3193 et
4077 3130 4551 3216 possessionum
4602 3132 4661 3194 in
4716 3155 4818 3197 me
4863 3156 4957 3198 re·

1331 3267 1517 3310 servo
1574 3244 1677 3307 vel
1724 3243 1969 3306 retineo
2017 3241 2221 3305 donec
2269 3241 2492 3304 vixero
2541 3262 2657 3326 pro
2706 3238 3167 3304 benefaciendo
3215 3238 3607 3323 pauperibus
3655 3245 3719 3302 et
3765 3259 3881 3324 pro
3929 3237 4087 3301 meis
4132 3236 4560 3320 indumentis;
4594 3240 4840 3305 scilicet
4885 3242 4959 3306 de

1331 3352 1491 3416 meis
1539 3349 1752 3414 vaccis
1801 3347 2155 3433 majoribus
2203 3347 2349 3411 volo
2399 3348 2705 3433 perficere
2753 3345 3021 3409 blibiam
3070 3344 3276 3409 sancti
3322 3344 3616 3426 Joannis,
3650 3350 3715 3407 et
3761 3343 3817 3406 si
3863 3343 3942 3406 de
3990 3343 4203 3407 vaccis
4250 3364 4376 3407 non
4409 3344 4646 3429 poterit
4676 3346 4958 3431 explere,

1320 3459 1400 3524 de
1450 3458 1593 3522 aliis
1640 3456 1798 3520 meis
1848 3455 2035 3519 bonis
2082 3454 2230 3519 volo
2280 3453 2449 3540 quod
2497 3453 2873 3540 expleatur3
2910 3459 2973 3516 et
3022 3452 3331 3538 quidquid
3379 3451 3458 3515 de
3507 3452 3698 3515 rebus
3745 3451 3905 3515 meis
3952 3450 4296 3514 mobilibus
4344 3458 4408 3514 et
4453 3451 4687 3536 legatis
4735 3475 4958 3539 supra-

1320 3567 1508 3632 dictis
1556 3564 1913 3652 supererit,
1964 3563 2109 3627 volo
2158 3562 2299 3626 dari
2345 3569 2409 3625 et
2455 3561 2752 3625 distribui
2799 3583 2915 3647 pro
2964 3560 3181 3624 anima
3243 3581 3416 3641 mea,
3467 3558 3733 3623 arbitrio
3798 3558 4383 3623 commissariorum
4444 3580 4732 3623 meorum
4796 3562 4960 3625 inter

1321 3674 1627 3739 ecclesias
1689 3678 1754 3736 et
1815 3670 2183 3735 sacerdotes
2248 3690 2323 3733 ac
2389 3690 2709 3755 pauperes
2772 3667 3012 3732 Christi
3075 3674 3139 3731 et
3199 3667 3310 3731 ubi
3371 3666 3598 3730 melius
3647 3674 3713 3729 et
3758 3665 3979 3729 utilius
4026 3665 4119 3729 eis
4166 3665 4375 3729 visum
4422 3664 4636 3730 fucrit.
4689 3666 4758 3731 Si
4807 3690 4957 3733 vero

1321 3782 1554 3867 aliquis
1601 3780 1811 3862 Prior,
1863 3779 1968 3842 vel
2015 3777 2383 3859 canonicus,
2433 3777 2542 3862 qui
2586 3797 2703 3862 pro
2754 3783 3043 3861 tempore
3093 3775 3288 3838 fuerit
3335 3774 3403 3837 in
3450 3773 3755 3860 predictis
3800 3772 4125 3856 ecclesiiS,
4173 3773 4556 3836 alienaverit
4601 3775 4959 3859 predictum

1320 3911 1619 3977 campum
1668 3888 1745 3953 de
1796 3884 2206 3952 Casaraltula
2251 3883 2356 3949 vel
2403 3906 2700 3970 campum
2749 3882 2829 3947 de
2875 3882 3105 3947 Vidari
3128 3881 3205 3947 (2)
3246 3881 3349 3946 vel
3398 3880 3749 3969 pluvialem
3798 3881 3900 3945 vel
3947 3879 4229 3966 aliquem
4274 3902 4357 3944 ex
4404 3880 4707 3966 predictis
4757 3882 4956 3966 libris,

1320 4003 1430 4061 aut
1480 3996 1560 4060 dc
1620 3995 1960 4060 usufructu
2022 3992 2179 4057 mihi
2236 3998 2565 4056 reservato
2629 4012 2727 4055 me
2777 3990 3249 4073 molestaverit,
3300 3990 3517 4053 statim
3581 3988 3728 4052 volo
3788 3987 3957 4074 quod
4020 3987 4343 4074 predictas
4398 3989 4839 4074 possessiones
4895 3999 4959 4055 et

1319 4104 1520 4168 libros
1568 4112 1632 4167 et
1678 4101 2031 4188 pluvialem
2092 4108 2157 4165 et
2204 4100 2462 4164 vineam
2510 4099 2787 4163 debeant
2834 4098 3173 4184 pervenire
3223 4096 3493 4161 Alberto
3542 4096 3762 4182 nepoti
3809 4117 3952 4160 meo
3999 4103 4063 4159 et
4109 4095 4371 4160 Juliane
4419 4096 4596 4181 nepti
4644 4119 4807 4179 mee,
4858 4100 4958 4163 vel

1320 4209 1403 4274 ad
1452 4231 1676 4273 eorum
1722 4208 1980 4289 liberOS,
2016 4208 2194 4271 nulla
2242 4206 2491 4270 ratione
2539 4205 2870 4287 obstante3
2919 4209 2984 4268 et
3029 4203 3110 4267 do
3160 4204 3252 4267 eis
3299 4210 3683 4289 potestatem
3724 4202 3833 4286 jus
3879 4200 4264 4266 vendicandi
4311 4200 4554 4266 directo
4602 4210 4669 4267 et
4714 4204 4960 4268 utiliter

1321 4315 1863 4403 quemadmodum
1928 4321 1991 4378 et
2043 4336 2166 4399 ego
2214 4335 2489 4399 possem.
2538 4312 2625 4377 Et
2670 4313 2790 4376 hec
2837 4319 2933 4375 est
2979 4332 3125 4375 mea
3171 4310 3397 4375 ultima
3444 4310 3780 4390 voluntas,
3831 4330 3954 4394 que
4004 4309 4059 4372 si
4107 4329 4234 4373 non
4282 4308 4529 4373 valeret
4571 4311 4717 4395 jure
4768 4318 4962 4375 testa-

1320 4423 1541 4506 menti,
1591 4421 1808 4486 valeat
1854 4422 2068 4485 saltim
2110 4422 2260 4506 jure
2306 4420 2767 4502 codicillorum,
2816 4419 2919 4483 vel
2968 4418 3253 4504 quelibet
3272 4418 3350 4484 (3)
3370 4418 3516 4503 jure
3567 4416 3787 4481 ultime
3834 4415 4206 4480 voluntatis.

1496 4529 1997 4594 Prenominatus
2023 4528 2333 4613 magister
2355 4527 2398 4592 J
2402 4527 2640 4591 acobus
2674 4526 2753 4591 de
2779 4525 3164 4590 Brettenoro
3197 4525 3362 4589 hanc
3395 4546 3579 4588 suam
3603 4523 3896 4587 ultimam
3928 4523 4347 4606 voluntatem,
4371 4531 4441 4587 ιιι
4474 4545 4671 4610 supra
4696 4525 4957 4610 legitur,

1321 4637 1603 4702 scribere
1653 4637 1929 4722 rogavit,
1978 4641 2307 4699 reservato
2355 4634 2475 4699 sibi
2525 4634 2884 4715 usufructu,
2932 4639 3003 4696 ut
3049 4653 3246 4719 supra
3292 4632 3533 4696 dictum
3580 4639 3696 4712 est,
3744 4630 4005 4694 licentia
4051 4628 4295 4694 Prioris
4341 4637 4406 4694 et
4451 4630 4778 4694 Fratrum.

1500 4744 1727 4808 Testes
1774 4743 2091 4830 dompnus
2122 4742 2411 4828 Yoseph,
2444 4741 2635 4806 Prior
2671 4741 2879 4805 sancti
2924 4740 3228 4821 Victoris,
3262 4739 3579 4826 presbiter
3620 4736 4018 4819 MainarduS,
4054 4738 4369 4824 dompnus
4402 4736 4782 4821 Cristianus,
4818 4759 4961 4824 pre-

1321 4852 1522 4916 sbiter
1568 4851 1925 4930 Johannes,
1973 4851 2290 4936 dompnus
2337 4849 2672 4914 Johannes
2718 4848 3061 4930 Ascanius,
3110 4852 3176 4911 et
3221 4847 3536 4932 dompnus
3583 4845 3960 4927 Guidottus,
4010 4846 4297 4910 canonici
4348 4845 4553 4910 sancti
4599 4844 4958 4926 JohanniS,

1321 4967 1386 5024 et
1432 4959 1689 5024 Arditio
1738 4957 2041 5041 sindicuS,
2076 4964 2140 5021 et
2184 4956 2667 5038 Bonaventura,
2702 4963 2765 5020 et
2811 4954 3189 5019 Dominicus
3237 4954 3314 5017 de
3360 4953 3633 5017 Macena
3679 4958 3742 5016 et
3791 4951 4231 5016 Bernardinus
4279 4959 4472 5038 atque
4518 4952 4863 5016 Martinus.

1496 5067 1738 5132 Actum
1786 5067 1851 5130 in
1898 5087 2154 5131 camera
2198 5064 2444 5129 Prioris
2492 5064 2666 5151 apud
2713 5069 3007 5127 sanctum
3051 5062 3373 5127 Joannem
3420 5061 3485 5124 in
3531 5060 3772 5143 Monte,
3820 5060 4166 5124 indictione
4212 5059 4501 5146 predicta
4546 5060 4854 5124 secunda.

1501 5175 1617 5258 (L.
1652 5174 1697 5256 †
1737 5173 1831 5255 S.)
1879 5172 2534 5263 EgoyWuillielmus,
2568 5171 2734 5236 sacri
2766 5170 2993 5257 palatii
3032 5169 3340 5251 notarius,
3374 5169 3522 5232 huic
3569 5168 3790 5232 ultime
3836 5167 4154 5232 voluntati
4199 5167 4461 5232 interfui
4509 5174 4592 5251 et,
4641 5174 4713 5231 ιιι
4759 5189 4961 5255 supra

1321 5283 1576 5369 legitur,
1626 5288 1892 5367 rogatus
1940 5279 2188 5366 scripsi.

1480 6482 1552 6545 (l,
1593 6482 1623 6529 2
1664 6485 1718 6531 et
1759 6480 1812 6546 3)
1853 6479 1957 6531 Sic.
