5542 7775
1557 680 2016 732 sPEcTANmA
2074 682 2176 731 AD
2235 681 2743 732 PROFESSORES
2798 682 3018 732 Aluus
3073 682 3459 732 NOTARIAE
4169 659 4319 730 209

700 836 915 899 facere
964 844 1028 900 et
1075 858 1378 900 exercere
1447 856 1569 920 que
1632 835 1698 898 in
1763 835 1948 898 dictis
2013 836 2247 899 nostris
2306 835 2664 922 privilegiis
2727 836 3169 921 imperialibus
3232 836 3657 900 continentur.
3708 835 4200 899 Transfcrentes
4261 835 4327 897 in

700 942 910 1028 ipsum
958 950 1022 1006 et
1069 943 1136 1005 in
1184 942 1388 1006 dictos
1436 963 1586 1006 suos
1633 941 1798 1005 filios
1846 947 1911 1005 et
1952 940 2223 1005 heredes
2255 940 2622 1027 legiptimos
2656 963 2910 1006 omnem
2942 942 3251 1026 vigorem,
3285 947 3669 1027 potestatem
3703 948 3766 1006 et
3791 941 4324 1025 jurisdictionem,

697 1069 892 1132 quam
940 1047 1274 1130 habemus,
1310 1055 1374 1111 et
1407 1047 1608 1112 nostri
1653 1047 2140 1134 predecessores
2186 1047 2567 1129 habuerant,
2603 1068 2642 1110 a
2688 1046 2859 1111 dicto
2903 1054 3189 1133 tempore
3224 1048 3404 1129 citra,
3438 1054 3503 1110 et
3535 1048 3727 1111 etiam
3760 1047 3826 1110 in
3859 1048 4019 1111 alios
4053 1047 4133 1110 ad
4168 1040 4325 1132 quos

698 1162 916 1219 nostra
966 1155 1292 1219 hereditas
1338 1161 1403 1218 et
1448 1154 1792 1240 privilegia
1838 1153 1917 1218 de
1960 1155 2107 1238 jure
2154 1154 2651 1218 devolverentur
2697 1154 2956 1217 racione
3004 1154 3322 1218 dictorum
3368 1153 3855 1240 privilegiorum
3902 1162 3967 1217 et
4013 1162 4132 1218 cet.

876 1262 1041 1325 Item
1088 1262 1386 1326 volumus
1434 1260 1605 1346 quod
1651 1261 1774 1325 hoc
1821 1270 2110 1325 nostrum
2155 1262 2372 1324 valeat
2416 1262 2562 1345 jure
2609 1261 3018 1344 testamenti3
3067 1268 3131 1324 et
3200 1262 3289 1324 si‘
3310 1262 3457 1345 jure
3520 1262 3886 1325 testamenti
3932 1262 4149 1324 valere
4198 1282 4325 1325 non

694 1375 924 1454 potest,
960 1368 1175 1431 saltim
1222 1370 1443 1432 valeat
1487 1369 1632 1452 jure
1680 1368 2129 1451 codicilorum3
2164 1375 2228 1432 et
2261 1369 2314 1431 si
2355 1369 2502 1452 jure
2550 1368 2963 1432 codicilorum
3010 1368 3227 1432 valere
3268 1390 3394 1431 non
3427 1374 3657 1453 potest,
3692 1368 3905 1431 saltim
3936 1370 4152 1432 valeat
4178 1370 4325 1454 jure

695 1475 1040 1559 cujuslibet
1088 1475 1354 1539 alterius
1400 1476 1624 1539 ultime
1673 1475 2044 1557 voluntatis,
2093 1481 2157 1539 et
2205 1477 2379 1558 omnj
2428 1475 2616 1539 modo
2664 1482 2728 1538 et
2769 1476 2917 1559 jure
2965 1497 3090 1560 quo
3138 1475 3365 1539 melius
3413 1475 3492 1539 de
3534 1476 3681 1560 jure
3728 1476 3946 1540 valere
3993 1483 4224 1562 potest.

873 1583 1112 1646 Actum
1161 1582 1379 1647 Cumis
1426 1582 1493 1646 in
1541 1572 1732 1647 cursu
1777 1581 1945 1668 Ripe
1993 1582 2057 1645 in
2106 1582 2294 1647 domo
2342 1582 2573 1647 Jacobi
2606 1582 2684 1646 de
2715 1582 2954 1664 Prada,
2989 1583 3054 1645 in
3087 1603 3215 1667 qua
3245 1588 3533 1646 moratur
3567 1582 3833 1646 Gabriel
3865 1584 3975 1668 quj
4011 1583 4327 1669 presbiter

694 1690 771 1752 de
821 1688 1138 1754 Cremona
1185 1696 1487 1771 vocatur,
1536 1689 1705 1753 filius
1752 1689 2024 1753 condam
2069 1688 2348 1753 Bariseli
2394 1688 2474 1752 de
2525 1688 2870 1771 Cremona,
2919 1689 3323 1775 presentibus
3369 1689 3671 1776 Philippo
3719 1690 3990 1754 condam
4037 1690 4197 1754 Zaui
4245 1689 4323 1754 de

694 1796 901 1879 Chivi,
937 1796 1240 1860 Zuchone
1289 1796 1420 1860 filio
1469 1796 1742 1860 condam
1788 1795 2030 1859 domini
2062 1796 2294 1860 Jacobi
2339 1796 2418 1859 de
2467 1795 2762 1860 Gaidono
2810 1795 2890 1860 de
2922 1795 3270 1881 Crugnola,
3304 1796 3703 1861 Beltramino
3736 1797 3867 1861 filio
3901 1798 4172 1861 condam
4213 1796 4324 1862 do-

693 1904 848 1967 miui
897 1904 1186 1968 Somaxii
1233 1904 1312 1968 de
1363 1904 1729 1987 Castenate,
1763 1903 2038 1967 Micbele
2074 1904 2346 1986 notario,
2382 1903 2514 1968 filio
2557 1904 2829 1968 condam
2878 1903 3258 1989 Gualdrucij
3306 1903 3593 1989 Ferrarij
3642 1904 3720 1969 de
3756 1904 4078 1990 CanzagO,
4110 1905 4324 1991 Paga-

693 2012 845 2075 nolo
895 2012 1027 2075 filio
1075 2011 1348 2075 condam
1395 2011 1711 2094 Beltramj
1758 2010 2022 2093 Paterii,
2067 2011 2297 2075 Finolo
2344 2011 2475 2075 filio
2526 2011 2799 2076 condam
2844 2011 3087 2075 domini
3132 2011 3392 2075 Andree
3439 2000 3758 2097 Brugnoli
3801 2011 3880 2075 dc
3929 2012 4205 2077 Torchio
4246 2012 4324 2076 de

694 2118 1008 2199 Menasio,
1043 2118 1301 2183 domino
1351 2118 1630 2182 Ruzerio
1675 2117 2118 2201 Vizedomino,
2153 2119 2284 2181 filio
2332 2118 2604 2183 condam
2652 2118 2893 2182 domini
2939 2118 3228 2204 Romerij
3275 2117 3700 2202 Vizedomiui,
3735 2119 4031 2183 omnibus
4079 2120 4324 2184 civibus

694 2225 1005 2307 cumaniS,
1055 2232 1120 2288 et
1168 2226 1315 2289 aliis
1362 2225 1655 2312 pluribus
1704 2224 1975 2288 testibus
2021 2225 2266 2289 vocatis
2313 2232 2377 2288 et
2421 2225 2686 2310 rogatis.

870 2330 1015 2417 Ego
1063 2331 1336 2416 Egidius
1386 2331 1465 2396 de
1513 2331 1759 2395 Rubeis
1807 2331 1886 2395 de
1921 2331 2142 2396 Cassio
2177 2333 2521 2418 parmensi,
2557 2332 2843 2396 notarius
2885 2338 2948 2396 et
2980 2332 3185 2417 judex
3219 2333 3579 2397 ordinarius
3610 2332 3849 2397 domini
3883 2334 4131 2398 comitis
4163 2334 4321 2398 Ber-

692 2439 922 2502 tholoti
969 2426 1262 2525 predicti,
1314 2438 1696 2502 auctoritate
1745 2438 2082 2524 imperiali,
2124 2439 2247 2502 hiis
2295 2439 2590 2503 omnibus
2639 2438 2921 2520 interfui,
2969 2446 3033 2504 et
3077 2440 3243 2503 banc
3290 2440 3582 2503 chartam
3628 2448 3858 2525 rogatu
3907 2448 3969 2505 et
4017 2441 4096 2505 de
4144 2463 4323 2505 man-

692 2545 843 2609 dato
892 2544 1046 2609 dicti
1092 2544 1335 2609 domini
1383 2545 1633 2609 comitis
1683 2546 1908 2632 scripsi
1956 2552 2020 2608 et
2065 2545 2427 2632 publicavi,
2477 2553 2542 2610 et
2601 2546 2820 2632 plures
2883 2546 3103 2610 charte
3166 2546 3455 2630 ejusdem
3502 2548 3869 2612 testamenti
3914 2548 4052 2612 fieri
4097 2556 4324 2634 rogate

694 2659 841 2715 sunt
888 2675 1004 2738 per
1048 2674 1150 2716 me
1198 2653 1520 2717 notarium
1568 2659 1633 2716 et
1677 2674 1795 2738 per
1841 2652 2168 2716 dominum
2218 2652 2578 2716 Gerardum
2626 2653 2704 2717 de
2753 2659 2975 2718 sancto
3008 2653 3274 2718 Miniate
3308 2655 3649 2733 notarium,
3683 2654 3887 2719 filium
3918 2655 4189 2719 condam
4223 2679 4326 2721 ser

693 2757 893 2823 Junte
937 2758 1172 2823 Medici
1220 2759 1285 2821 iu
1329 2779 1458 2822 uno
1506 2767 1751 2823 tenore.

858 6662 996 6700 Tou.
1029 6662 1092 6700 11.
4103 6655 4167 6703 27
