5542 7775
2164 690 2546 741 APPENDIX
2598 688 2902 741 ALTERA

690 847 833 930 ejus
884 845 1176 933 epistole,
1211 867 1372 932 quas
1420 846 1633 910 emisit
1679 846 1746 909 in
1792 868 1903 911 eos
1949 846 2118 933 stylo
2165 845 2457 909 innume-

689 953 928 1017 rabiles
959 974 1162 1040 pene3
1197 952 1430 1039 quibus
1478 975 1686 1038 reges,
1720 953 2054 1040 pontifices
2087 960 2152 1017 et
2198 951 2460 1037 augusti

691 1082 915 1125 earum
962 1061 1297 1125 sententiis
1345 1082 1421 1124 ac
1453 1061 1775 1146 gravitate
1818 1061 1996 1143 moti,
2030 1061 2113 1124 ad
2160 1083 2228 1125 se
2278 1060 2461 1124 illum

689 1168 947 1233 trahere
996 1167 1482 1233 incredibilibus
1530 1168 1979 1232 emolumentis
2028 1168 2242 1233 conati
2288 1174 2459 1231 sunt.

691 1274 819 1339 Sed
882 1277 1024 1360 ejus
1080 1275 1334 1340 celestis
1396 1275 1651 1341 bonitas
1701 1324 2184 1341 ........
2242 1281 2460 1340 nostre

687 1382 896 1468 patrie
945 1383 1100 1447 vicit
1145 1383 1554 1469 pontificum,
1604 1405 1832 1468 regum
1895 1390 1960 1447 et
2015 1383 2274 1468 augusti
2320 1403 2458 1445 mu-

689 1511 867 1555 nera.
901 1490 1136 1555 Maluit
1182 1490 1384 1555 ferme
1432 1491 1557 1556 dici
1591 1491 2033 1557 Cancellarius
2080 1490 2459 1555 florentinus

685 1598 805 1661 sub
868 1597 1161 1662 modesta
1225 1598 1507 1684 quadam
1562 1598 1990 1663 delectatione
2053 1619 2199 1663 cum
2247 1597 2460 1661 erudi-

689 1705 935 1768 tissimo
1002 1712 1195 1791 atque
1251 1704 1469 1770 divino
1524 1705 1739 1770 animo
1788 1705 2034 1770 civibus
2080 1705 2458 1785 florentinis,

626 1853 630 1857 Δ
684 1812 886 1877 veluti
937 1861 1475 1877 .........
1534 1813 2052 1898 supradictarum
2114 1813 2457 1895 virtutum,

685 1968 1505 1984 .............
1565 1942 1759 2006 quam
1810 1921 1877 1984 in
1938 1919 2455 2007 pontificalibus,

684 2028 820 2090 sive
869 2026 1320 2111 augustalibus
1367 2029 1547 2092 atriis
1609 2050 1751 2092 cum
1802 2029 2107 2092 clientum
2155 2028 2453 2112 catervis,

687 2159 833 2202 cum
880 2137 1128 2222 ingenti
1175 2137 1559 2202 auctoritate
1598 2159 1946 2224 pomposus
1979 2140 2282 2225 conspici.
2315 2138 2454 2204 Nec

679 2245 913 2308 mirum
960 2250 1077 2327 est,
1113 2244 1350 2331 quippe
1392 2244 1693 2309 Colucius
1736 2267 1984 2309 morum
2033 2267 2108 2310 ac
2140 2246 2453 2310 virtutum

680 2352 863 2415 fenix
908 2352 974 2415 in
1030 2359 1165 2416 toto
1229 2351 1418 2435 orbe,
1468 2351 1818 2417 nobilitans
1874 2374 2001 2418 non
2064 2355 2275 2419 solum
2336 2375 2450 2440 pa-

676 2461 874 2523 triam
931 2459 1044 2523 sed
1088 2458 1421 2545 Europam
1468 2480 1743 2542 omnem,
1778 2481 1921 2525 cum
1956 2482 2085 2524 non
2126 2461 2315 2524 modo
2350 2483 2449 2525 re·

677 2574 1025 2653 presentet,
1060 2566 1173 2630 sed
1220 2566 1417 2630 etiam
1464 2566 1739 2632 excedat
1778 2568 2043 2654 ingenia
2074 2575 2453 2632 cunctorum

683 2679 977 2738 veterum
1023 2680 1381 2759 poetarum.
1415 2673 1566 2760 Ipse
1601 2673 1772 2738 enim
1805 2676 2021 2739 omnia
2053 2675 2309 2740 dicendi
2340 2698 2452 2762 ge·

686 2803 843 2846 nera
891 2782 1183 2867 prosaice
1240 2789 1304 2846 et
1349 2782 1613 2847 metrice
1662 2783 1836 2846 solus
1883 2783 2063 2847 novit
2094 2805 2235 2847 cum
2272 2790 2455 2848 tanta

680 2889 976 2953 ubertate
1035 2889 1357 2971 doctrine,
1408 2889 1581 2974 quod
1626 2890 1876 2954 nescias
1924 2897 2139 2955 utrum
2186 2892 2452 2977 profun-

682 2996 824 3059 dius
872 3018 956 3059 au
1006 2996 1295 3061 ornatius
1344 2996 1610 3082 expleat
1656 3019 1844 3061 omne
1893 3019 2073 3084 opus.
2137 2999 2219 3062 Ei
2265 2999 2450 3062 fami-

680 3104 1023 3167 liarissime
1071 3111 1222 3167 sunt
1251 3103 1519 3168 historie
1553 3126 2103 3190 quarumcumque
2137 3107 2448 3191 gentium,

680 3217 956 3297 suntque
1006 3212 1066 3275 ei
1113 3232 1339 3275 sensus
1385 3211 1757 3276 fabularum
1802 3212 2136 3277 notissimi.
2169 3213 2257 3278 Et
2302 3214 2448 3279 bre-

678 3320 844 3384 viter
891 3320 1201 3406 quidquid
1250 3368 1666 3385 .......
1734 3343 2065 3385 sacrarum
2114 3323 2449 3387 literarum

666 3427 843 3511 jacet
884 3428 949 3490 in
985 3427 1253 3512 gremio,
1287 3427 1410 3491 sibi
1451 3435 1747 3514 apertum
1794 3435 1910 3492 est.
1955 3428 2156 3522 Lege,
2191 3430 2244 3494 si
2276 3432 2446 3495 hesi-

683 3543 805 3617 tas,
840 3535 1255 3599 scientiarum
1286 3535 1632 3620 gurgitem,
1659 3556 1773 3598 seu
1799 3536 2083 3600 abissum
2116 3538 2447 3624 appellare

678 3642 904 3724 mavis,
948 3642 1192 3705 librum
1238 3643 1400 3726 ejus,
1436 3663 1627 3727 quem
1677 3691 2093 3708 .......
2143 3645 2221 3710 de
2269 3646 2447 3711 labo-

673 3750 852 3813 ribus
900 3749 1204 3813 Herculis
1252 3749 1643 3835 quotidianis
1689 3756 1866 3814 tenet
1913 3759 2017 3816 etc.
2050 3751 2267 3837 Legas
2314 3753 2444 3818 ele·-

676 3857 1126 3944 gantissimum
1174 3857 1413 3922 librum
1459 3858 1677 3942 illum,
1728 3879 1918 3945 quem
1965 3859 2044 3924 de
2091 3861 2442 3948 religione,

674 3974 868 4051 atque
916 3966 1075 4049 fuga
1122 3966 1322 4030 seculi
1369 3966 1488 4030 sub
1528 3966 1714 4032 titulo
1765 3966 2171 4053 Hyeronimi,
2206 3971 2444 4034 camal-

671 4072 959 4137 dulensis
1008 4072 1270 4138 Ordinis
1318 4073 1678 4157 Generalis,
1713 4074 1933 4140 edidit.
1972 4075 2188 4162 Legas
2230 4078 2444 4142 eroica

679 4187 884 4245 metra
930 4180 1008 4244 de
1055 4180 1228 4245 bello
1275 4180 1446 4244 Pirri
1476 4181 1700 4245 habito
1733 4203 1879 4246 cum
1910 4183 2256 4248 Romanis:
2291 4191 2445 4251 tunc

679 4288 873 4371 dices,
923 4287 1095 4373 quod
1141 4288 1322 4374 prius
1370 4287 1449 4352 de
1496 4288 1766 4353 Marone
1811 4289 1990 4355 Naso
2037 4287 2322 4356 dixerat:

908 4456 1107 4509 Omnia
1144 4456 1326 4509 divino
1363 4459 1688 4510 monstravit
1724 4460 1966 4512 carmine
2005 4458 2207 4513 Vates:

675 4616 740 4673 et
784 4630 887 4691 ne,
922 4631 1068 4673 cum
1106 4609 1312 4672 multa
1356 4608 1604 4693 dixero,
1651 4609 1842 4696 plura
1887 4610 1967 4675 de
2015 4611 2147 4675 suis
2197 4613 2440 4678 meritis

673 4723 1058 4803 preteream,
1090 4717 1211 4781 hec
1257 4717 1341 4780 sit
1386 4739 1637 4781 summa
1684 4719 1969 4783 omnium
2001 4718 2438 4785 dicendorum.

676 4824 968 4889 Oolutius
1004 4806 1292 4910 'Pyerius
1339 4846 1484 4889 mea
1516 4828 1837 4891 sententia
1868 4827 2042 4892 solus
2076 4838 2173 4893 est
2204 4850 2440 4895 arcane

675 4940 904 4997 nature
951 4932 1283 5015 conscius,
1333 4934 1443 5018 qui
1512 4933 1733 4998 divina
1792 4935 1968 5000 solus
2030 4943 2095 5000 et
2152 4937 2439 5001 humana

675 5040 1017 5126 complecti
1087 5040 1324 5123 animo,
1371 5046 1436 5104 et
1505 5041 1721 5127 eloqui
1790 5042 1938 5107 stilo
2006 5045 2210 5129 possit
2275 5045 2438 5110 adeo

672 5148 1107 5212 exuberanter
1158 5153 1231 5210 ut
1277 5168 1497 5211 omnes
1544 5147 1842 5213 laudatos
1889 5156 2140 5214 veteres
2183 5158 2438 5216 antece·

671 5257 784 5321 dat
832 5304 1381 5321 .........
1432 5255 1713 5321 Additur
1761 5280 2011 5322 summa
2043 5259 2223 5344 fides,
2256 5261 2438 5325 beni-

673 5365 885 5450 gnitas
932 5362 1327 5428 incredibilis
1368 5370 1433 5428 et
1463 5363 1780 5429 modestia
1826 5367 2212 5451 singularis3
2248 5375 2331 5450 et,
2366 5375 2439 5433 ut
2490 5443 2496 5449 ⁸

672 5471 1072 5554 concludam,
1122 5477 1339 5535 cetera
1399 5471 1819 5536 humanitatis
1882 5473 2081 5537 offitia
2142 5496 2340 5560 penes
2386 5476 2437 5539 i·

670 5601 855 5665 psum
905 5601 1107 5643 unum
1152 5585 1322 5662 sunt,
1370 5587 1436 5644 et
1482 5579 1795 5665 quidquid
1840 5580 2079 5645 dixerit
2125 5582 2350 5647 credas
2397 5605 2438 5648 a

672 5686 891 5753 divino
925 5686 1101 5750 fonte
1134 5686 1412 5750 relatum
1444 5708 1606 5770 esse,
1641 5687 1945 5772 quoniam
1986 5690 2249 5754 oracula
2282 5690 2436 5755 Del-

670 5794 814 5880 phis
861 5801 1146 5877 cessant,
1196 5802 1261 5859 et
1308 5815 1347 5858 a
1393 5816 1655 5860 nemore
1721 5795 2013 5862 dodoneo
2060 5799 2436 5884 prophetice

670 5903 887 5967 abiere
934 5902 1230 5967 columbe
1278 5951 1629 5968 ......
1676 5903 1813 5968 Nec
1860 5912 1923 5968 te
1969 5911 2042 5969 ut
2088 5905 2293 5991 pictor
2337 5906 2436 5969 fa-

667 6010 926 6075 bulator
971 6010 1256 6074 verbulis
1304 6010 1463 6074 meis
1511 6010 1742 6095 laudo,
1794 6034 1985 6097 quem
2039 6013 2435 6077 incredibilis

668 6118 984 6204 sapientie
1032 6127 1139 6182 tue
1188 6117 1440 6182 abissus
1485 6118 1730 6201 laudat,
1763 6119 2055 6205 predicat
2095 6126 2208 6183 tua
2252 6120 2434 6185 boni-

669 6234 789 6307 tas,
824 6225 1194 6310 eloquentia
1239 6232 1433 6310 atque
1481 6227 1717 6290 caritas
1766 6227 1831 6289 in
1870 6227 2127 6291 mortali
2174 6227 2434 6292 homine

670 6353 796 6397 non
837 6332 1158 6396 credenda
1190 6339 1295 6397 etc.
1332 6332 1537 6398 Crede
1570 6355 1801 6420 nempe
1832 6333 2012 6419 mihi,
2047 6335 2236 6400 crede
2283 6357 2435 6400 can-

668 6439 983 6503 tatissime
1030 6438 1130 6502 vir
1161 6439 1455 6524 insigniS,
1490 6440 1661 6525 quod
1695 6441 1989 6526 quamvis
2021 6464 2192 6507 nunc
2223 6443 2436 6507 clarus

669 6548 733 6611 in
782 6547 935 6612 orbe
984 6546 1093 6630 siS,
1141 6547 1322 6611 vives
1368 6552 1587 6612 tamen
1635 6548 1956 6634 gloriosus
2004 6551 2068 6614 in
2116 6551 2434 6637 sepulcro,

4198 668 4346 741 299

2711 844 2995 910 DANTES
3057 850 3155 910 est
3209 847 3539 933 proprium
3609 853 3675 911 et
3742 847 4052 911 usitatum
4120 869 4355 913 nomen

2588 951 2925 1034 cujusdam
2972 959 3197 1038 poete,
3246 953 3614 1041 philosophi
3660 959 3726 1019 et
3781 954 4068 1041 theologi
4124 956 4356 1021 floren·

2587 1057 2725 1122 tini.
2771 1057 2906 1123 Ubi
2950 1066 3124 1143 nota,
3160 1061 3330 1146 quod
3378 1062 3444 1124 in
3493 1061 3669 1126 fonte
3716 1063 3883 1126 sacri
3929 1063 4171 1128 lavacri
4222 1065 4356 1130 Du-

2588 1171 2773 1230 rante
2822 1165 2946 1230 fuit
2991 1166 3113 1230 sibi
3154 1188 3387 1233 nomen
3420 1169 3811 1256 impositum.
3849 1170 3976 1235 Sed
4008 1171 4355 1236 blanditia·

2588 1293 2731 1335 rum
2777 1273 3021 1338 alludio
3069 1275 3422 1340 secundum
3454 1277 3865 1342 florentinum
3897 1280 4115 1363 ritum,
4149 1282 4355 1346 sinco-

2586 1387 2739 1467 pato
2783 1383 3060 1465 nomine,
3093 1383 3344 1449 Dantes
3376 1393 3643 1450 vocatus
3676 1395 3775 1452 est
3823 1437 4172 1455 ......
4225 1389 4351 1454 Sed

2587 1487 2972 1574 incipiamus
3020 1511 3059 1554 a
3104 1491 3472 1578 primordiis
3520 1502 3625 1558 etc.

2711 1701 3000 1769 IPocaAs
3047 1714 3151 1770 etc.

2709 1918 3004 1984 Tandem
3027 1922 3204 1985 venit
3235 1921 3548 1987 mirabilis
3576 1923 3923 1990 GALENUS.
3951 1925 4150 1992 Venit
4175 1927 4353 1993 dein-

2578 2024 2658 2089 de
2702 2025 2910 2092 RAs1s
2959 2077 3239 2093 .....
3304 2029 3536 2096 deinde
3584 2032 3950 2099 AvrcENNA
4003 2042 4109 2100 etc.
4158 2043 4222 2100 et
4276 2043 4349 2102 ut

2584 2133 2668 2196 ad
2714 2133 2978 2200 Italicos
3025 2138 3317 2222 veniam,
3367 2138 3477 2225 qui
3522 2141 3687 2204 mira
3745 2141 4101 2208 subtilitate
4150 2164 4349 2231 opera

2580 2239 2908 2326 liquerunt
2954 2244 3020 2308 in
3066 2244 3334 2331 phisica,
3370 2247 3612 2333 primus
3660 2250 3982 2334 glossator
4024 2249 4351 2317 TADDEUS

2576 2346 3088 2435 Fnommmmns,
3137 2353 3323 2437 cujus
3370 2354 3582 2419 adhuc
3613 2357 3852 2442 scripta
3885 2366 4034 2422 sunt
4065 2359 4346 2424 maxime

2578 2457 3018 2541 auetoritatis3
3081 2481 3207 2523 non
3273 2462 3440 2546 quod
3512 2470 3661 2527 ante
3731 2485 3951 2528 omnes
4024 2469 4351 2552 aperuerit

2579 2563 2897 2630 medicine
2946 2573 3182 2650 textus,
3228 2568 3341 2632 sed
3377 2570 3681 2654 quoniam
3727 2571 4019 2636 veritatis
4069 2582 4350 2639 assertor

2579 2671 2987 2737 felicissimus
3035 2680 3353 2740 teneatur.

2703 2888 2857 2952 Fuit
2917 2890 3113 2953 etiam
3174 2890 3397 2955 Dmus
3457 2911 3549 2955 DE
3607 2890 3868 2975 GARBO,
3919 2915 4108 2979 quem
4169 2896 4382 2959 miris·

2577 2996 2882 3061 laudibus
2928 2998 3183 3062 extollit
3237 2998 3625 3082 MusAcTus,
3660 3008 3852 3086 poeta
3900 3002 4185 3087 tragicus
4230 3025 4346 3090 pa-

2578 3104 2908 3168 ctavinus:
2956 3113 3020 3169 et
3081 3106 3279 3169 etiam
3343 3107 3478 3193 ipse
3536 3108 4072 3173 commendabilia
4141 3112 4347 3175 multa

2576 3213 2869 3298 scripsit,
2917 3220 3109 3299 prout
3155 3214 3342 3300 posui
3393 3215 3454 3279 in
3505 3215 3731 3280 eodem
3781 3216 3946 3282 libro
3991 3218 4189 3301 VII.,
4228 3219 4343 3284 cfr.

2575 3318 2824 3384 D1NUS.

2698 3535 2894 3599 Hunc
2941 3556 3068 3599 non
3115 3535 3419 3600 inferiore
3466 3537 3643 3607 fama
3690 3559 3807 3603 nec
3855 3538 4115 3625 ingenio
4156 3563 4336 3605 seeu-

2571 3649 2675 3706 tus
2732 3649 2831 3706 est
2898 3642 3067 3706 filius
3116 3642 3426 3728 THOMAS,
3474 3653 3547 3709 ut
3591 3646 3818 3731 scripsi
3864 3646 4091 3712 eodem
4136 3649 4333 3732 libro;

2572 3748 2689 3814 cfr.
2738 3749 3050 3814 Tuoms.

2695 3963 2834 4028 Nec
2892 3986 3094 4050 parve
3141 3965 3346 4051 glorie
3394 3965 3518 4030 fuit
3565 3966 3898 4034 Gannms
3943 3989 4035 4034 DE
4079 3970 4336 4036 FULGI-

2567 4091 2726 4156 ΝΕΟ,
2761 4073 2869 4158 qui
2903 4074 3108 4137 multa
3145 4074 3402 4160 copiose
3449 4074 3587 4139 sine
3635 4076 4009 4142 subtilitatis
4058 4079 4336 4143 admira-

2569 4179 2745 4244 tione
2794 4181 3173 4267 composuit.

2691 4393 2780 4458 Et
2818 4401 2891 4459 ut
2921 4397 3103 4461 vivos
3136 4398 3448 4479 omittam,
3484 4419 3643 4483 quos
3675 4397 3864 4463 video
3904 4398 4080 4463 fama
4126 4400 4335 4466 claros

2567 4506 2633 4566 et
2677 4502 2932 4589 scriptis
2973 4504 3111 4568 sine
3143 4504 3339 4569 dubio
3373 4505 3814 4588 celebrandos,
3850 4505 3972 4571 fuit
4005 4506 4336 4573 011318Το-

2566 4626 2836 4675 PROBUS
2880 4629 2973 4674 DE
3017 4610 3367 4676 Honnsms
3413 4611 3493 4675 de
3540 4611 3858 4696 Bononia,
3893 4613 4016 4679 fuit
4047 4622 4112 4679 et
4144 4616 4335 4680 MAR-

2565 4733 2785 4781 81121118
2831 4718 3247 4803 pactavinus,
3296 4717 3407 4804 qui
3463 4719 3952 4786 universalitate
4007 4743 4224 4786 rerum
4271 4731 4337 4787 et

2567 4824 2838 4889 scientia
2885 4825 3139 4890 claruit.

2693 5039 3009 5105 Omnibus
3072 5049 3289 5106 tamen
3350 5043 3871 5129 anteponendum
3930 5066 4160 5111 censeo
4205 5046 4335 5112 Pn-

2565 5169 2761 5214 ·rRUM
2806 5169 2898 5214 DE
2944 5149 3243 5214 HEBANO
3281 5152 3717 5236 pactavinum,
3752 5151 3863 5238 qui
3895 5154 4177 5219 maxime
4212 5157 4335 5220 uti·

2562 5256 2763 5321 litatis
2810 5257 3047 5322 librum
3094 5257 3295 5322 edidit
3332 5259 3399 5322 in
3446 5259 3785 5343 medicina,
3833 5261 4017 5345 cujus
4068 5262 4331 5329 titulus:

2570 5364 3001 5432 Conciliatores
3045 5375 3148 5433 etc.
3199 5367 3327 5442 Qui
3389 5368 3587 5432 etiam
3647 5368 4004 5434 declaravit
4065 5369 4335 5436 Proble-

2562 5480 2741 5537 mata
2810 5474 3202 5539 Aristotelis.
3255 5474 3528 5562 Scripsit
3588 5475 3667 5540 de
3728 5477 4030 5560 venenis,
4079 5484 4145 5542 et
4204 5480 4336 5544 alia

2563 5581 2770 5646 multa
2816 5580 2988 5664 fecit,
3023 5580 3184 5646 adeo
3217 5581 3502 5668 perfecte
3536 5583 3752 5647 omnia
3791 5583 3963 5669 quod
4009 5584 4200 5650 facile
4236 5587 4330 5650 in-

2562 5695 2664 5754 ter
2707 5689 2991 5754 medicos
3035 5689 3373 5776 europicos
3411 5689 3577 5754 alius
3610 5690 3845 5756 clarior
3877 5713 4006 5757 non
4036 5692 4332 5758 habetur.

2685 5902 2825 5967 Nec
2872 5901 3073 5966 multo
3120 5903 3321 5988 prius,
3355 5903 3409 5967 si
3450 5903 3510 5968 ei
3556 5926 3686 5969 non
3733 5904 3856 5968 fuit
3888 5914 4334 5992 contempora·

2562 6031 2743 6093 neus,
2781 6010 3222 6076 Gmmnmms
3269 6031 3361 6076 nn
3407 6012 3826 6095 PnAan'rm,
3878 6004 4134 6078 nomine
4181 6015 4333 6078 Pla-

2563 6117 2763 6201 cidus,
2813 6118 2880 6181 in
2927 6118 3215 6183 theorica
3275 6124 3340 6183 et
3404 6121 3692 6205 practica
3739 6120 4095 6204 medicina,
4143 6130 4336 6208 prout

2559 6225 2762 6311 ipsius
2817 6226 3200 6290 Gulielmina
3243 6225 3666 6292 demonstrat.

2684 6332 3008 6397 Extinctis
3047 6332 3149 6396 his
3180 6332 3533 6398 luminibus
3565 6334 3901 6419 medicine,
3934 6336 4061 6400 heu
4095 6336 4177 6400 ad
4209 6337 4333 6402 hoc

2561 6439 2858 6504 venimus
2906 6440 2971 6503 in
3018 6440 3305 6525 presenti
3349 6448 3421 6505 ut
3471 6442 3848 6528 cuicumque
3891 6442 4037 6507 rudi
4084 6465 4153 6508 se
4199 6465 4332 6507 me·

2563 6547 2778 6611 dicum
2822 6547 3150 6634 profitenti
3196 6547 3580 6632 subjiciatur
3626 6550 4066 6636 unusquisque
4114 6559 4217 6615 etc.
