5542 7775
1581 676 2041 726 SPEOTANTIA
2101 677 2202 726 AD
2261 675 2769 726 Pnornssonns
2826 676 3037 727 1111118
3094 675 3446 726 CANomct
4177 654 4321 725 199

693 831 1116 894 commissarii
1164 830 1264 893 sui
1310 831 1708 894 voluntatem
1757 851 1873 915 pro
1922 830 2138 893 anima
2185 851 2322 893 sua.
2369 829 2454 893 Et
2503 851 2688 894 omne
2738 829 2913 893 aliud
2960 835 3414 893 testamentum
3460 829 3564 892 vel
3604 828 3896 892 ultimam
3928 829 4325 893 voluntatem

694 938 796 1001 hic
844 945 1016 1001 retro
1064 938 1146 1000 ab
1196 959 1272 1001 eo
1330 937 1575 1001 factum
1621 937 1725 1001 vel
1787 937 2026 1000 factam
2089 943 2300 1000 cassat
2347 945 2411 1000 et
2457 937 2666 1001 irritat
2713 944 2778 1000 et
2825 936 3065 999 nullius
3110 936 3347 999 valoris
3395 936 3650 1022 penitus
3715 957 3855 999 esso
3910 937 4149 1017 voluit,
4199 957 4324 999 non

696 1045 1099 1108 obstantibus
1148 1044 1471 1130 aliquibus
1520 1044 1734 1108 verbis
1801 1044 2226 1128 derogatoriis
2274 1045 2337 1107 in
2389 1044 2524 1130 ipso
2586 1050 2968 1107 testamento
3014 1044 3118 1107 vel
3166 1044 3231 1106 in
3279 1043 3495 1128 aliqua
3544 1043 3673 1106 alia
3720 1042 3945 1107 ultima
3994 1042 4325 1107 voluntate

694 1152 1030 1234 contentis,
1079 1152 1158 1214 de
1208 1151 1439 1236 quibus
1488 1158 1782 1237 oporteat
1831 1173 2204 1237 expressam
2251 1151 2390 1214 fieri
2435 1152 2846 1233 mentionem,
2883 1151 3034 1236 quia
3073 1151 3151 1213 de
3199 1150 3299 1214 his
3345 1150 3560 1214 verbis
3609 1150 4072 1215 reminiscendo
4114 1172 4181 1213 se
4214 1172 4324 1236 pe-

695 1259 853 1322 nitet
910 1266 974 1322 et
1021 1280 1098 1321 ea
1148 1259 1404 1322 omnino
1453 1266 1714 1323 revocat
1759 1267 1823 1322 et
1871 1266 2081 1322 cassat
2140 1266 2205 1322 et
2253 1257 2494 1322 nullam
2544 1258 2682 1322 vult
2729 1259 2927 1322 verba
2983 1259 3095 1321 illa
3160 1258 3568 1344 derogatoria
3630 1258 3997 1322 firmitatem
4063 1258 4323 1323 habere.

691 1364 776 1428 Et
825 1366 941 1430 hec
991 1366 1217 1429 ultima
1266 1386 1384 1428 sua
1429 1366 1759 1446 voluntaS,
1796 1386 1990 1450 quam
2039 1366 2255 1429 valere
2303 1365 2507 1429 voluit
2548 1366 2694 1449 jure
2742 1365 3107 1429 testamenti
3156 1366 3259 1429 vel
3325 1365 3539 1428 saltim
3582 1366 3729 1449 jure
3778 1365 4216 1428 codicillorum
4263 1374 4325 1429 et

693 1473 1037 1556 cujuslibet
1085 1473 1350 1536 alterius
1399 1472 1623 1536 ultime
1671 1472 2025 1536 voluntatis
2076 1472 2245 1557 quod
2293 1472 2522 1536 melius
2571 1472 2788 1535 valere
2836 1479 2900 1535 et
2946 1480 3163 1536 tenere
3211 1479 3441 1558 potest.
3475 1471 3562 1536 Et
3599 1471 3797 1536 voluit
3842 1472 4083 1536 dictum
4129 1480 4324 1536 testa·

693 1590 977 1644 mentum
1024 1602 1230 1663 suum,
1267 1580 1401 1643 sive
1450 1579 1742 1642 ultimam
1787 1578 2189 1643 volunt-atem
2236 1601 2376 1643 esse
2424 1586 2760 1661 secretam,
2796 1586 2860 1643 et
2906 1578 3140 1664 deponi
3185 1586 3251 1642 et
3298 1579 3666 1665 consignari
3713 1579 3774 1642 in
3825 1579 4117 1643 sacristia
4164 1579 4323 1643 Fra-

693 1696 863 1751 trum
910 1687 1400 1751 Predicatorum
1447 1687 1527 1750 de
1573 1686 1889 1769 Bononia,
1925 1694 1990 1751 et
2036 1686 2310 1771 sigillari
2356 1686 2570 1772 sigillo
2618 1687 2818 1773 ipsius
2867 1693 3239 1750 conventus.
3285 1686 3445 1750 Post
3489 1686 3780 1772 predicta
3825 1687 4039 1750 omnia
4086 1694 4150 1750 et
4195 1688 4324 1750 sin-

693 1795 848 1880 gula
896 1795 1049 1859 item
1096 1794 1528 1881 superaddere
1576 1793 1781 1858 voluit
1816 1793 1986 1878 quod
2035 1793 2250 1857 nullus
2297 1800 2648 1857 conventus
2688 1793 2793 1856 vel
2840 1814 3115 1879 persona
3158 1793 3620 1875 conventualis,
3654 1814 3862 1878 neque
3893 1792 4323 1879 Hospitalarij

691 1902 795 1964 vel
842 1901 1196 1987 Templarij
1235 1902 1296 1965 in
1331 1901 1651 1966 communi
1698 1901 1796 1964 sui
1847 1900 2130 1983 Ordinis,
2163 1901 2269 1964 vel
2303 1900 2369 1963 in
2402 1901 2626 1986 spetie,
2659 1921 2868 1985 neque
2904 1899 3285 1964 Cruciferati
3318 1921 3433 1964 seu
3466 1899 3731 1964 alterius
3764 1900 4045 1984 Ordinis,
4079 1902 4326 1986 possint

692 2016 910 2095 petere
959 2010 1063 2072 vel
1111 2008 1352 2072 habere
1401 2009 1479 2072 de
1527 2008 1713 2072 bonis
1759 2007 2030 2093 predicti
2078 2006 2318 2071 domini
2363 2007 2563 2089 Petri,
2597 2007 2932 2071 occasione
2979 2007 3265 2072 clausule
3298 2007 3645 2094 superioris
3691 2008 3757 2071 in
3800 2029 3929 2094 qua
3961 2008 4324 2072 continetur

691 2126 754 2180 et
803 2116 1210 2180 continentur
1258 2115 1427 2202 quod
1478 2115 1753 2179 instituit
1799 2136 2115 2201 pauperes
2166 2114 2401 2179 Christi
2450 2115 2718 2179 heredes
2765 2136 2916 2178 suos
2964 2137 3107 2178 cum
3156 2114 3435 2199 quadam
3491 2115 4023 2179 determinatione
4085 2116 4324 2180 ibidem

691 2245 1020 2310 expressa,
1070 2231 1168 2287 set
1215 2224 1354 2287 vult
1402 2223 1547 2287 illos
1594 2244 1913 2309 pauperes
1961 2244 2101 2286 esse
2149 2222 2419 2286 heredes
2476 2243 2634 2308 quos
2682 2223 2890 2287 (1101118
2938 2223 3412 2286 commissarius
3458 2244 3611 2286 suus
3652 2223 4041 2307 judicaverit
4080 2225 4324 2310 eligen-

690 2331 826 2411 dos,
862 2338 925 2394 et
971 2330 1092 2394 hoc
1141 2352 1257 2394 suo
1306 2330 1574 2394 arbitrio
1622 2329 1927 2416 reliquid,
1963 2338 2026 2393 et
2074 2351 2202 2393 non
2250 2330 2411 2392 alios
2460 2328 2582 2393 nisi
2629 2330 2799 2415 quod
2848 2330 2983 2415 ipse
3031 2330 3504 2394 commissarius
3546 2330 3935 2415 judicaverit
3981 2352 4120 2396 esse
4166 2354 4323 2418 pau-

690 2459 876 2525 peres
923 2436 1181 2501 Christi.

863 2544 1006 2629 Ego
1056 2544 1258 2608 frater
1306 2543 1639 2608 Johannes
1688 2544 1766 2607 de
1813 2543 2076 2627 Rochis,
2110 2542 2372 2608 Ordinis
2419 2543 2722 2607 Fratrum
2768 2543 3276 2626 Predicatorum,
3312 2544 3616 2608 mandato
3662 2544 3816 2608 dicti
3863 2545 4104 2610 domini
4144 2546 4324 2611 Petri

691 2651 952 2737 Capreti
999 2650 1345 2733 testatoris,
1395 2659 1658 2737 propter
1704 2649 2103 2736 corporalem
2150 2649 2582 2735 egritudinem
2628 2650 2907 2714 scribere
2962 2650 3280 2737 impediti,
3328 2651 3450 2716 1100
3499 2653 3640 2735 ejus
3687 2659 4142 2716 testamentum
4189 2659 4323 2717 tam

689 2759 959 2822 heredes
1007 2758 1474 2823 institutionem
1521 2779 1716 2844 quam
1762 2765 1978 2822 cetera
2024 2758 2091 2821 in
2140 2779 2216 2822 eo
2265 2766 2566 2822 contenta
2612 2779 2727 2822 suo
2775 2757 3078 2822 mandato
3126 2781 3227 2822 me
3277 2757 3587 2845 [propria]
3637 2780 3831 2824 manu
3872 2760 4117 2846 scripsi,
4153 2768 4216 2824 et
4248 2783 4323 2826 eo

693 2850 1328 2951 postea-presentem
1376 2865 1684 2951 paginam
1731 2865 2021 2929 clausam
2069 2872 2134 2928 et
2184 2864 2451 2949 ligatam
2500 2865 2563 2928 in
2612 2865 2887 2950 scriptis,
2931 2865 3203 2928 testibus
3251 2865 3675 2951 infrascriptis
3724 2866 3806 2930 ab
3854 2888 3929 2931 eo
3977 2868 4221 2931 vocatis
4269 2875 4332 2932 01

694 2973 935 3057 1030118
985 2972 1280 3036 omnibus
1329 2972 1520 3036 simul
1567 2972 1996 3059 presentibus,
2047 2972 2355 3036 offerente
2404 2980 2469 3035 et
2516 2978 2845 3035 asserente
2892 2971 2957 3034 id
3004 2972 3173 3058 quod
3229 2972 3294 3035 in
3350 2994 3428 3036 ea
3485 2973 3848 3037 continetur
3900 2995 4089 3037 suum
4136 2982 4328 3039 testa·

692 3090 976 3143 mentum
1027 3101 1167 3143 esse
1216 3101 1255 3142 a
1302 3101 1404 3143 me
1448 3080 1781 3165 scriptum,
1816 3086 2180 3165 presentem
2229 3077 2814 3164 subscriptio[nem]
2860 3078 2998 3143 vice
3046 3087 3110 3142 et
3156 3079 3412 3143 nomine
3459 3101 3576 3143 suo
3609 3086 3673 3143 et
3705 3080 3845 3163 ejus
3878 3081 4183 3146 mandato
4216 3104 4330 3168 ap-

691 3188 898 3272 posui,
933 3195 996 3250 et
1043 3187 1104 3249 in
1154 3187 1598 3250 testimonium
1643 3208 1745 3250 me
1793 3187 2164 3273 subscripsi,
2198 3194 2263 3250 et
2309 3186 2594 3270 sigillum
2641 3207 2787 3250 cum
2834 3187 3018 3271 signo
3060 3187 3350 3272 Virginis
3396 3187 3601 3251 Marie
3635 3209 3779 3251 cum
3812 3187 4001 3271 Filio,
4036 3192 4326 3275 apposui,

687 3294 807 3358 sub
856 3315 1024 3358 anno
1073 3294 1336 3358 Domini
1385 3294 1855 3379 M.cc.lxxxij.,
1904 3294 2251 3357 indictione
2300 3294 2544 3379 quinta,
2593 3293 2695 3358 die
2741 3294 2855 3378 vij.
2898 3293 3066 3377 julii.

865 3402 1007 3487 Ego
1058 3403 1260 3465 frater
1308 3401 1696 3465 Brandanus
1743 3401 1822 3464 de
1873 3400 2115 3465 Ordine
2162 3400 2465 3464 Fratrum
2512 3400 3001 3464 Prodicatorum
3049 3422 3312 3488 presens
3361 3401 3456 3465 1111
3503 3401 3758 3487 quando
3806 3403 4012 3467 dictus
4060 3411 4330 3469 testator

686 3509 850 3574 dixit
898 3511 1018 3574 hoc
1067 3531 1207 3573 esse
1256 3530 1444 3572 suum
1493 3515 1971 3591 testamentum,
2017 3515 2080 3572 et
2127 3508 2205 3572 de
2258 3508 2568 3572 mandato
2617 3509 2757 3592 ejus
2806 3530 3019 3573 coram
3069 3508 3213 3572 aliis
3262 3509 3533 3573 testibus
3581 3531 3681 3573 me
3730 3510 4101 3597 subscripsi,
4137 3517 4200 3575 et
4246 3513 4329 3575 si-

688 3618 844 3704 gillo
893 3617 1112 3681 fratris
1162 3615 1441 3680 Simonis
1491 3616 1570 3680 de
1618 3616 1847 3679 Fratta
1894 3615 2197 3700 sigillavi.
4334 3693 4341 3699 .

861 3725 1003 3809 Ego
1051 3724 1253 3787 frater
1300 3724 1555 3808 Aginus
1603 3724 1682 3787 de
1732 3723 1976 3787 Ordine
2022 3723 2328 3787 Fratrum
2392 3721 2716 3786 Minorum
2780 3744 3045 3809 presens
3101 3723 3195 3786 fui
3257 3723 3514 3810 quando
3571 3723 3778 3787 dictus
3843 3731 4114 3790 testator
4169 3726 4335 3791 dixit

687 3833 806 3897 hoc
856 3853 995 3896 esse
1044 3852 1232 3895 81111111
1277 3837 1755 3914 10810111011111111,
1789 3838 1854 3896 01
1898 3831 1976 3896 (10
2025 3829 2330 3895 mandato
2378 3831 2521 3915 ejus
2568 3852 2786 3896 coram
2832 3831 2976 3894 aliis
3024 3831 3294 3896 testibus
3343 3853 3443 3895 mc
3478 3831 3828 3919 subscripsi
3859 3841 3923 3898 et
3955 3834 4170 3920 sigillo
4206 3834 4334 3899 fra-

684 3941 798 4004 tris
848 3939 1124 4004 Simonis
1173 3938 1477 4023 sigillavi.

863 4047 1004 4132 Ego
1054 4046 1255 4110 frater
1306 4045 1548 4128 Simon,
1581 4045 1660 4109 de
1711 4045 1954 4111 Ordine
2001 4045 2305 4109 Fratrum
2352 4045 2862 4128 Predicatorum,
2896 4067 3160 4132 presens
3208 4045 3302 4110 fui
3335 4046 3592 4132 quando
3626 4046 3833 4112 dictus
3865 4054 4135 4113 testator
4167 4049 4332 4114 dixit

684 4155 804 4219 hoc
853 4176 993 4217 esse
1041 4175 1228 4217 suum
1278 4159 1757 4236 testamentum,
1795 4159 1859 4217 et
1903 4152 1982 4216 de
2028 4153 2335 4217 mandato
2383 4154 2524 4236 ejus
2573 4173 2788 4216 coram
2838 4153 2982 4216 aliis
3021 4154 3292 4218 testibus
3323 4175 3425 4217 me
3460 4154 3808 4240 subscripsi
3841 4161 3904 4219 et
3936 4155 4149 4241 sigillo
4181 4178 4329 4243 pro-

685 4263 826 4347 prio
870 4260 1166 4345 scgillavi
1218 4260 1390 4345 quod
1436 4260 1634 4324 habet
1679 4260 1922 4345 figuras
1968 4261 2403 4347 apostolorum
2452 4259 2633 4324 Petri
2678 4267 2741 4323 et
2786 4260 2998 4324 Pauli.

860 4368 1002 4454 Ego
1054 4368 1255 4432 frater
1301 4366 1686 4432 Franciscus
1735 4368 1811 4432 de
1864 4367 2261 4452 Castagnolo
2310 4368 2388 4431 de
2431 4367 2672 4432 Ordine
2705 4368 3006 4431 Fratrum
3039 4367 3364 4432 Minorum
3404 4390 3670 4454 presens
3704 4369 3795 4432 fui
3831 4369 4088 4455 quando
4122 4370 4331 4435 dictus

683 4483 955 4540 testator
1000 4475 1162 4538 dixit
1210 4475 1331 4539 hoc
1378 4496 1518 4538 esse
1570 4497 1756 4538 suum
1805 4482 2289 4556 testamentum,
2324 4482 2389 4538 et
2430 4474 2509 4539 de
2558 4475 2863 4539 mandato
2911 4477 3053 4559 ejus
3102 4496 3319 4540 coram
3367 4476 3510 4539 aliis
3544 4477 3813 4540 testibus
3846 4498 3949 4541 me
3982 4477 4331 4564 subscripsi

685 4591 749 4647 et
797 4583 1013 4668 sigillo
1059 4582 1279 4645 fratris
1329 4581 1629 4668 Symonis
1678 4583 1981 4668 sigillavi.

859 4691 1001 4775 Ego
1050 4689 1252 4753 frater
1300 4689 1634 4753 Galvanus
1683 4690 1761 4754 de
1810 4689 2073 4772 Butrio,
2124 4689 2384 4754 Ordinis
2431 4689 2734 4754 Fratrum
2780 4689 3296 4772 Predicat-orum,
3347 4711 3611 4776 presens
3657 4689 3748 4753 fui
3811 4691 4068 4776 quando
4116 4691 4324 4756 dictus

680 4805 952 4862 testator
1000 4797 1166 4860 dixit
1212 4797 1334 4861 hoc
1384 4819 1525 4860 esse
1574 4819 1762 4862 suum
1810 4804 2290 4881 testamentum,
2326 4806 2388 4862 et
2430 4798 2508 4862 (10
2555 4797 2860 4861 mandato
2909 4799 3050 4882 ejus
3098 4819 3314 4862 coram
3363 4798 3506 4861 aliis
3540 4798 3810 4863 testibus
3842 4821 3944 4862 me
3978 4799 4329 4886 subscripsi

682 4913 746 4968 et
792 4905 1005 4990 sigillo
1053 4905 1209 4968 dicti
1254 4904 1473 4967 fratris
1525 4905 1824 4990 Symonis
1871 4905 2176 4990 sigillavi.

856 5013 998 5097 Ego
1047 5013 1248 5075 frater
1295 5012 1621 5076 Antonius
1668 5012 1746 5076 de
1795 5012 2042 5076 Ordine
2085 5013 2391 5076 Fratrum
2438 5013 2760 5077 Minorum
2807 5034 3074 5099 presens
3120 5013 3214 5076 fui
3258 5012 3516 5098 quando
3581 5012 3789 5077 dictus
3845 5020 4115 5078 testator
4161 5014 4326 5079 dixit

678 5120 800 5184 hoc
847 5141 989 5183 esse
1039 5140 1226 5182 suum
1275 5125 1753 5202 testamentum,
1789 5126 1852 5183 ct
1893 5120 1970 5183 de
2019 5120 2324 5183 mandato
2372 5121 2514 5204 ejus
2563 5141 2781 5184 coram
2830 5120 2974 5184 aliis
3021 5121 3291 5184 testibus
3337 5141 3439 5184 me
3486 5120 3837 5207 subscripsi
3880 5128 3944 5185 et
3976 5121 4164 5206 sigilo
4197 5122 4326 5186 fra-

677 5227 792 5290 tris
840 5226 1119 5291 Simonis
1168 5225 1448 5311 sigilavi.

853 5333 997 5419 Ego
1045 5334 1280 5397 Petrus
1328 5333 1655 5419 quondam
1706 5332 1883 5417 Suzij
1931 5333 2010 5395 (10
2057 5333 2331 5415 Paucis,
2383 5333 2702 5419 imperiali
2763 5333 3147 5397 auctoritate
3210 5333 3535 5417 notarius,
3583 5320 3848 5420 presens
3911 5333 4005 5398 fui
4067 5337 4325 5420 quando

678 5443 885 5506 dictus
931 5450 1202 5506 testator
1248 5442 1414 5506 dixit
1460 5442 1582 5506 hoc
1632 5462 1773 5505 esse
1821 5463 2008 5505 suum
2056 5448 2534 5524 testamentum,
2569 5448 2633 5505 et
2672 5441 2751 5505 de
2801 5441 3106 5506 mandato
3155 5443 3296 5526 ejus
3344 5463 3562 5507 coram
3608 5443 3778 5508 alliis
3820 5443 4091 5507 testibus
4122 5444 4321 5509 mein

677 5558 905 5614 testem
956 5549 1329 5636 subscripsi,
1379 5556 1444 5612 01
1490 5549 1704 5634 8131110
1754 5549 1976 5613 fratris
2027 5549 2326 5635 Symonis
2373 5548 2453 5612 de
2499 5548 2728 5612 Fratta
2776 5549 3078 5633 sigillavi.

858 5657 974 5738 (L.
1007 5657 1051 5740 †
1087 5656 1179 5738 S.)
1229 5656 1372 5742 Ego
1422 5657 1862 5720 Zamboninus
1914 5656 2235 5741 quondam
2282 5655 2600 5738 Ursolini,
2648 5656 2969 5742 imperiali
3015 5656 3397 5720 auctoritate
3462 5657 3787 5739 notarius,
3835 5658 3961 5722 hiis
4026 5658 4322 5722 omnibus

678 5765 940 5828 interfui
987 5772 1051 5828 et
1099 5764 1176 5828 de
1225 5764 1528 5828 mandato
1579 5763 1731 5827 dicti
1780 5763 2104 5827 testatoris
2153 5785 2254 5827 me
2304 5784 2521 5827 coram
2568 5764 2711 5827 aliis
2752 5764 3024 5827 testibus
3058 5770 3122 5828 et
3154 5763 3324 5827 dicto
3359 5771 3665 5829 testatore
3697 5765 3924 5830 ultimo
3959 5787 4103 5829 cum
4136 5765 4320 5851 signo

678 5894 820 5937 meo
868 5871 932 5935 in
981 5878 1211 5935 testem
1258 5871 1611 5958 subscripsi
1658 5878 1723 5934 et
1771 5870 1986 5956 sigillo
2035 5892 2177 5935 meo
2226 5892 2372 5934 cum
2419 5871 2604 5956 signo
2652 5872 2838 5936 stelle
2902 5872 3185 5956 sigillavi
3247 5873 3367 5936 sub
3430 5894 3599 5937 anno
3660 5872 3922 5937 Domini
3980 5872 4319 5938 millesimo

677 5978 1115 6042 ducentesimo
1165 5978 1584 6062 nonagesimo
1632 5977 1935 6060 secundo,
1985 5977 2329 6041 indictione
2379 5978 2621 6063 quinta,
2665 5978 2767 6042 die
2817 5981 3091 6066 septima
3138 5980 3417 6043 intrante
3465 6001 3685 6045 mense
3727 5980 3899 6065 julij.
3951 5979 4322 6064 Sigillatum

674 6095 738 6150 01
786 6086 1077 6150 clausum
1125 6085 1248 6148 fuit
1294 6085 1538 6148 dictum
1584 6092 2045 6149 testamentum
2094 6084 2158 6147 in
2205 6085 2383 6149 curia
2429 6085 2995 6152 Lambertinorum
3035 6087 3147 6152 ubi
3172 6087 3436 6172 jacebat
3465 6088 3755 6152 infirmus
3787 6087 3995 6150 dictus
4029 6092 4317 6151 testator.

851 6295 1151 6382 [Foris:]
1199 6297 1687 6362 Testamentum
1733 6298 1975 6363 domini
2022 6298 2202 6363 Petri
2250 6298 2533 6385 Capricij
2582 6299 2661 6364 de
2708 6300 3165 6364 Lambertinis.
