5542 7775
1634 680 2097 730 SPEOTANTIA
2152 680 2254 729 AD
2309 679 2821 730 PROFESSORES
2882 680 3094 731 JURIS
3151 681 3418 730 CIVILIS
4190 662 4335 732 119

710 834 1183 921 quamprimum
1232 834 1468 921 prefati
1517 855 1874 916 commune,
1919 833 2305 897 universitas
2352 839 2417 897 et
2461 833 2738 920 populus
2786 834 3217 898 bononienses
3264 833 3534 921 predicti
3583 856 3698 920 per
3743 835 3983 899 dictum
4031 835 4347 900 sindicum

710 949 775 1007 et
818 949 1305 1028 procuratorem
1352 963 1575 1005 eorum
1619 942 1957 1027 promissa,
2008 941 2255 1023 oblata,
2306 941 2492 1023 data,
2543 942 2928 1023 constituta,
2978 942 3275 1006 restituta
3323 948 3387 1006 et
3428 943 3684 1027 jurata,
3733 949 3797 1006 et
3844 944 3974 1006 alia
4021 943 4236 1007 omnia
4282 952 4347 1008 et

707 1051 964 1135 singula
1011 1050 1383 1136 supradicta
1431 1056 1575 1113 acta
1624 1057 1688 1113 et
1734 1058 1920 1134 gesta
1968 1070 2082 1135 per
2127 1049 2366 1112 dictum
2413 1048 2729 1113 sindicum
2793 1049 3138 1114 sindicario
3187 1056 3252 1113 et
3294 1051 3738 1135 procuratorio
3795 1051 4053 1114 nomine
4110 1051 4345 1115 consti·

707 1158 1023 1221 tuentium
1071 1158 1541 1244 predictorum,
1593 1178 1941 1242 omnesque
1988 1162 2053 1220 et
2100 1156 2389 1241 singulos
2446 1156 2752 1220 articulos
2801 1157 2866 1220 in
2915 1157 3100 1220 dietis
3162 1158 3398 1221 nostris
3461 1157 3664 1221 literis
3711 1158 4229 1244 comprehensos,
4279 1158 4342 1222 in

706 1265 919 1351 plene,
968 1265 1242 1329 solemni
1291 1272 1355 1328 et
1402 1264 1691 1349 generali
1739 1284 1961 1328 eorum
2010 1262 2316 1342 Consili0,
2358 1272 2549 1349 prout
2598 1262 2662 1326 in
2712 1263 2931 1327 arduis
2978 1264 3333 1348 majoribus
3380 1271 3444 1327 et
3490 1264 3882 1337 solmibus
3929 1266 4210 1350 negotijs
4258 1266 4345 1329 ei-

705 1371 926 1435 vitatis
975 1372 1264 1456 ejusdem
1312 1372 1526 1435 extitit
1573 1371 1884 1435 hactenus
1934 1370 2367 1451 observatum,
2402 1369 2484 1433 ad
2530 1370 2653 1434 hoc
2701 1371 3069 1456 specialiter
3116 1338 3627 1457 convocandcfflt
3659 1371 3953 1435 faciendo
3987 1372 4052 1435 in
4085 1373 4343 1437 civitate

708 1479 982 1566 prefata,
1027 1487 1458 1566 acceptarent,
1511 1479 1923 1561 ratificarent,
1972 1479 2454 1564 emologarent,
2504 1459 2959 1543 confirmarent
3005 1485 3071 1542 et
3110 1480 3408 1562 jurarent
3454 1479 3769 1564 specifice,
3820 1479 4236 1564 singulariter
4281 1488 4344 1544 et

704 1608 1030 1673 expresse,
1067 1608 1143 1651 ac
1188 1587 1452 1650 realiter
1499 1593 1562 1651 et
1610 1586 2032 1672 corporaliter
2079 1586 2481 1671 corporalem
2524 1586 2999 1671 possessionem
3047 1586 3307 1672 plenam
3353 1592 3418 1650 et
3465 1585 3801 1671 pacificam
3848 1607 3922 1650 ac
3973 1594 4343 1651 manentem

706 1700 771 1757 et
817 1693 1213 1775 duraturam,
1264 1701 1327 1756 et
1376 1693 1589 1778 quasi,
1640 1693 1938 1774 civitatis,
1989 1692 2329 1756 comitatus
2376 1698 2442 1755 et
2488 1691 2814 1756 districtus
2878 1692 3368 1756 bononiensium
3433 1691 3885 1778 predictorum,
3935 1713 4012 1756 ac
4073 1693 4233 1756 meri
4280 1701 4346 1757 et

703 1801 891 1864 mixti
938 1801 1190 1886 imperij
1240 1806 1303 1863 et
1352 1799 1714 1864 omnimode
1756 1798 2241 1884 jurisdictionis,
2277 1819 2393 1862 nec
2443 1820 2571 1863 non
2619 1806 2981 1863 ceterorum
3021 1799 3267 1883 jurium
3313 1798 3612 1882 civitatis,
3648 1800 3988 1863 comitatus
4033 1808 4097 1863 et
4128 1800 4343 1864 distri-

706 1915 845 1973 ctus
894 1909 1177 1994 ipsorum
1225 1909 1290 1971 in
1339 1907 1581 1971 eisdem
1629 1907 1832 1971 literis
1896 1907 2130 1971 nostris
2191 1907 2559 1992 specialiter
2620 1913 2684 1970 et
2746 1907 3139 1991 generaliter
3205 1928 3659 1992 expressorum
3713 1908 3903 1992 plene
3967 1914 4031 1971 et
4091 1908 4342 1992 integre

704 2015 1151 2097 restituerent,
1199 2014 1543 2078 redderent
1590 2021 1655 2078 et
1702 2014 2141 2098 assignarent,
2190 2013 2374 2077 nobis
2422 2014 2526 2077 vel
2574 2014 2807 2077 nuncio
2857 2035 2970 2077 seu
3019 2014 3269 2078 nunciis
3333 2013 3605 2095 nostris,
3656 2035 3844 2098 quem
3893 2013 4002 2080 vel
4051 2036 4210 2098 quos
4258 2014 4340 2078 ad

706 2122 827 2186 hoe
873 2122 1364 2207 deputaremus,
1415 2121 1870 2206 recipientibus
1918 2128 2137 2185 nostro
2185 2129 2249 2184 et
2296 2121 2613 2185 dictorum
2658 2142 3102 2185 successorum
3147 2127 3212 2185 et
3259 2120 3552 2204 ejusdem
3596 2141 3861 2184 romane
3911 2121 4180 2185 ecclesie
4227 2143 4340 2186 no-

703 2230 896 2310 mine,
931 2228 1297 2313 dictamque
1345 2229 1838 2314 possessionem,
1874 2236 1939 2292 et
1977 2228 2183 2313 quasi,
2219 2227 2517 2309 civitatis,
2552 2229 2894 2292 comitatus
2942 2234 3006 2291 et
3053 2227 3399 2311 districtus,
3436 2249 3511 2292 ac
3558 2227 3719 2290 meri
3765 2234 3828 2291 et
3871 2227 4059 2290 mixti
4088 2228 4342 2314 imperii

703 2344 769 2400 et
815 2336 1099 2400 omnium
1141 2336 1386 2420 jurium
1434 2335 1866 2421 predictorum
1921 2335 2183 2420 plenam
2237 2342 2299 2398 et
2360 2335 2697 2420 pacificam
2759 2334 2946 2399 nobis
2993 2342 3058 2399 et
3104 2334 3290 2398 dictis
3344 2335 3624 2419 nuntijs,
3672 2342 4016 2420 postquam
4062 2357 4178 2421 per
4223 2356 4341 2399 nos

702 2464 816 2507 seu
864 2443 1007 2507 illos
1057 2451 1335 2528 recepta,
1387 2442 1813 2529 apprehensa,
1862 2443 2124 2507 detenta
2172 2450 2235 2505 et
2283 2442 2506 2506 habita
2553 2441 2740 2525 foret,
2791 2449 2862 2505 ut
2907 2442 3251 2528 prefertur,
3285 2442 3572 2528 pacifice,
3622 2441 3823 2505 libere
3870 2449 3934 2506 et
3983 2443 4197 2528 quiete
4245 2443 4340 2506 di-

701 2551 1063 2632 mitterent3
1098 2557 1163 2614 et
1210 2550 1289 2613 de
1338 2550 1800 2637 acceptatione,
1851 2549 2338 2636 approbatione,
2388 2550 2833 2631 ratificatione,
2870 2549 3366 2633 emologatione,
3402 2549 3885 2613 confirmatione
3921 2559 3984 2613 et
4011 2550 4340 2634 juratione

700 2658 1024 2744 predictiS,
1059 2679 1175 2722 nec
1224 2678 1353 2720 non
1400 2658 1825 2738 restitutione,
1872 2656 2252 2739 redditione,
2288 2657 2725 2741 assignatione
2776 2664 2840 2721 et
2885 2657 3255 2720 dimissione
3303 2656 3745 2741 possessionis,
3780 2665 3844 2721 et
3878 2658 4082 2743 quasi,
4118 2657 4341 2742 hujus-

700 2763 872 2827 modi
920 2763 1104 2827 nobis
1152 2785 1269 2848 per
1314 2762 1643 2849 publicum
1689 2771 1755 2826 et
1817 2763 2257 2827 authenticum
2318 2763 2812 2827 instrumentum
2877 2762 3281 2845 tabellionis,
3330 2763 3590 2848 publica
3651 2785 3847 2826 manu
3907 2764 4216 2850 seriptum
4277 2771 4341 2827 et

698 2871 912 2956 sigillo
961 2871 1114 2934 dicti
1163 2870 1518 2934 eommunis
1565 2858 1922 2955 sigillat'um
1970 2870 2153 2933 nobis
2185 2870 2594 2952 manualiter,
2629 2878 2692 2933 et
2727 2870 2988 2933 realiter
3021 2869 3485 2954 assignandum
3521 2870 3687 2933 infra
3721 2870 3962 2934 dictum
3994 2870 4338 2935 terminum

700 2977 907 3042 medie
956 2978 1450 3064 quadragesime
1497 2976 1665 3041 foret
1709 2977 2005 3063 plenaria
2053 2977 2226 3041 facta
2273 2978 2430 3040 fides
2460 2959 2721 3040 ‘eisdem
2770 2977 3112 3058 communi,
3163 2977 3568 3040 universitati
3614 2983 3680 3041 et
3724 2978 3964 3064 populo
4015 2979 4230 3042 omnia
4276 2985 4341 3042 et

699 3085 957 3170 singula
1002 3085 1373 3170 supradicta
1419 3085 1747 3171 postulata
1794 3092 1858 3148 et
1904 3085 2107 3170 petita
2151 3106 2267 3170 per
2314 3106 2423 3148 eos
2473 3107 2618 3148 cum
2666 3084 2962 3149 omnibus
3005 3084 3497 3167 conditionibuS,
3533 3085 3883 3149 honoribus
3917 3093 3981 3149 et
4014 3085 4336 3167 oneribus,

699 3192 904 3256 modis
951 3200 1016 3256 et
1063 3192 1285 3256 formis
1334 3192 1401 3255 in
1446 3192 1633 3255 dictis
1665 3192 1869 3256 literis
1902 3192 2217 3256 enarratis
2252 3192 2601 3256 concedere
2635 3192 2941 3276 gratiose,
2978 3213 3325 3277 omnesque
3360 3192 3711 3256 sententias
3759 3199 3952 3278 atque
3993 3214 4193 3278 penas
4225 3214 4341 3278 per

699 3299 902 3364 dictos
950 3321 1289 3385 processus
1338 3305 1591 3364 nostros
1638 3306 1703 3363 et
1749 3300 2041 3383 ejusdem
2085 3300 2323 3385 Legati
2369 3309 2432 3363 et
2481 3299 3002 3364 constitutionem
3050 3300 3373 3382 eamdem,
3424 3321 3499 3364 ac
3546 3299 3971 3385 provincialia
4017 3322 4132 3363 seu
4169 3300 4340 3364 sino-

698 3407 874 3471 dalia
922 3413 1165 3471 statuta
1215 3414 1439 3471 eontra
1486 3406 1808 3493 prefatam
1855 3408 2215 3489 civitatem,
2265 3408 2787 3489 universitatem,
2837 3428 3173 3471 commune
3236 3414 3300 3471 et
3361 3407 3670 3493 populum
3730 3407 4159 3471 bononienses
4206 3414 4339 3471 tam

697 3536 891 3600 super
937 3514 1297 3600 privatione
1348 3507 1560 3599 Studij
1610 3515 1954 3598 generaliS,
1990 3515 2400 3599 omniumque
2448 3514 2956 3600 privilegiorum,
2993 3514 3540 3598 indulgentiarum
3587 3521 3652 3578 et
3684 3515 4041 3599 gratiarum
4081 3521 4337 3600 aposto-

697 3622 967 3686 licorum
1011 3628 1074 3685 et
1122 3621 1573 3707 imperialium,
1608 3629 1673 3685 et
1720 3622 1802 3684 ab
1850 3622 1998 3706 alijs
2046 3622 2554 3707 quibuscumque
2589 3642 3040 3685 concessorum
3072 3627 3137 3684 et
3169 3641 3620 3685 concessarum
3652 3621 3915 3703 eisdem,
3952 3643 4146 3706 quam
4178 3621 4341 3685 alias

698 3729 1008 3793 adversus
1055 3750 1166 3793 eos
1214 3728 1695 3813 quomodolibet
1750 3729 2086 3793 occasione
2152 3728 2586 3815 predictorum
2648 3749 3030 3792 excessuum
3095 3728 3541 3814 promulgatas
3601 3728 3864 3810 tollere,
3915 3729 4211 3792 relaxare
4275 3738 4340 3792 et

697 3837 983 3902 totaliter
1029 3835 1328 3919 abolere,
1378 3836 1693 3922 dictisque
1742 3836 2100 3919 communi,
2151 3836 2558 3900 universitati
2605 3843 2669 3901 et
2712 3837 2990 3923 populo,
3039 3857 3156 3900 nec
3203 3857 3332 3900 non
3381 3836 3946 3919 universitatibus,
3996 3836 4337 3901 comitatus

696 3953 760 4008 et
806 3944 1133 4008 districtus
1188 3944 1622 4030 predictorum
1685 3965 1761 4008 ac
1823 3945 2263 4029 singularibus
2310 3944 2602 4030 personis
2659 3944 2945 4031 ipsorum
2992 3965 3108 4030 per
3152 3944 3610 4026 restitutionis,
3660 3943 4082 4007 absolutionis
4131 3950 4194 4007 et
4242 3943 4337 4006 di·

695 4052 1123 4139 spensationis
1170 4052 1586 4134 beneficium,
1638 4073 1751 4115 seu
1799 4052 2149 4133 beneficia,
2200 4058 2390 4137 prout
2437 4072 2659 4115 eorum
2707 4053 2901 4134 fame,
2950 4052 3147 4117 statui
3192 4059 3256 4115 et
3314 4051 3507 4114 saluti
3552 4071 4086 4136 cognosceremus
4141 4072 4338 4137 expe·

694 4160 898 4242 diens,
946 4159 1237 4246 plenarie
1285 4167 1349 4223 et
1396 4159 1746 4223 salubriter
1792 4160 2153 4245 providere.

872 4267 957 4331 Et
1005 4268 1158 4352 quia
1206 4273 1468 4352 propter
1515 4267 1998 4352 ingratitudinis
2045 4267 2273 4331 vitium
2306 4287 2770 4353 nonnunquam
2803 4266 3118 4330 beneficia
3151 4272 3556 4347 revocantur,
3591 4265 3909 4348 volumus,
3945 4266 4112 4329 sicut
4143 4265 4340 4328 etiam

693 4374 862 4438 idem
910 4374 1194 4437 sindicus
1242 4381 1306 4437 et
1352 4380 1733 4460 procurator
1779 4396 2086 4460 expresse
2136 4375 2340 4438 voluit
2385 4382 2449 4439 et
2497 4374 2822 4439 consensit
2869 4381 2932 4437 et
2973 4374 3219 4457 juravit
3265 4372 3610 4437 sindicario
3654 4379 3718 4436 et
3748 4371 4191 4458 procuratorio
4224 4393 4337 4436 no-

693 4481 864 4545 mine
911 4489 975 4544 et
1023 4481 1084 4544 in
1136 4481 1386 4544 animas
1433 4481 1961 4545 constituentium
2007 4481 2471 4566 predictorum,
2521 4481 2722 4568 quod,
2771 4481 2826 4544 si
2871 4481 3026 4545 dicti
3087 4501 3461 4562 commune,
3512 4480 3790 4565 populus
3839 4485 3904 4543 et
3949 4479 4338 4543 universitas

693 4589 1008 4674 premissa
1054 4610 1170 4674 per
1216 4588 1537 4674 prefatum
1586 4588 1904 4652 sindicum
1951 4595 2015 4652 et
2062 4597 2545 4675 procuratorem
2593 4610 2851 4669 corum,
2901 4588 3188 4674 ipsorum
3234 4588 3491 4652 nomine
3539 4595 3713 4669 acta,
3764 4594 3969 4671 gesta,
4015 4586 4335 4668 restituta,

691 4696 1028 4781 promissa,
1079 4694 1266 4777 data,
1316 4717 1621 4760 concessa
1668 4703 1733 4760 et
1779 4696 2147 4777 constituta,
2192 4698 2440 4780 jurata,
2492 4704 2557 4760 et
2603 4696 2734 4759 alia
2783 4696 2997 4759 omnia
3046 4702 3111 4759 et
3159 4695 3416 4781 singula
3465 4694 3837 4780 supradicta
3883 4694 4050 4757 infra
4098 4692 4337 4757 dictam

694 4803 1105 4867 medietatem
1152 4809 1303 4867 tunc
1349 4803 1642 4889 proxime
1691 4804 1907 4868 future
1960 4804 2454 4890 quadragesime
2503 4824 2632 4867 non
2680 4803 3136 4889 approbarent,
3179 4804 3576 4867 ratificarent
3623 4809 3687 4866 et
3727 4803 4044 4886 jurarent,
4078 4808 4148 4864 ut
4192 4821 4338 4886 pre-

695 4910 920 4992 fertur,
955 4917 1019 4974 et
1067 4931 1135 4973 se
1184 4910 1296 4974 illa
1343 4917 1714 4975 servaturos
1763 4912 2148 4998 obligarent,
2183 4919 2247 4975 et
2289 4912 2844 4997 approbationem,
2877 4911 3370 4975 ratificationem
3403 4917 3467 4974 et
3494 4911 3933 4994 juramentum
3966 4907 4337 4991 hujusmodi

696 5017 866 5080 infra
913 5017 1150 5081 dictam
1197 5017 1477 5081 mediam
1526 5018 2093 5103 quadragesimam
2137 5018 2324 5082 nobis
2372 5040 2499 5082 non
2548 5019 2877 5082 mitterent
2921 5025 2986 5081 et
3031 5017 3472 5102 assignarent,
3521 5025 3586 5081 et
3631 5016 3825 5080 fidem
3872 5037 3998 5080 non
4045 5015 4338 5079 facerent

697 5145 811 5210 per
856 5124 1188 5210 publicum
1233 5125 1752 5207 instrumentum,
1786 5126 2155 5190 tabellionis
2193 5126 2455 5211 publica
2501 5146 2699 5189 manu
2746 5125 3077 5211 seriptum,
3112 5125 3454 5209 sigilloque
3488 5123 3843 5188 communis
3892 5144 4115 5186 eorum
4155 5121 4335 5206 sigil-

695 5231 921 5313 latum,
971 5231 1154 5295 nobis
1202 5232 1593 5295 manualiter
1638 5240 1701 5295 et
1750 5233 2011 5296 realiter
2057 5232 2550 5317 assignandum,
2599 5232 2653 5296 si
2699 5239 2846 5319 post
2892 5231 3459 5317 approbationem,
3509 5229 4001 5293 ratificationem
4049 5236 4113 5292 et
4153 5229 4335 5313 jura·

696 5346 981 5402 mentum
1028 5339 1400 5423 hujusmodi
1447 5339 1738 5425 predicta
1786 5361 1913 5404 non
1961 5347 2315 5423 servarent,
2349 5341 2452 5404 vel
2502 5340 3040 5422 contrafacerent,
3075 5338 3246 5425 quod
3294 5336 3637 5420 interdicti,
3671 5358 3788 5401 seu
3830 5336 4334 5420 interdictorum,

697 5451 761 5509 et
805 5445 1185 5532 privationis
1236 5445 1447 5510 Studii
1501 5453 1565 5510 et
1612 5447 1887 5510 aliarum
1932 5447 2367 5533 predictarum
2413 5467 2726 5533 penarum
2778 5446 3116 5529 relaxatio,
3165 5452 3230 5509 et
3278 5445 3341 5508 in
3390 5446 3741 5529 integrum,
3792 5451 3856 5507 et
3904 5443 4029 5506 alie
4077 5443 4335 5507 restitu-

695 5553 901 5617 tiones
964 5560 1028 5617 et
1094 5554 1539 5618 concessiones
1602 5561 1667 5618 et
1727 5555 1935 5639 gratie
1996 5576 2189 5640 super
2244 5554 2572 5640 premissis
2633 5554 3077 5640 principaliter
3140 5561 3204 5617 et
3259 5552 3634 5635 incidenter,
3685 5573 3760 5615 ac
3821 5550 4333 5637 dispensationes

697 5683 812 5746 per
858 5682 973 5725 nos
1021 5682 1135 5724 seu
1184 5660 1262 5724 de
1312 5660 1615 5724 mandato
1663 5670 1882 5726 nostro
1931 5663 2121 5743 facte,
2156 5669 2371 5726 essent
2423 5683 2623 5744 casse,
2657 5683 2883 5744 vacue,
2917 5661 3094 5725 irrite
3143 5667 3208 5725 et
3256 5660 3501 5743 inanes,
3536 5666 3600 5722 et
3647 5659 4041 5722 haberentur
4077 5659 4335 5744 penitus

696 5789 810 5853 pro
861 5790 984 5832 non
1036 5768 1245 5849 factis,
1295 5774 1359 5832 et
1408 5769 1579 5854 quod
1626 5770 1690 5832 in
1739 5769 1999 5833 easdem
2048 5790 2249 5854 penas
2297 5776 2362 5833 et
2408 5769 2790 5850 sententias,
2827 5769 3057 5853 quibus
3105 5774 3299 5831 antea
3343 5766 3753 5848 tenebantur,
3789 5765 4149 5828 reciderent
4196 5764 4334 5849 ipso

696 5875 888 5956 facte,
935 5882 1129 5960 prout
1176 5876 1239 5938 in
1287 5876 1531 5939 eisdem
1579 5877 1779 5940 literis
1828 5877 2063 5940 nostris
2111 5897 2305 5961 super
2354 5877 2429 5939 iis
2479 5876 2775 5940 omnibus
2823 5884 2887 5939 et
2933 5876 3204 5960 singulis
3253 5875 3561 5939 confectis
3618 5873 3871 5959 plenius
3918 5880 3982 5936 et
4030 5871 4333 5935 seriosius

696 5982 1078 6046 continetur.

872 6088 958 6152 Et
1004 6096 1074 6153 ut
1119 6091 1416 6154 executio
1476 6091 1935 6176 premissorum
1991 6091 2276 6155 omnium
2324 6098 2388 6155 et
2434 6091 2837 6175 singulorum
2887 6089 3105 6153 debita
3152 6095 3530 6174 sequeretur
3575 6086 3658 6151 ad
3705 6087 4139 6173 predictorum
4197 6106 4333 6149 am-

694 6195 1104 6261 baxiatorum
1139 6218 1216 6261 ac
1262 6197 1491 6261 sindici
1538 6205 1602 6261 et
1647 6198 2086 6283 procuratoris
2135 6199 2528 6280 instantiam,
2564 6198 2869 6261 dilectum
2900 6197 3102 6260 filium
3135 6196 3517 6281 magistrum
3554 6194 3920 6279 Guigonem
3971 6193 4049 6256 de
4096 6192 4336 6256 Sancto

697 6303 1042 6387 Germane,
1092 6306 1489 6391 prepositum
1536 6304 1806 6369 ecclesie
1853 6305 2216 6388 aniciensiS,
2253 6306 2575 6371 notarium
2615 6311 2937 6386 nostrum,
2987 6303 3196 6367 virum
3241 6303 3463 6388 utique
3511 6299 4101 6387 circumspectionis
4148 6298 4333 6362 indu-

695 6411 853 6475 stria
899 6433 975 6476 ac
1021 6412 1356 6475 literarum
1402 6412 1671 6476 seientia
1717 6411 2038 6497 preditum
2082 6420 2147 6477 et
2195 6413 2258 6475 in
2308 6413 2560 6497 magnis
2608 6418 2672 6475 et
2718 6410 2938 6475 arduis
2988 6409 3256 6495 agendis
3304 6416 3664 6496 expertum,
3714 6409 3797 6471 ad
3845 6407 4195 6489 civitatem,
4230 6427 4332 6469 co-

695 6518 990 6582 mitatum
1037 6525 1101 6583 et
1166 6519 1527 6583 districtum
1590 6518 2020 6584 bononienses
2085 6519 2407 6605 predictos
2469 6519 2839 6606 specialiter
2901 6518 3204 6581 duximus
3265 6516 3752 6600 destinandum,
3810 6515 3934 6579 sibi
3993 6535 4109 6600 per
4169 6513 4332 6576 alias
