5542 7775
1328 590 1358 659 1
1376 590 1416 659 9
1429 591 1471 661 2
2890 613 3370 667 MONUMENTA

1495 764 1663 830 Item
1704 767 1754 851 j.
1804 767 2144 853 Digestum
2193 774 2398 832 vetus.

1496 872 1664 938 Item
1711 896 1910 938 unum
1955 873 2132 938 aliud
2177 896 2295 961 par
2341 874 2784 940 Decretalium
2829 896 2974 940 cum
3022 874 3363 963 Apparatu
3410 877 3751 944 Bernardi.

1492 980 1660 1046 Item
1705 1003 1904 1046 unum
1951 1003 2069 1069 par
2113 980 2553 1046 Decretalium
2600 980 2947 1067 Mangotti.

1493 1088 1660 1153 Item
1701 1090 1751 1174 j.
1799 1111 1918 1176 par
1961 1088 2402 1153 Decretalium
2447 1088 2905 1176 Antiquarum.

1493 1194 1659 1261 Item
1706 1196 1867 1261 duos
1914 1195 2230 1260 missales,

1492 1302 1659 1369 Item
1706 1325 1905 1367 unum
1951 1303 2219 1368 Librum
2269 1302 2672 1369 Sermonum.

1491 1409 1658 1475 Item
1705 1432 1904 1475 unum
1949 1411 2218 1475 Librum
2265 1410 2610 1476 Moralium
2657 1411 2865 1476 sancti
2912 1410 3239 1499 Gregorii.

1490 1516 1658 1582 Item
1703 1519 2006 1603 xxxviiij.
2057 1518 2454 1604 quinternos.

1492 1624 1659 1690 Item
1705 1625 1865 1690 duos
1913 1626 2185 1691 cosinos.

1489 1732 1656 1797 Item
1703 1754 1902 1797 unum
1948 1733 2292 1798 cerdonem
2339 1734 2418 1798 de
2465 1741 2600 1798 sete
2627 1733 2726 1799 (¹).

1489 1839 1657 1905 Item
1702 1862 1903 1905 unum
1950 1841 2216 1906 calicem
2264 1849 2644 1927 argenteum
2691 1841 3095 1906 deauratum.

1489 1947 1656 2012 Item
1703 1949 1772 2033 ij.
1819 1948 2069 2035 petines
2114 1949 2500 2014 heburneos.

1488 2055 1657 2120 Item
1703 2078 1899 2120 unam
1946 2057 2207 2121 bursam
2254 2057 2333 2121 de
2382 2056 2554 2122 corio
2603 2057 2812 2143 nigro.

1488 2163 1655 2228 Item
1699 2164 1791 2248 iij.
1842 2164 2070 2228 bursas
2116 2163 2196 2228 de
2243 2170 2400 2229 seta.

1488 2271 1656 2336 Item
1702 2272 1775 2357 ij.
1819 2271 2048 2337 bursas
2094 2271 2174 2336 de
2220 2278 2361 2337 seta
2406 2272 2697 2336 laborate
2724 2270 2803 2336 (2)
2835 2292 3029 2358 super
3074 2293 3289 2359 panno
3337 2271 3417 2336 de
3465 2271 3619 2337 linc.

1485 2378 1652 2444 Item
1699 2386 1830 2444 tres
1877 2379 2069 2444 b'urse
2094 2378 2173 2445 (3)
2205 2378 2285 2444 (16
2331 2386 2469 2444 seta
2517 2386 2747 2444 tesute.

1487 2485 1655 2550 Item
1701 2507 1898 2550 unam
1943 2486 2206 2551 bursam
2254 2486 2333 2551 de
2381 2495 2523 2551 seta
2569 2485 2809 2551 factam
2857 2507 2897 2549 a
2943 2486 3290 2572 quarterio.

1487 2594 1653 2659 Item
1699 2593 1860 2659 duos
1905 2593 2181 2658 cusinos.

1485 2701 1653 2766 Item
1701 2722 1898 2766 unam
1941 2702 2229 2788 toaglam
2274 2722 2545 2788 parvam
2592 2722 2632 2765 a
2678 2700 2854 2766 disco
2899 2707 2964 2765 et
3005 2701 3055 2787 3.
3105 2723 3145 2766 a
3191 2723 3408 2785 manu,
3455 2708 3520 2766 et
3566 2701 3693 2767 duo
3739 2702 4114 2790 capitergia.

1484 2809 1652 2874 Item
1700 2809 1861 2873 duas
1908 2810 2175 2874 caxhas.

1484 2916 1652 2982 Item
1697 2938 1898 2981 unum
1943 2917 2260 2983 arcile(4).

1485 3023 1652 3088 Item
1699 3024 1859 3088 duas
1907 3024 2163 3090 tabulas
2210 3024 2345 3108 a[d]
2393 3024 2858 3089 comedendum
2904 3024 3224 3112 superius.

1484 3131 1652 3196 Item
1698 3138 1974 3217 quatuor
2021 3138 2306 3217 vegetes.

1481 3238 1650 3303 Item
1695 3239 1832 3323 viij.
1880 3239 2112 3304 asides.

1483 3345 1651 3410 Item
1696 3345 1823 3411 duo
1872 3367 2079 3410 asera.

1473 3454 1640 3518 Item
1686 3476 1885 3519 unum
1932 3454 2178 3519 discum
2226 3454 2361 3538 a[d]
2408 3455 2777 3540 legendum,
2824 3463 2889 3519 et
2934 3476 3131 3519 unam
3178 3453 3438 3539 rota[m]
3485 3454 3569 3519 ad
3616 3456 3969 3521 tenendum
4016 3456 4236 3522 libros.

1473 3560 1642 3625 Item
1687 3583 1886 3625 unum
1933 3562 2275 3644 scriueum,
2324 3562 2392 3625 in
2439 3584 2566 3647 quo
2613 3570 2764 3626 sunt
2810 3562 2937 3627 duo
2982 3561 3230 3626 lebetes
3277 3561 3358 3627 (16
3407 3570 3614 3649 petra.

1471 3669 1638 3734 Item
1679 3671 1730 3756 j.
1779 3670 2195 3757 patellumff’)
2244 3677 2308 3734 et
2366 3691 2566 3734 unum
2626 3669 3099 3752 bannolumffi),
3149 3676 3221 3733 ut
3276 3670 3327 3756 3.
3375 3670 3759 3756 parolitum,
3807 3676 3873 3734 et
3913 3671 3965 3755 j.
4022 3671 4309 3735 catinum
4369 3671 4449 3737 de
4506 3694 4727 3757 ramo,
4777 3684 4843 3739 et
4891 3677 4947 3760 j.

1296 3777 1737 3863 stagnata[m]‚
1764 3779 1815 3863 j.
1849 3777 2080 3859 bacile,
2108 3778 2159 3862 j.
2193 3777 2624 3842 canevarieffl
2650 3776 2730 3841 de
2763 3776 2958 3860 ferre,
2987 3778 3037 3862 3.
3074 3777 3313 3864 spitum
3345 3776 3425 3841 de
3471 3777 3663 3860 ferro,
3691 3778 3744 3863 3.
3776 3777 4137 3863 gradellam
4167 3778 4247 3843 (16
4280 3779 4475 3863 ferro,
4501 3780 4554 3865 3.
4588 3781 4949 3847 berhacum

1296 3907 1336 3950 a
1382 3884 1691 3969 condittu,
1738 3892 1803 3950 et
1845 3887 1896 3972 3.
1944 3886 2285 3951 cathenam
2334 3884 2414 3950 de
2463 3884 2662 3950 ferro.

1474 3992 1642 4058 Item
1689 4000 1819 4058 tres
1864 3993 2167 4059 culcitras
2214 4002 2279 4058 et
2323 3994 2420 4079 iij.
2471 3994 2816 4080 capizales.

1475 4101 1642 4165 Item
1689 4101 1858 4186 iiij.⁰¹
1886 4102 2142 4166 anullos
2189 4101 2268 4165 de
2316 4122 2475 4166 auro
2523 4109 2588 4166 et
2633 4102 2683 4187 3.
2731 4100 2813 4165 (16
2858 4107 3154 4186 argente.

1472 4206 1639 4272 Item
1683 4208 1734 4292 j.
1782 4208 2011 4272 frisum
2058 4215 2463 4293 argenteum.

1474 4315 1643 4380 Item
1684 4316 1735 4401 3.
1784 4322 2066 4379 tesutum
2112 4315 2608 4380 mambretatum
2656 4315 2736 4380 de
2783 4317 3325 4401 argento(8)cum
3370 4317 3546 4381 fluba
3594 4323 3659 4381 et
3704 4316 3991 4404 cuspello
4038 4338 4183 4381 cum
4232 4339 4364 4382 una
4408 4318 4609 4383 bursa
4654 4320 4737 4385 de
4778 4329 4945 4387 seta.

1474 4421 1643 4486 Item
1691 4443 1889 4486 unum
1936 4423 2333 4486 tamaritium
2379 4445 2524 4487 cum
2571 4445 2698 4488 uno
2745 4422 3043 4510 capizali.

1477 4528 1645 4593 Item
1691 4551 1804 4593 xx.
1854 4529 2079 4595 corbes
2126 4530 2457 4595 frumenti.

1474 4637 1642 4702 Item
1688 4638 1858 4723 iiij.⁰=
1887 4638 2111 4703 corbes
2159 4638 2444 4724 segallis.

1474 4745 1642 4810 Item
1687 4768 1753 4810 X.
1801 4746 2027 4811 corbes
2072 4746 2247 4811 fabe.

1474 4853 1642 4918 Item
1686 4874 1882 4918 unam
1928 4853 2189 4918 situlam
2235 4853 2315 4918 de
2363 4874 2533 4940 aqua
2578 4863 2642 4918 et
2684 4854 2734 4940 3.
2785 4874 3028 4918 cazam.

1472 4961 1639 5026 Item
1686 4967 2028 5046 argentum
2075 4961 2140 5025 in
2188 4962 2582 5042 mambretis,
2630 4960 2917 5047 cuspello
2963 4967 3027 5025 et
3073 4960 3271 5025 fluba.

1474 5069 1642 5134 Item
1688 5070 1858 5155 iiij.⁰‘
1885 5070 2223 5156 pancerias
2270 5068 2351 5134 de
2400 5068 2591 5134 ferro.

1472 5177 1641 5241 Item
1687 5178 1871 5263 xviij.
1920 5177 2148 5242 corbes
2193 5177 2424 5263 spelte.

1473 5283 1578 5349 Ex
1625 5284 2004 5349 istrumento
2051 5283 2219 5348 dicte
2268 5283 2674 5366 confesionis,
2706 5284 2946 5371 scripto
2992 5304 3189 5348 manu
3232 5282 3533 5370 Daynisij
3581 5283 3907 5369 quondam
3949 5283 4131 5348 Petri
4179 5283 4436 5350 Oavaze
4472 5288 4731 5370 notarii,
4766 5290 4946 5355 sacto

1293 5392 1486 5458 hodie
1534 5392 1600 5456 in
1647 5392 1836 5457 domo
1884 5391 2194 5455 heredum
2241 5391 2571 5455 Michelini
2632 5391 2712 5455 de
2771 5391 3253 5474 Laumandino,
3299 5391 3707 5479 presentibus
3768 5390 4027 5455 domino
4087 5392 4512 5457 Lambertino
4568 5395 4795 5478 judice
4856 5398 4947 5463 de

1293 5500 1547 5582 Bernis,
1580 5499 1624 5565 J
1627 5500 1828 5564 aeobo
1875 5498 2201 5585 quondam
2249 5497 2563 5562 Zenzonis
2609 5497 2860 5578 Helice,
2894 5497 3341 5583 Bombologno
3387 5498 3715 5584 quondam
3744 5497 3925 5562 Petri
3958 5497 4385 5583 Lambertini,
4416 5499 4773 5566 Franciseo
4804 5503 4945 5569 filio

1294 5608 1537 5672 domini
1581 5606 1925 5693 Adigherij
1973 5613 2038 5670 et
2083 5605 2464 5692 Bonapresa
2507 5605 2846 5671 Michaelis
2883 5605 2963 5669 (16
2994 5605 3400 5669 Lamandino
3430 5604 3724 5687 testibus,
3757 5613 3823 5669 et
3853 5605 3945 5669 sic
3977 5606 4251 5692 predicti
4280 5605 4589 5672 dixerunt
4636 5617 4703 5673 et
4744 5612 4949 5675 scribi

1295 5716 1606 5780 fecerunt.

1475 5822 1599 5887 Die
1647 5821 1947 5886 mercurii
1991 5842 2104 5884 xx.
2139 5820 2517 5885 decembris
2549 5824 2654 5895 (Π
2676 5820 2909 5884 Frater
2952 5819 3333 5884 Albertinus
3378 5818 3661 5884 sindicus
3706 5827 3771 5884 et
3816 5827 4196 5905 procurator
4234 5821 4563 5907 generalis
4611 5823 4845 5888 domus
4876 5833 4949 5890 et

1455 6129 1530 6192 (1,
1569 6130 1602 6179 2
1640 6131 1696 6180 et
1735 6131 1789 6192 3)
1829 6127 1934 6178 Sic.
3324 6127 3404 6189 (6)
3442 6123 3693 6175 Bamnola
3730 6127 3963 6188 tantum,
4000 6140 4099 6193 pro
4128 6139 4305 6191 parm
4340 6123 4537 6190 banco,
4574 6126 4633 6178 in
4672 6129 4947 6196 glosario

1455 6219 1534 6282 (4)
1573 6217 1757 6267 Art-ile
1793 6216 1934 6269 idest
1970 6219 2258 6268 sertatum.
3160 6215 3531 6283 suprascripto
3568 6214 3803 6267 habetur
3839 6213 3917 6279 (Ι,
3937 6215 4083 6280 561).

1459 6309 1537 6373 (5)
1575 6306 1819 6359 Verbum
1876 6306 2000 6368 hoc,
2047 6306 2150 6358 hac
2207 6306 2622 6376 significatione,
2671 6305 2728 6357 in
2782 6303 3061 6356 Glossarv'o
3328 6308 3406 6372 (7)
3447 6305 3550 6357 Sic.

1294 6401 1364 6452 el.
1403 6398 1494 6450 Du
1531 6397 1716 6466 Gange
1755 6396 2112 6462 desideratur,
2149 6398 2244 6448 sed
2277 6397 2482 6464 patella
2519 6412 2617 6465 pro
2655 6396 2819 6446 arula
2846 6399 3060 6447 tantum
3329 6398 3408 6461 (8)
3446 6395 3863 6447 Harum-etatum
3910 6394 4053 6446 idest
4102 6393 4194 6444 filo
4238 6393 4469 6446 lamella
4504 6401 4775 6465 argentea
4812 6416 4953 6454 eon-

1295 6493 1531 6541 notatur.
3170 6491 3401 6550 textum,
3438 6489 3499 6538 nt
3538 6485 3833 6536 mambrem
3870 6484 4099 6537 inferius
4136 6500 4235 6553 pro
4272 6483 4513 6537 lunelli·
4548 6490 4833 6543 nomeu.
