5542 7775
1350 683 1817 733 SPECTANTIA
1856 683 1958 732 An
1997 681 2327 733 cnassmu
2367 683 3099 733 Ancmnmcoxonmu
3137 683 3342 733 nccn.
3384 682 3659 734 BONON.
4167 664 4316 735 267

689 835 985 900 conferas
1048 842 1112 900 et
1172 836 1504 922 assignes,
1555 837 1867 901 reducens
1915 837 1982 900 in
2029 837 2281 900 irritum
2344 836 2555 922 siquid
2609 843 2756 923 post
2818 837 3250 922 receptionem
3311 837 3643 901 literarum
3706 844 4071 901 nostrarum
4130 860 4322 925 super

688 942 912 1007 eodem
962 942 1511 1008 Archidiaconatu
1562 944 1644 1008 ab
1693 944 1786 1007 eis
1835 943 2029 1007 fuerit
2076 950 2549 1029 attemptatum.
2599 942 3119 1008 Contradictores
3158 965 3275 1029 per
3308 964 3643 1008 censuram
3678 944 4177 1009 ecclesiasticam
4209 967 4323 1031 ap·

687 1050 1036 1136 pellatione
1082 1051 1462 1137 postposita,
1509 1050 1994 1137 compescendo.

865 1157 1108 1223 Datum
1152 1157 1378 1222 Reatis
1426 1158 1495 1242 ij.
1539 1157 1854 1222 kalendas
1901 1158 2236 1242 februarij,
2286 1159 2696 1244 pontificatus
2743 1159 2946 1223 nostri
2994 1179 3163 1222 anno
3211 1157 3574 1224 decimo(¹).

2381 1478 2634 1543 XXVI.

2247 1693 2442 1774 1233,
2494 1693 2580 1755 13
2626 1694 2787 1756 iulii.

1440 1905 1547 1969 Ex
1596 1914 1729 1970 tom
1795 1906 2085 1971 XXVII.
2142 1906 2291 1970 Cod.
2338 1906 2489 1992 dipl.
2539 1905 2707 1971 Eccl.
2756 1906 2935 1990 bom,
2982 1928 3155 1970 num.
3204 1906 3591 1971 LXXXIII.

870 2122 1225 2207 Gregorius
1272 2122 1391 2186 IX.
1421 2122 1499 2187 (2)
1532 2122 2007 2186 Archidiacono
2039 2122 2421 2186 bononiensi
2453 2130 2518 2185 et
2549 2122 2763 2186 Priori
2796 2130 3016 2186 sancte
3049 2121 3256 2185 Marie
3290 2122 3369 2186 de
3401 2121 3609 2205 Rene,
3643 2131 3713 2187 et
3743 2123 3927 2187 fratri
3960 2124 4168 2188 Palm.
4206 2174 4220 2188 .
4257 2174 4272 2189 .
4310 2174 4326 2190 .

690 2230 999 2293 canonico
1047 2230 1316 2294 ecclesie
1364 2229 1444 2293 de
1496 2229 1942 2315 Campaniola,
1990 2229 2403 2293 bononiensis
2451 2236 2516 2293 et
2562 2229 2924 2314 reginensis
2972 2229 3358 2293 dioecesum.

868 2336 1238 2400 visibilium
1286 2343 1352 2400 et
1398 2336 1818 2400 invisibilium
1865 2337 2157 2401 conditor
2205 2337 2649 2422 cunctipotens
2698 2343 2761 2400 et
2810 2343 3068 2400 eternus
3115 2336 3237 2399 etsi
3283 2344 3472 2421 grata
3520 2338 3867 2403 multorum
3898 2340 4328 2425 perpetuitate

690 2444 1003 2508 bonorum
1051 2444 1362 2529 populum
1409 2443 1656 2508 reficiat
1701 2465 1892 2530 quem
1939 2443 2319 2529 plasmavit,
2369 2443 2550 2506 illum
2614 2451 2830 2507 tamen
2893 2451 3223 2527 gratorum
3288 2443 3647 2507 successiva
3708 2455 3958 2509 recreat
4004 2446 4327 2510 creatione

689 2572 1034 2633 novorum,
1082 2572 1158 2616 eo
1208 2551 1377 2636 quod
1427 2551 1540 2614 illa
1587 2551 1865 2614 humane
1914 2550 2298 2615 conditionis
2344 2550 2704 2633 affectibus,
2754 2559 2819 2615 et
2866 2572 2979 2614 sue
3028 2549 3253 2613 salutis
3301 2550 3636 2615 effectibus
3684 2553 3811 2616 sint
3860 2553 4096 2636 votiva,
4139 2560 4330 2639 prout

686 2658 919 2743 probat
966 2658 1280 2743 inspectio
1320 2659 1551 2722 florum
1583 2679 1814 2721 amena
1847 2658 2200 2722 recentium
2233 2665 2299 2721 et
2330 2658 2596 2722 exhibet
2627 2658 2954 2743 perceptio
2988 2657 3313 2721 fructuum
3343 2659 3627 2743 gratuita
3663 2660 4084 2724 novellorum.
4120 2660 4331 2745 Igitur

687 2764 771 2827 ad
819 2772 1077 2828 eternas
1126 2765 1391 2830 delicias
1439 2765 1737 2829 fidelibus
1787 2765 2240 2850 exponendas,
2291 2765 2373 2828 ad
2422 2764 2704 2828 dandum
2751 2765 3053 2849 gentibus
3099 2765 3282 2846 fidei,
3330 2766 3467 2851 spei
3514 2774 3577 2829 et
3625 2766 3957 2832 charitatis
4020 2788 4329 2852 augmen·
4388 2767 4401 2780 ’

687 2881 845 2954 tum,
896 2872 979 2935 ad
1028 2872 1399 2958 dirigendos
1449 2873 1514 2936 in
1563 2873 1731 2935 viam
1781 2873 1959 2958 pacis
2006 2880 2070 2935 et
2119 2872 2431 2936 claritatis
2479 2881 2698 2936 eterne
2761 2872 2958 2959 pedes
3006 2874 3072 2936 in
3120 2871 3401 2937 tenebris
3449 2880 3513 2936 et
3560 2874 3783 2937 mortis
3830 2874 4057 2937 umbra
4103 2874 4329 2938 seden-

686 2980 886 3062 tium,
937 2980 1093 3043 solis
1142 2988 1208 3043 et
1253 2981 1404 3044 lune
1451 2980 1758 3044 mirificus
1806 2987 2105 3066 operator
2153 2980 2218 3044 in
2267 2980 2486 3043 celesti
2534 2980 2695 3044 solio
2742 3001 2911 3044 nova
2960 2980 3253 3067 producit
3313 2980 3558 3043 lumina
3615 2980 3774 3045 lucis
3818 2981 4329 3066 inextinguibilis

689 3088 1011 3170 emissiva,
1058 3109 1173 3174 per
1221 3110 1344 3173 que
1392 3087 1693 3152 cordibus
1741 3088 2117 3151 devotorum
2169 3088 2571 3172 querentium
2622 3088 2880 3152 luminis
2929 3088 3273 3152 ineffabilis
3323 3087 3746 3151 lucidissimas
3802 3089 4167 3153 mansiones
4215 3090 4330 3152 im-

692 3195 996 3258 mensitas
1049 3194 1464 3258 exultationis
1512 3194 1890 3276 infunditur,
1940 3200 2004 3257 et
2052 3194 2182 3256 alia
2229 3193 2476 3257 infinita
2525 3194 2981 3259 beneficiorum
3028 3216 3269 3280 genera
3317 3194 3753 3259 conferuntur.
3801 3195 4007 3261 Porro
4049 3197 4331 3261 letantur

689 3302 906 3387 plures
954 3302 1150 3386 hujus
1198 3302 1525 3388 presentia
1572 3302 1878 3388 temporis
1924 3301 2126 3365 solam
2177 3301 2433 3365 stellam
2482 3302 2545 3365 in
2592 3301 2696 3365 die
2744 3303 3133 3389 prospicere,
3174 3304 3282 3389 qui
3332 3303 3598 3367 decurse
3646 3304 3849 3367 noctis
3898 3311 4185 3390 tempore
4233 3306 4328 3369 in-

692 3430 990 3473 numeras
1037 3406 1105 3474 se
1154 3410 1447 3473 recolunt
1494 3409 1869 3495 inspexisse.
1908 3408 2297 3473 Gaudebant
2337 3416 2399 3472 et
2435 3409 2609 3494 Magi
2652 3409 2974 3494 fulgorem
3006 3411 3308 3493 siderum,
3344 3433 3467 3496 que
3501 3411 3583 3474 ab
3616 3411 3799 3474 initio
3840 3411 3964 3475 Dei
4010 3413 4328 3497 sapientia

690 3517 933 3580 fecerat
981 3518 1234 3599 intueri,
1269 3516 1383 3580 sed
1429 3524 1796 3603 spectantes
1843 3517 2098 3580 stellam
2147 3537 2383 3580 novam
2428 3517 2491 3579 in
2543 3517 2809 3581 Oriente
2858 3518 3028 3602 regis
3077 3518 3214 3582 nati
3260 3519 3572 3601 nuntiam,
3608 3518 3845 3602 gaudio
3887 3520 4328 3605 inexplicabili

690 3632 840 3688 sunt
886 3626 1152 3712 perfusi.
1186 3625 1461 3689 Exultat
1508 3625 1810 3688 nimirum
1857 3635 1922 3689 et
1968 3633 2192 3689 sancta
2241 3632 2446 3688 mater
2492 3624 2787 3689 Ecclesia
2835 3647 2980 3689 cum
3028 3626 3092 3689 in
3140 3627 3282 3711 ejus
3331 3625 3580 3712 fulgido
3621 3626 4023 3691 firmamento
4058 3629 4329 3692 diversis

690 3741 1058 3797 sanctorum
1108 3733 1559 3819 splendoribus
1608 3732 1929 3796 illustrato
1977 3732 2185 3816 fulget
2231 3731 2309 3795 de
2360 3754 2525 3796 novo
2573 3732 2771 3818 sydus
2819 3733 3229 3819 perspicuum
3276 3733 3622 3819 singularis
3671 3742 3734 3797 et
3780 3734 4187 3819 precellentis
4231 3736 4327 3799 lu-

690 3840 877 3905 minis
928 3842 1355 3925 ostensivum,
1405 3862 1520 3927 per
1569 3840 1740 3926 quod
1788 3840 2226 3925 ignorantium
2272 3840 2623 3905 Dominum
2670 3842 2935 3906 tenebre
2983 3841 3468 3928 propelluntur,
3516 3863 3631 3927 per
3679 3840 3848 3927 quod
3899 3842 4329 3908 hereticorum

689 3970 1062 4034 perversum
1113 3949 1352 4036 dogma
1400 3947 1815 4012 confunditur
1863 3956 1926 4012 ct
1973 3948 2258 4012 fidelium
2319 3948 2510 4012 beata
2573 3948 2922 4012 credulitas
2992 3948 3376 4035 adaugetur.
3427 3948 3597 4013 Sane
3660 3948 4018 4034 gaudentes
4081 3950 4329 4035 pridem

691 4056 1094 4142 accepimus,
1143 4056 1316 4142 quod
1365 4056 1704 4120 recolende
1752 4055 2057 4120 memorie
2106 4055 2307 4119 frater
2353 4055 2753 4138 Dominicus,
2798 4056 3124 4141 plantator
3169 4056 3654 4121 Predicatorum
3706 4055 3968 4121 Ordinis
4015 4065 4078 4120 et
4125 4058 4330 4142 magi-

691 4173 851 4246 ster,
900 4163 1120 4227 divina
1196 4163 1636 4226 misericordia
1703 4163 2014 4246 faciente,
2063 4170 2463 4248 aggregatus
2525 4163 2764 4227 existat
2830 4162 3103 4247 collegio
3167 4163 3643 4249 Supernorum,
3692 4163 3966 4249 gloriam
4029 4186 4329 4229 concesse

688 4270 1104 4335 beatitudinis
1152 4270 1354 4355 signis
1402 4270 1771 4356 exprimens
1819 4269 2138 4355 gloriosis,
2176 4292 2325 4333 nam
2365 4271 2535 4333 circa
2581 4270 2949 4356 sepulcrum
2997 4271 3138 4355 ejus
3185 4279 3249 4334 et
3298 4270 3454 4334 locis
3504 4270 3651 4355 alijs
3698 4292 3815 4356 per
3862 4272 4335 4335 invocationem

688 4377 789 4441 sui
836 4378 1109 4442 nominis
1157 4387 1220 4442 et
1268 4378 1628 4442 devotionis
1676 4378 1924 4442 sincere
1972 4377 2321 4462 suffragia,
2371 4378 2576 4442 multa
2637 4378 2951 4441 miracula
2999 4378 3169 4442 circa
3218 4378 3483 4461 multos,
3533 4378 3846 4441 mirabilis
3893 4379 3958 4441 in
4008 4378 4155 4441 altis
4202 4377 4336 4443 Do-

690 4486 899 4549 minus
947 4486 1387 4572 multipliciter
1435 4493 1761 4572 operatur.
1809 4485 2054 4549 Verum
2107 4493 2172 4548 et
2217 4485 2271 4549 si
2320 4507 2436 4571 per
2481 4486 2796 4550 virtutum
2843 4485 3162 4570 insignia,
3211 4485 3444 4571 quibus
3494 4485 3645 4549 olim
3694 4494 4085 4550 memoratus
4134 4486 4335 4549 frater

688 4583 910 4659 extitit
952 4594 1430 4659 multiformiter
1477 4593 1844 4679 insignituS,
1891 4614 2004 4657 seu
2053 4614 2169 4679 per
2216 4593 2466 4657 famosa
2514 4594 2848 4676 miracula,
2899 4594 3131 4678 quibus
3181 4595 3322 4677 ejus
3371 4602 3595 4659 sancta
3641 4595 3909 4658 rutilare
3958 4594 4190 4659 dicitur
4238 4616 4336 4658 se·

689 4703 950 4788 pultura
998 4702 1253 4766 celestis
1302 4722 1535 4786 sponse
1583 4700 1849 4764 vocibus
1898 4699 1976 4764 de
2022 4707 2393 4764 sanctorum
2441 4722 2583 4765 esse
2633 4722 2899 4764 numero
2948 4701 3181 4765 debeat
3215 4700 3542 4783 affirmari,
3577 4709 3794 4764 tamen
3828 4701 3979 4786 quia
4014 4702 4336 4766 mentibus

691 4810 1013 4894 ambiguis
1063 4809 1276 4873 subito
1325 4809 1419 4873 rei
1468 4809 1708 4872 veritas
1756 4829 1882 4872 non
1933 4808 2234 4872 clarescit
2278 4816 2343 4872 et
2389 4808 2742 4894 repentinis
2793 4830 2920 4871 non
2969 4809 3133 4873 solet
3180 4808 3637 4872 miraculorum
3685 4808 3995 4872 relatibus
4035 4829 4335 4893 quorum·

690 4917 840 4979 dam
887 4915 1101 5001 specie
1150 4914 1466 4997 exultare,
1501 4934 1577 4978 eo
1626 4912 1794 4999 quod
1846 4935 2032 4977 omne
2082 4913 2346 4976 rutilum
2395 4935 2629 4978 nomen
2671 4914 2815 4977 auri
2846 4935 2972 4978 non
3006 4914 3330 5001 impetrat,
3365 4935 3483 4978 nec
3518 4914 3679 4977 ebur
3711 4912 4042 4999 quodlibet
4075 4913 4336 4977 niveum

692 5023 1066 5086 immitatur.
1119 5021 1291 5104 Nos,
1339 5021 1511 5107 quod
1558 5021 1963 5108 providentia
2011 5020 2396 5107 preambula
2442 5021 2627 5085 decet
2674 5021 2941 5107 festinos
2990 5022 3250 5085 incertis
3297 5029 3363 5086 et
3409 5030 3616 5086 certos
3665 5021 3730 5084 in
3777 5020 3992 5104 dubijs
4038 5021 4335 5104 inveniri,

692 5130 1064 5195 discretioni
1111 5136 1360 5211 vestre,
1409 5128 1488 5192 de
1538 5149 1666 5214 qua
1713 5128 1973 5215 plenam
2020 5128 2086 5191 in
2131 5126 2412 5192 Domino
2459 5128 2760 5192 fiduciam
2810 5128 3208 5212 obtinemus,
3265 5128 3647 5192 mandamus
3696 5133 4013 5213 quatenus
4068 5127 4336 5213 provide

692 5239 1119 5320 attendentes,
1154 5237 1324 5323 quod
1372 5237 1485 5300 lux
1535 5257 1689 5299 vcra
1736 5243 2103 5299 sanctorum
2151 5234 2469 5299 Dominus
2517 5236 2709 5300 Jesus
2759 5236 3053 5301 Christus
3087 5237 3287 5322 signis
3321 5236 3597 5322 publicis
3630 5243 3694 5300 et
3725 5235 4042 5322 prodigijs
4075 5235 4336 5299 eviden-

692 5346 864 5409 tibus
911 5343 1304 5430 trepidantia
1351 5342 1815 5429 discipulorum
1862 5349 2126 5427 pectora
2173 5343 2522 5426 roboravit,
2571 5350 2821 5407 mentes
2868 5365 3091 5407 eorum
3138 5343 3393 5407 nubilas
3443 5343 3522 5407 de
3586 5342 4072 5407 resurrectionis
4134 5342 4336 5406 admi-

693 5453 896 5516 randa
943 5451 1153 5537 gloria
1199 5472 1504 5536 expresse
1554 5449 1954 5513 certitudinis
2003 5449 2363 5513 clarificans
2398 5449 2809 5532 fulcimentis,
2845 5450 3042 5514 vitam
3076 5458 3139 5514 et
3173 5451 3727 5515 conversationem
3761 5450 4033 5536 predicti
4064 5449 4335 5532 Fratris,

692 5560 924 5645 quibus
972 5558 1114 5624 Deo
1163 5568 1229 5622 et
1275 5557 1641 5622 hominibus
1689 5557 1976 5621 noscitur
2022 5557 2364 5642 placuisse,
2403 5578 2519 5621 nec
2569 5579 2695 5621 non
2745 5558 3059 5622 miracula
3107 5579 3250 5643 que,
3285 5565 3547 5622 auctore
3581 5557 3743 5639 Dec,
3778 5557 3856 5621 de
3904 5557 4002 5620 sui
4051 5558 4336 5642 corporis

693 5666 1035 5731 sanctitate
1083 5665 1460 5753 procedunt,
1509 5664 1732 5728 habita
1779 5686 1893 5750 pre
1942 5663 2144 5729 oculis
2191 5664 2330 5727 sola
2380 5663 2594 5728 divine
2641 5665 3006 5729 reverentia
3062 5665 3444 5750 majestatis,
3484 5686 3600 5751 per
3648 5672 3843 5728 testes
3892 5664 4156 5728 idoneos
4204 5672 4337 5729 stu·

692 5774 897 5838 deatis
942 5773 1264 5860 inquirere
1313 5780 1504 5836 cauta
1551 5771 1887 5857 diligentia
1934 5779 1997 5835 et
2044 5771 2474 5836 sollicitudine
2521 5772 2856 5858 vigilanti3
2892 5794 3014 5858 que
3063 5774 3128 5836 in
3177 5773 3430 5859 scriptis
3479 5771 3742 5837 redacta
3789 5772 3908 5836 sub
3957 5771 4188 5856 sigillis
4225 5793 4335 5835 ve·

693 5882 861 5963 striS,
911 5880 1186 5944 fideliter
1233 5879 1647 5961 conservetis,
1695 5879 1808 5942 illa
1855 5878 2061 5961 nobis,
2110 5886 2451 5964 postquam
2499 5879 2875 5943 mandatum
2925 5880 3350 5967 apostolicum
3398 5880 3791 5965 receperitis,
3840 5900 3955 5965 per
4001 5878 4223 5943 fideles
4271 5886 4338 5942 et

693 5989 1011 6052 solemnes
1058 5987 1315 6051 nuntios
1363 5985 1822 6051 transmissuri.
1872 5985 2059 6060 Quod
2105 5986 2160 6049 si
2208 6007 2335 6050 non
2385 6008 2605 6051 omnes
2653 5995 2775 6051 etc.

872 6096 1113 6160 Datum
1161 6093 1471 6157 Laterani
1520 6094 1710 6158 tertio
1761 6093 1903 6156 idus
1945 6092 2115 6177 julii,
2163 6093 2575 6180 pontificatus
2624 6094 2826 6157 nostri
2875 6115 3044 6158 anno
3093 6094 3388 6180 septimo.

855 6362 934 6425 (1)
974 6359 1038 6411 In
1077 6359 1350 6428 margine:
1393 6376 1423 6408 ι
1465 6359 1676 6423 Questio
1711 6374 1810 6424 que
1847 6359 2146 6410 vertebatur
2183 6360 2325 6411 inter
2361 6362 2660 6427 episcopum
2698 6367 2743 6412 et
2780 6361 3075 6427 capitulum
3118 6360 3434 6412 bonom'ense
3477 6376 3641 6426 supet·
3675 6360 3917 6411 electione
3963 6359 4341 6425 archide'aconj

694 6457 740 6502 et
781 6451 845 6501 (Ie
885 6450 1036 6502 modo
1070 6449 1286 6501 sublata
1324 6450 1681 6502 controversia
1719 6448 1884 6500 alteri
1908 6464 2062 6516 papa
2100 6450 2321 6500 contulit
2358 6467 2405 6500 ».

856 6540 932 6604 (2)
971 6538 1054 6588 Ex
1092 6554 1204 6606 reg.
1233 6536 1621 6612 IV.VGregorii
1661 6536 1792 6601 1x.‚
1832 6552 1919 6606 ep.
1959 6539 2079 6602 240,
2121 6537 2215 6588 fol.
2256 6539 2343 6601 69,
2382 6536 2832 6603 MCCXXXIII„
2873 6537 3030 6589 XIII.
3069 6538 3206 6589 iulii.
