<?xml version="1.0" encoding="UTF-8"?>
<!DOCTYPE html PUBLIC "-//W3C//DTD XHTML 1.0 Transitional//EN"
    "http://www.w3.org/TR/xhtml1/DTD/xhtml1-transitional.dtd">
<html xmlns="http://www.w3.org/1999/xhtml" xml:lang="en" lang="en">
 <head>
  <title>
</title>
<meta http-equiv="Content-Type" content="text/html;charset=utf-8" />
  <meta name='ocr-system' content='tesseract 3.04.00' />
  <meta name='ocr-capabilities' content='ocr_page ocr_carea ocr_par ocr_line ocrx_word'/>
</head>
<body>
  <div class='ocr_page' id='page_1' title='image "./declarisarchigy00malagoog_0181.png"; bbox 0 0 5542 7775; ppageno 0'>
   <div class='ocr_carea' id='block_1_1' title="bbox 1361 597 3425 668">
    <p class='ocr_par' dir='ltr' id='par_1_1' title="bbox 1361 597 3425 668">
     <span class='ocr_line' id='line_1_1' title="bbox 1361 597 3425 668; baseline 0 -2"><span class='ocrx_word' id='word_1_1' title='bbox 1361 597 1510 668; x_wconf 80' lang='grc'>202</span> <span class='ocrx_word' id='word_1_2' title='bbox 2944 617 3425 667; x_wconf 59' lang='lat' dir='ltr'>messmam-A</span> 
     </span>
    </p>
   </div>
   <div class='ocr_carea' id='block_1_2' title="bbox 1346 770 4999 4178">
    <p class='ocr_par' dir='ltr' id='par_1_2' title="bbox 1346 770 4999 4178">
     <span class='ocr_line' id='line_1_2' title="bbox 1359 770 4988 858; baseline 0.001 -23"><span class='ocrx_word' id='word_1_3' title='bbox 1359 773 1558 836; x_wconf 85' lang='lat' dir='ltr'><strong>nostri</strong></span> <span class='ocrx_word' id='word_1_4' title='bbox 1602 772 1920 837; x_wconf 72' lang='lat' dir='ltr'>Venerosi</span> <span class='ocrx_word' id='word_1_5' title='bbox 1967 773 2080 837; x_wconf 84' lang='lat' dir='ltr'>filii</span> <span class='ocrx_word' id='word_1_6' title='bbox 2135 772 2526 837; x_wconf 88' lang='lat' dir='ltr'>Brandalisii</span> <span class='ocrx_word' id='word_1_7' title='bbox 2578 772 2831 835; x_wconf 90' lang='lat' dir='ltr'>comitis</span> <span class='ocrx_word' id='word_1_8' title='bbox 2878 772 3165 855; x_wconf 86' lang='lat' dir='ltr'>Palatinj</span> <span class='ocrx_word' id='word_1_9' title='bbox 3213 770 3292 834; x_wconf 90' lang='lat' dir='ltr'>de</span> <span class='ocrx_word' id='word_1_10' title='bbox 3338 770 3687 835; x_wconf 71' lang='lat' dir='ltr'>Venerosis</span> <span class='ocrx_word' id='word_1_11' title='bbox 3734 771 3813 834; x_wconf 87' lang='lat' dir='ltr'>dc</span> <span class='ocrx_word' id='word_1_12' title='bbox 3861 772 4031 858; x_wconf 87' lang='lat' dir='ltr'>Ripa</span> <span class='ocrx_word' id='word_1_13' title='bbox 4084 772 4287 836; x_wconf 89' lang='lat' dir='ltr'>insule</span> <span class='ocrx_word' id='word_1_14' title='bbox 4324 772 4589 837; x_wconf 84' lang='lat' dir='ltr'>Suzarie</span> <span class='ocrx_word' id='word_1_15' title='bbox 4623 782 4685 837; x_wconf 89' lang='lat' dir='ltr'>et</span> <span class='ocrx_word' id='word_1_16' title='bbox 4717 773 4988 841; x_wconf 91' lang='lat' dir='ltr'>Bardine</span> 
     </span>
     <span class='ocr_line' id='line_1_3' title="bbox 1356 870 4988 968; baseline 0.001 -25"><span class='ocrx_word' id='word_1_17' title='bbox 1356 890 1420 943; x_wconf 85' lang='lat' dir='ltr'>ct</span> <span class='ocrx_word' id='word_1_18' title='bbox 1470 888 1695 965; x_wconf 90' lang='lat' dir='ltr'>quarte</span> <span class='ocrx_word' id='word_1_19' title='bbox 1746 880 1946 966; x_wconf 90' lang='lat' dir='ltr'>partis</span> <span class='ocrx_word' id='word_1_20' title='bbox 1995 881 2193 944; x_wconf 89' lang='lat' dir='ltr'>totius</span> <span class='ocrx_word' id='word_1_21' title='bbox 2241 879 2520 943; x_wconf 79' lang='lat' dir='ltr'>civitatis</span> <span class='ocrx_word' id='word_1_22' title='bbox 2567 878 2848 960; x_wconf 87' lang='lat' dir='ltr'>Verone,</span> <span class='ocrx_word' id='word_1_23' title='bbox 2884 886 3145 965; x_wconf 90' lang='lat' dir='ltr'>propter</span> <span class='ocrx_word' id='word_1_24' title='bbox 3192 878 3487 964; x_wconf 86' lang='lat' dir='ltr'>preclara</span> <span class='ocrx_word' id='word_1_25' title='bbox 3536 879 3799 942; x_wconf 71' lang='lat' dir='ltr'>servitia</span> <span class='ocrx_word' id='word_1_26' title='bbox 3849 901 3972 964; x_wconf 91' lang='lat' dir='ltr'>que</span> <span class='ocrx_word' id='word_1_27' title='bbox 4022 879 4206 943; x_wconf 85' lang='lat' dir='ltr'>nobis</span> <span class='ocrx_word' id='word_1_28' title='bbox 4253 887 4317 943; x_wconf 87' lang='lat' dir='ltr'>et</span> <span class='ocrx_word' id='word_1_29' title='bbox 4364 880 4643 966; x_wconf 84' lang='lat' dir='ltr'>Imperio</span> <span class='ocrx_word' id='word_1_30' title='bbox 4686 870 4988 968; x_wconf 87' lang='lat' dir='ltr'>intrepide</span> 
     </span>
     <span class='ocr_line' id='line_1_4' title="bbox 1357 985 4988 1072; baseline 0.001 -23"><span class='ocrx_word' id='word_1_31' title='bbox 1357 986 1650 1050; x_wconf 82' lang='lat' dir='ltr'>exhibuit</span> <span class='ocrx_word' id='word_1_32' title='bbox 1698 995 1759 1049; x_wconf 91' lang='lat' dir='ltr'>ct</span> <span class='ocrx_word' id='word_1_33' title='bbox 1811 987 2226 1072; x_wconf 83' lang='lat' dir='ltr'>imposterum</span> <span class='ocrx_word' id='word_1_34' title='bbox 2276 985 2558 1050; x_wconf 91' lang='lat' dir='ltr'>creditur</span> <span class='ocrx_word' id='word_1_35' title='bbox 2611 986 3055 1067; x_wconf 75' lang='lat' dir='ltr'>exhibiturae,</span> <span class='ocrx_word' id='word_1_36' title='bbox 3108 985 3423 1071; x_wconf 87' lang='lat' dir='ltr'>imperiali</span> <span class='ocrx_word' id='word_1_37' title='bbox 3488 985 3923 1049; x_wconf 84' lang='lat' dir='ltr'>munificentia</span> <span class='ocrx_word' id='word_1_38' title='bbox 3986 986 4393 1049; x_wconf 69' lang='lat' dir='ltr'>concedimus</span> <span class='ocrx_word' id='word_1_39' title='bbox 4440 994 4505 1050; x_wconf 86' lang='lat' dir='ltr'>et</span> <span class='ocrx_word' id='word_1_40' title='bbox 4550 988 4988 1053; x_wconf 85' lang='lat' dir='ltr'>confirmamus</span> 
     </span>
     <span class='ocr_line' id='line_1_5' title="bbox 1358 1091 4987 1181; baseline 0.001 -26"><span class='ocrx_word' id='word_1_41' title='bbox 1358 1093 1480 1179; x_wconf 87' lang='lat' dir='ltr'>ipsi</span> <span class='ocrx_word' id='word_1_42' title='bbox 1525 1092 1859 1157; x_wconf 77' lang='lat' dir='ltr'>Veneroso</span> <span class='ocrx_word' id='word_1_43' title='bbox 1909 1094 2125 1158; x_wconf 88' lang='lat' dir='ltr'>comiti</span> <span class='ocrx_word' id='word_1_44' title='bbox 2173 1093 2476 1157; x_wconf 88' lang='lat' dir='ltr'>Palatino</span> <span class='ocrx_word' id='word_1_45' title='bbox 2527 1093 2610 1156; x_wconf 90' lang='lat' dir='ltr'>ad</span> <span class='ocrx_word' id='word_1_46' title='bbox 2657 1093 2965 1156; x_wconf 89' lang='lat' dir='ltr'>honorem</span> <span class='ocrx_word' id='word_1_47' title='bbox 3014 1091 3239 1155; x_wconf 85' lang='lat' dir='ltr'>militie</span> <span class='ocrx_word' id='word_1_48' title='bbox 3288 1114 3402 1178; x_wconf 93' lang='lat' dir='ltr'>pro</span> <span class='ocrx_word' id='word_1_49' title='bbox 3460 1115 3528 1156; x_wconf 89' lang='lat' dir='ltr'>se</span> <span class='ocrx_word' id='word_1_50' title='bbox 3576 1092 3834 1178; x_wconf 87' lang='lat' dir='ltr'>suisque</span> <span class='ocrx_word' id='word_1_51' title='bbox 3882 1093 4065 1175; x_wconf 86' lang='lat' dir='ltr'>filiis,</span> <span class='ocrx_word' id='word_1_52' title='bbox 4114 1092 4460 1157; x_wconf 80' lang='lat' dir='ltr'>heredibus</span> <span class='ocrx_word' id='word_1_53' title='bbox 4506 1094 4571 1157; x_wconf 92' lang='lat' dir='ltr'>in</span> <span class='ocrx_word' id='word_1_54' title='bbox 4620 1101 4987 1181; x_wconf 89' lang='lat' dir='ltr'>perpetuum</span> 
     </span>
     <span class='ocr_line' id='line_1_6' title="bbox 1354 1198 4987 1289; baseline 0.001 -25"><span class='ocrx_word' id='word_1_55' title='bbox 1354 1223 1471 1287; x_wconf 92' lang='lat' dir='ltr'>per</span> <span class='ocrx_word' id='word_1_56' title='bbox 1517 1208 1722 1264; x_wconf 86' lang='lat' dir='ltr'>totum</span> <span class='ocrx_word' id='word_1_57' title='bbox 1773 1223 2110 1265; x_wconf 90' lang='lat' dir='ltr'>romanum</span> <span class='ocrx_word' id='word_1_58' title='bbox 2157 1202 2530 1288; x_wconf 84' lang='lat' dir='ltr'>Imperium,</span> <span class='ocrx_word' id='word_1_59' title='bbox 2567 1201 2703 1264; x_wconf 91' lang='lat' dir='ltr'>iure</span> <span class='ocrx_word' id='word_1_60' title='bbox 2751 1199 3150 1263; x_wconf 89' lang='lat' dir='ltr'>honorabilis</span> <span class='ocrx_word' id='word_1_61' title='bbox 3200 1198 3371 1263; x_wconf 86' lang='lat' dir='ltr'>feudi</span> <span class='ocrx_word' id='word_1_62' title='bbox 3421 1207 3483 1264; x_wconf 93' lang='lat' dir='ltr'>et</span> <span class='ocrx_word' id='word_1_63' title='bbox 3532 1200 3931 1281; x_wconf 78' lang='lat' dir='ltr'>investiture,</span> <span class='ocrx_word' id='word_1_64' title='bbox 3969 1200 4343 1264; x_wconf 82' lang='lat' dir='ltr'>facultatem</span> <span class='ocrx_word' id='word_1_65' title='bbox 4392 1210 4455 1265; x_wconf 92' lang='lat' dir='ltr'>et</span> <span class='ocrx_word' id='word_1_66' title='bbox 4502 1201 4774 1266; x_wconf 83' lang='lat' dir='ltr'>liberam</span> <span class='ocrx_word' id='word_1_67' title='bbox 4820 1211 4987 1289; x_wconf 89' lang='lat' dir='ltr'>pote-</span> 
     </span>
     <span class='ocr_line' id='line_1_7' title="bbox 1356 1306 4987 1395; baseline 0.001 -24"><span class='ocrx_word' id='word_1_68' title='bbox 1356 1315 1586 1371; x_wconf 81' lang='lat' dir='ltr'>statem</span> <span class='ocrx_word' id='word_1_69' title='bbox 1637 1308 1976 1372; x_wconf 87' lang='lat' dir='ltr'>ordinandi</span> <span class='ocrx_word' id='word_1_70' title='bbox 2024 1317 2086 1372; x_wconf 86' lang='lat' dir='ltr'>ct</span> <span class='ocrx_word' id='word_1_71' title='bbox 2137 1308 2418 1373; x_wconf 88' lang='lat' dir='ltr'>faciendi</span> <span class='ocrx_word' id='word_1_72' title='bbox 2463 1307 2629 1373; x_wconf 82' lang='lat' dir='ltr'>filios</span> <span class='ocrx_word' id='word_1_73' title='bbox 2678 1307 3068 1393; x_wconf 84' lang='lat' dir='ltr'>legiptimos,</span> <span class='ocrx_word' id='word_1_74' title='bbox 3104 1307 3211 1392; x_wconf 91' lang='lat' dir='ltr'>qui</span> <span class='ocrx_word' id='word_1_75' title='bbox 3262 1328 3386 1370; x_wconf 92' lang='lat' dir='ltr'>non</span> <span class='ocrx_word' id='word_1_76' title='bbox 3436 1315 3585 1370; x_wconf 88' lang='lat' dir='ltr'>sunt</span> <span class='ocrx_word' id='word_1_77' title='bbox 3617 1306 3960 1393; x_wconf 81' lang='lat' dir='ltr'>legiptimj,</span> <span class='ocrx_word' id='word_1_78' title='bbox 3996 1314 4057 1371; x_wconf 93' lang='lat' dir='ltr'>et</span> <span class='ocrx_word' id='word_1_79' title='bbox 4092 1307 4256 1372; x_wconf 86' lang='lat' dir='ltr'>filios</span> <span class='ocrx_word' id='word_1_80' title='bbox 4290 1308 4627 1395; x_wconf 79' lang='lat' dir='ltr'>adoptivos</span> <span class='ocrx_word' id='word_1_81' title='bbox 4660 1317 4721 1373; x_wconf 89' lang='lat' dir='ltr'>et</span> <span class='ocrx_word' id='word_1_82' title='bbox 4749 1310 4987 1393; x_wconf 89' lang='lat' dir='ltr'>judices</span> 
     </span>
     <span class='ocr_line' id='line_1_8' title="bbox 1356 1413 4987 1503; baseline 0.001 -24"><span class='ocrx_word' id='word_1_83' title='bbox 1356 1415 1714 1479; x_wconf 89' lang='lat' dir='ltr'>ordinarios</span> <span class='ocrx_word' id='word_1_84' title='bbox 1761 1424 1826 1479; x_wconf 88' lang='lat' dir='ltr'>et</span> <span class='ocrx_word' id='word_1_85' title='bbox 1874 1416 2176 1498; x_wconf 65' lang='lat' dir='ltr'>notario-a,</span> <span class='ocrx_word' id='word_1_86' title='bbox 2226 1423 2290 1479; x_wconf 86' lang='lat' dir='ltr'>et</span> <span class='ocrx_word' id='word_1_87' title='bbox 2337 1416 2534 1479; x_wconf 88' lang='lat' dir='ltr'>ctiam</span> <span class='ocrx_word' id='word_1_88' title='bbox 2582 1416 2876 1501; x_wconf 88' lang='lat' dir='ltr'>accipere</span> <span class='ocrx_word' id='word_1_89' title='bbox 2924 1422 2988 1478; x_wconf 87' lang='lat' dir='ltr'>et</span> <span class='ocrx_word' id='word_1_90' title='bbox 3036 1413 3280 1477; x_wconf 90' lang='lat' dir='ltr'>alluere</span> <span class='ocrx_word' id='word_1_91' title='bbox 3337 1421 3402 1477; x_wconf 86' lang='lat' dir='ltr'>et</span> <span class='ocrx_word' id='word_1_92' title='bbox 3448 1415 3792 1478; x_wconf 79' lang='lat' dir='ltr'>extrahere</span> <span class='ocrx_word' id='word_1_93' title='bbox 3839 1415 4000 1478; x_wconf 91' lang='lat' dir='ltr'>duos</span> <span class='ocrx_word' id='word_1_94' title='bbox 4048 1415 4339 1480; x_wconf 89' lang='lat' dir='ltr'>homines</span> <span class='ocrx_word' id='word_1_95' title='bbox 4387 1416 4887 1503; x_wconf 84' lang='lat' dir='ltr'>condempnatos</span> <span class='ocrx_word' id='word_1_96' title='bbox 4931 1418 4987 1481; x_wconf 90' lang='lat' dir='ltr'>in</span> 
     </span>
     <span class='ocr_line' id='line_1_9' title="bbox 1355 1519 4989 1607; baseline 0.001 -23"><span class='ocrx_word' id='word_1_97' title='bbox 1355 1543 1629 1607; x_wconf 88' lang='lat' dir='ltr'>persona</span> <span class='ocrx_word' id='word_1_98' title='bbox 1680 1530 1744 1584; x_wconf 91' lang='lat' dir='ltr'>et</span> <span class='ocrx_word' id='word_1_99' title='bbox 1793 1521 1856 1584; x_wconf 92' lang='lat' dir='ltr'>in</span> <span class='ocrx_word' id='word_1_100' title='bbox 1907 1522 2181 1607; x_wconf 89' lang='lat' dir='ltr'>pecunia</span> <span class='ocrx_word' id='word_1_101' title='bbox 2230 1521 2308 1584; x_wconf 90' lang='lat' dir='ltr'>de</span> <span class='ocrx_word' id='word_1_102' title='bbox 2357 1521 2616 1607; x_wconf 87' lang='lat' dir='ltr'>banpno</span> <span class='ocrx_word' id='word_1_103' title='bbox 2667 1530 2730 1584; x_wconf 88' lang='lat' dir='ltr'>et</span> <span class='ocrx_word' id='word_1_104' title='bbox 2778 1520 3143 1584; x_wconf 86' lang='lat' dir='ltr'>carceribus</span> <span class='ocrx_word' id='word_1_105' title='bbox 3191 1519 3535 1604; x_wconf 87' lang='lat' dir='ltr'>cujuslibet</span> <span class='ocrx_word' id='word_1_106' title='bbox 3586 1522 3894 1603; x_wconf 87' lang='lat' dir='ltr'>comunis,</span> <span class='ocrx_word' id='word_1_107' title='bbox 3930 1522 4210 1585; x_wconf 77' lang='lat' dir='ltr'>civitatis</span> <span class='ocrx_word' id='word_1_108' title='bbox 4256 1521 4358 1585; x_wconf 82' lang='lat' dir='ltr'>vel</span> <span class='ocrx_word' id='word_1_109' title='bbox 4403 1523 4597 1585; x_wconf 80' lang='lat' dir='ltr'>castri</span> <span class='ocrx_word' id='word_1_110' title='bbox 4646 1523 4729 1585; x_wconf 90' lang='lat' dir='ltr'>ad</span> <span class='ocrx_word' id='word_1_111' title='bbox 4774 1523 4989 1587; x_wconf 81' lang='lat' dir='ltr'>volun-</span> 
     </span>
     <span class='ocr_line' id='line_1_10' title="bbox 1354 1628 4988 1715; baseline 0.001 -23"><span class='ocrx_word' id='word_1_112' title='bbox 1354 1638 1555 1693; x_wconf 87' lang='lat' dir='ltr'>tatem</span> <span class='ocrx_word' id='word_1_113' title='bbox 1602 1629 1701 1692; x_wconf 89' lang='lat' dir='ltr'>sui</span> <span class='ocrx_word' id='word_1_114' title='bbox 1751 1628 1887 1691; x_wconf 89' lang='lat' dir='ltr'>sine</span> <span class='ocrx_word' id='word_1_115' title='bbox 1937 1629 2441 1693; x_wconf 84' lang='lat' dir='ltr'>contradictione</span> <span class='ocrx_word' id='word_1_116' title='bbox 2489 1628 2591 1691; x_wconf 79' lang='lat' dir='ltr'>vel</span> <span class='ocrx_word' id='word_1_117' title='bbox 2643 1628 3091 1691; x_wconf 83' lang='lat' dir='ltr'>molestatione</span> <span class='ocrx_word' id='word_1_118' title='bbox 3139 1628 3414 1711; x_wconf 87' lang='lat' dir='ltr'>alicujus</span> <span class='ocrx_word' id='word_1_119' title='bbox 3464 1650 3779 1714; x_wconf 85' lang='lat' dir='ltr'>persone,</span> <span class='ocrx_word' id='word_1_120' title='bbox 3830 1629 4214 1714; x_wconf 91' lang='lat' dir='ltr'>ubicumque</span> <span class='ocrx_word' id='word_1_121' title='bbox 4262 1629 4389 1693; x_wconf 86' lang='lat' dir='ltr'>sint</span> <span class='ocrx_word' id='word_1_122' title='bbox 4450 1651 4567 1715; x_wconf 88' lang='lat' dir='ltr'>per</span> <span class='ocrx_word' id='word_1_123' title='bbox 4632 1638 4837 1694; x_wconf 90' lang='lat' dir='ltr'>totum</span> <span class='ocrx_word' id='word_1_124' title='bbox 4897 1654 4988 1695; x_wconf 92' lang='lat' dir='ltr'>ro·</span> 
     </span>
     <span class='ocr_line' id='line_1_11' title="bbox 1356 1735 4987 1822; baseline 0.001 -23"><span class='ocrx_word' id='word_1_125' title='bbox 1356 1757 1616 1799; x_wconf 89' lang='lat' dir='ltr'>manum</span> <span class='ocrx_word' id='word_1_126' title='bbox 1665 1735 2038 1821; x_wconf 87' lang='lat' dir='ltr'>Imperium,</span> <span class='ocrx_word' id='word_1_127' title='bbox 2075 1736 2211 1799; x_wconf 90' lang='lat' dir='ltr'>siue</span> <span class='ocrx_word' id='word_1_128' title='bbox 2259 1742 2478 1799; x_wconf 86' lang='lat' dir='ltr'>nostra</span> <span class='ocrx_word' id='word_1_129' title='bbox 2527 1744 3020 1819; x_wconf 89' lang='lat' dir='ltr'>nostrorumque</span> <span class='ocrx_word' id='word_1_130' title='bbox 3053 1756 3491 1798; x_wconf 90' lang='lat' dir='ltr'>successorum</span> <span class='ocrx_word' id='word_1_131' title='bbox 3526 1743 3589 1798; x_wconf 91' lang='lat' dir='ltr'>et</span> <span class='ocrx_word' id='word_1_132' title='bbox 3623 1736 3987 1821; x_wconf 89' lang='lat' dir='ltr'>aliquarum</span> <span class='ocrx_word' id='word_1_133' title='bbox 4019 1756 4437 1821; x_wconf 87' lang='lat' dir='ltr'>personarum</span> <span class='ocrx_word' id='word_1_134' title='bbox 4472 1737 4987 1822; x_wconf 88' lang='lat' dir='ltr'>contradictione,</span> 
     </span>
     <span class='ocr_line' id='line_1_12' title="bbox 1352 1841 4989 1929; baseline 0 -22"><span class='ocrx_word' id='word_1_135' title='bbox 1352 1844 1456 1907; x_wconf 73' lang='lat' dir='ltr'>vel</span> <span class='ocrx_word' id='word_1_136' title='bbox 1506 1843 1976 1923; x_wconf 86' lang='lat' dir='ltr'>molestatione,</span> <span class='ocrx_word' id='word_1_137' title='bbox 2027 1843 2171 1927; x_wconf 90' lang='lat' dir='ltr'>lege</span> <span class='ocrx_word' id='word_1_138' title='bbox 2220 1842 2438 1928; x_wconf 87' lang='lat' dir='ltr'>aliqua</span> <span class='ocrx_word' id='word_1_139' title='bbox 2489 1864 2616 1905; x_wconf 90' lang='lat' dir='ltr'>non</span> <span class='ocrx_word' id='word_1_140' title='bbox 2665 1842 2985 1923; x_wconf 87' lang='lat' dir='ltr'>obstante,</span> <span class='ocrx_word' id='word_1_141' title='bbox 3021 1849 3084 1905; x_wconf 88' lang='lat' dir='ltr'>et</span> <span class='ocrx_word' id='word_1_142' title='bbox 3135 1841 3245 1904; x_wconf 89' lang='lat' dir='ltr'>illa</span> <span class='ocrx_word' id='word_1_143' title='bbox 3296 1842 3619 1928; x_wconf 89' lang='lat' dir='ltr'>precipue,</span> <span class='ocrx_word' id='word_1_144' title='bbox 3656 1864 3779 1927; x_wconf 89' lang='lat' dir='ltr'>que</span> <span class='ocrx_word' id='word_1_145' title='bbox 3829 1842 4221 1929; x_wconf 87' lang='lat' dir='ltr'>legiptimari</span> <span class='ocrx_word' id='word_1_146' title='bbox 4268 1844 4520 1929; x_wconf 89' lang='lat' dir='ltr'>spurios</span> <span class='ocrx_word' id='word_1_147' title='bbox 4554 1844 4791 1907; x_wconf 81' lang='lat' dir='ltr'>nisiex</span> <span class='ocrx_word' id='word_1_148' title='bbox 4824 1854 4989 1909; x_wconf 88' lang='lat' dir='ltr'>certa</span> 
     </span>
     <span class='ocr_line' id='line_1_13' title="bbox 1355 1948 4990 2036; baseline 0.001 -23"><span class='ocrx_word' id='word_1_149' title='bbox 1355 1951 1624 2015; x_wconf 88' lang='lat' dir='ltr'>scientia</span> <span class='ocrx_word' id='word_1_150' title='bbox 1689 1971 1812 2013; x_wconf 93' lang='lat' dir='ltr'>non</span> <span class='ocrx_word' id='word_1_151' title='bbox 1870 1949 2201 2035; x_wconf 90' lang='lat' dir='ltr'>permittit.</span> <span class='ocrx_word' id='word_1_152' title='bbox 2255 1949 2358 2012; x_wconf 88' lang='lat' dir='ltr'>Ita</span> <span class='ocrx_word' id='word_1_153' title='bbox 2404 1948 2573 2034; x_wconf 90' lang='lat' dir='ltr'>quod</span> <span class='ocrx_word' id='word_1_154' title='bbox 2624 1970 3060 2034; x_wconf 89' lang='lat' dir='ltr'>quoscumque</span> <span class='ocrx_word' id='word_1_155' title='bbox 3110 1948 3333 2012; x_wconf 83' lang='lat' dir='ltr'>fecerit</span> <span class='ocrx_word' id='word_1_156' title='bbox 3394 1949 3641 2034; x_wconf 87' lang='lat' dir='ltr'>possint</span> <span class='ocrx_word' id='word_1_157' title='bbox 3689 1950 4030 2013; x_wconf 88' lang='lat' dir='ltr'>succedere</span> <span class='ocrx_word' id='word_1_158' title='bbox 4079 1949 4423 2013; x_wconf 86' lang='lat' dir='ltr'>hereditati</span> <span class='ocrx_word' id='word_1_159' title='bbox 4469 1951 4670 2036; x_wconf 86' lang='lat' dir='ltr'>patris</span> <span class='ocrx_word' id='word_1_160' title='bbox 4716 1958 4779 2014; x_wconf 89' lang='lat' dir='ltr'>et</span> <span class='ocrx_word' id='word_1_161' title='bbox 4826 1954 4990 2016; x_wconf 90' lang='lat' dir='ltr'>omni</span> 
     </span>
     <span class='ocr_line' id='line_1_14' title="bbox 1353 2055 4990 2145; baseline 0 -24"><span class='ocrx_word' id='word_1_162' title='bbox 1353 2058 1463 2121; x_wconf 92' lang='lat' dir='ltr'>alii</span> <span class='ocrx_word' id='word_1_163' title='bbox 1512 2080 1628 2120; x_wconf 89' lang='lat' dir='ltr'>suo</span> <span class='ocrx_word' id='word_1_164' title='bbox 1672 2057 1804 2141; x_wconf 87' lang='lat' dir='ltr'>juri</span> <span class='ocrx_word' id='word_1_165' title='bbox 1855 2064 2186 2141; x_wconf 82' lang='lat' dir='ltr'>tamquam</span> <span class='ocrx_word' id='word_1_166' title='bbox 2235 2057 2369 2119; x_wconf 82' lang='lat' dir='ltr'>veri</span> <span class='ocrx_word' id='word_1_167' title='bbox 2420 2063 2483 2119; x_wconf 83' lang='lat' dir='ltr'>et</span> <span class='ocrx_word' id='word_1_168' title='bbox 2533 2055 2847 2142; x_wconf 88' lang='lat' dir='ltr'>legiptimi</span> <span class='ocrx_word' id='word_1_169' title='bbox 2899 2056 3071 2119; x_wconf 78' lang='lat' dir='ltr'>cives</span> <span class='ocrx_word' id='word_1_170' title='bbox 3122 2056 3401 2137; x_wconf 88' lang='lat' dir='ltr'>romani,</span> <span class='ocrx_word' id='word_1_171' title='bbox 3450 2064 3513 2119; x_wconf 91' lang='lat' dir='ltr'>et</span> <span class='ocrx_word' id='word_1_172' title='bbox 3563 2056 3777 2119; x_wconf 87' lang='lat' dir='ltr'>omnia</span> <span class='ocrx_word' id='word_1_173' title='bbox 3826 2056 4035 2119; x_wconf 86' lang='lat' dir='ltr'>officia</span> <span class='ocrx_word' id='word_1_174' title='bbox 4081 2063 4143 2120; x_wconf 91' lang='lat' dir='ltr'>et</span> <span class='ocrx_word' id='word_1_175' title='bbox 4186 2056 4514 2140; x_wconf 88' lang='lat' dir='ltr'>judicatus</span> <span class='ocrx_word' id='word_1_176' title='bbox 4570 2066 4634 2121; x_wconf 91' lang='lat' dir='ltr'>et</span> <span class='ocrx_word' id='word_1_177' title='bbox 4690 2066 4835 2120; x_wconf 88' lang='lat' dir='ltr'>acta</span> <span class='ocrx_word' id='word_1_178' title='bbox 4882 2081 4990 2145; x_wconf 91' lang='lat' dir='ltr'>pu·</span> 
     </span>
     <span class='ocr_line' id='line_1_15' title="bbox 1357 2163 4988 2251; baseline 0.001 -25"><span class='ocrx_word' id='word_1_179' title='bbox 1357 2164 1544 2246; x_wconf 89' lang='lat' dir='ltr'>blica,</span> <span class='ocrx_word' id='word_1_180' title='bbox 1595 2171 1963 2228; x_wconf 89' lang='lat' dir='ltr'>contractus</span> <span class='ocrx_word' id='word_1_181' title='bbox 2012 2163 2416 2227; x_wconf 88' lang='lat' dir='ltr'>conscribere</span> <span class='ocrx_word' id='word_1_182' title='bbox 2466 2170 2659 2248; x_wconf 87' lang='lat' dir='ltr'>atque</span> <span class='ocrx_word' id='word_1_183' title='bbox 2708 2164 3043 2243; x_wconf 80' lang='lat' dir='ltr'>conticere,</span> <span class='ocrx_word' id='word_1_184' title='bbox 3095 2171 3157 2226; x_wconf 91' lang='lat' dir='ltr'>ct</span> <span class='ocrx_word' id='word_1_185' title='bbox 3207 2163 3423 2226; x_wconf 87' lang='lat' dir='ltr'>omnia</span> <span class='ocrx_word' id='word_1_186' title='bbox 3473 2163 3685 2226; x_wconf 87' lang='lat' dir='ltr'>facere</span> <span class='ocrx_word' id='word_1_187' title='bbox 3732 2171 3793 2225; x_wconf 93' lang='lat' dir='ltr'>et</span> <span class='ocrx_word' id='word_1_188' title='bbox 3843 2184 4169 2245; x_wconf 78' lang='lat' dir='ltr'>exercere,</span> <span class='ocrx_word' id='word_1_189' title='bbox 4218 2185 4341 2249; x_wconf 91' lang='lat' dir='ltr'>que</span> <span class='ocrx_word' id='word_1_190' title='bbox 4391 2164 4471 2227; x_wconf 91' lang='lat' dir='ltr'>ad</span> <span class='ocrx_word' id='word_1_191' title='bbox 4521 2165 4659 2251; x_wconf 90' lang='lat' dir='ltr'>ipsa</span> <span class='ocrx_word' id='word_1_192' title='bbox 4704 2165 4988 2229; x_wconf 88' lang='lat' dir='ltr'>tabellio·</span> 
     </span>
     <span class='ocr_line' id='line_1_16' title="bbox 1355 2269 4989 2358; baseline 0 -24"><span class='ocrx_word' id='word_1_193' title='bbox 1355 2280 1543 2334; x_wconf 90' lang='lat' dir='ltr'>natus</span> <span class='ocrx_word' id='word_1_194' title='bbox 1590 2280 1654 2335; x_wconf 92' lang='lat' dir='ltr'>et</span> <span class='ocrx_word' id='word_1_195' title='bbox 1696 2270 2026 2355; x_wconf 89' lang='lat' dir='ltr'>judicatus</span> <span class='ocrx_word' id='word_1_196' title='bbox 2076 2271 2274 2335; x_wconf 83' lang='lat' dir='ltr'>offitia</span> <span class='ocrx_word' id='word_1_197' title='bbox 2323 2269 2401 2333; x_wconf 92' lang='lat' dir='ltr'>dc</span> <span class='ocrx_word' id='word_1_198' title='bbox 2444 2271 2591 2353; x_wconf 87' lang='lat' dir='ltr'>jure</span> <span class='ocrx_word' id='word_1_199' title='bbox 2641 2271 2963 2356; x_wconf 89' lang='lat' dir='ltr'>pertinere</span> <span class='ocrx_word' id='word_1_200' title='bbox 3013 2276 3383 2351; x_wconf 89' lang='lat' dir='ltr'>noscuntur,</span> <span class='ocrx_word' id='word_1_201' title='bbox 3422 2270 3483 2333; x_wconf 90' lang='lat' dir='ltr'>in</span> <span class='ocrx_word' id='word_1_202' title='bbox 3518 2292 3921 2355; x_wconf 89' lang='lat' dir='ltr'>quacumque</span> <span class='ocrx_word' id='word_1_203' title='bbox 3962 2278 4146 2356; x_wconf 86' lang='lat' dir='ltr'>parte</span> <span class='ocrx_word' id='word_1_204' title='bbox 4190 2272 4430 2335; x_wconf 86' lang='lat' dir='ltr'>fuerint</span> <span class='ocrx_word' id='word_1_205' title='bbox 4463 2272 4725 2358; x_wconf 90' lang='lat' dir='ltr'>Imperii</span> <span class='ocrx_word' id='word_1_206' title='bbox 4758 2294 4989 2335; x_wconf 90' lang='lat' dir='ltr'>memo·</span> 
     </span>
     <span class='ocr_line' id='line_1_17' title="bbox 1355 2377 4989 2465; baseline 0 -24"><span class='ocrx_word' id='word_1_207' title='bbox 1355 2379 1499 2460; x_wconf 84' lang='lat' dir='ltr'>rati,</span> <span class='ocrx_word' id='word_1_208' title='bbox 1549 2380 1711 2443; x_wconf 90' lang='lat' dir='ltr'>sicut</span> <span class='ocrx_word' id='word_1_209' title='bbox 1760 2400 1798 2441; x_wconf 89' lang='lat' dir='ltr'>a</span> <span class='ocrx_word' id='word_1_210' title='bbox 1849 2378 2033 2441; x_wconf 91' lang='lat' dir='ltr'>nobis</span> <span class='ocrx_word' id='word_1_211' title='bbox 2079 2379 2215 2441; x_wconf 79' lang='lat' dir='ltr'>sive</span> <span class='ocrx_word' id='word_1_212' title='bbox 2265 2400 2302 2440; x_wconf 91' lang='lat' dir='ltr'>a</span> <span class='ocrx_word' id='word_1_213' title='bbox 2355 2386 2569 2440; x_wconf 89' lang='lat' dir='ltr'>nostra</span> <span class='ocrx_word' id='word_1_214' title='bbox 2617 2377 2922 2461; x_wconf 89' lang='lat' dir='ltr'>largitate</span> <span class='ocrx_word' id='word_1_215' title='bbox 2969 2377 3141 2440; x_wconf 91' lang='lat' dir='ltr'>dicta</span> <span class='ocrx_word' id='word_1_216' title='bbox 3189 2377 3397 2441; x_wconf 82' lang='lat' dir='ltr'>officia</span> <span class='ocrx_word' id='word_1_217' title='bbox 3445 2377 3872 2459; x_wconf 87' lang='lat' dir='ltr'>obtinuerint,</span> <span class='ocrx_word' id='word_1_218' title='bbox 3917 2385 3986 2441; x_wconf 87' lang='lat' dir='ltr'>ut</span> <span class='ocrx_word' id='word_1_219' title='bbox 4033 2378 4110 2441; x_wconf 90' lang='lat' dir='ltr'>dc</span> <span class='ocrx_word' id='word_1_220' title='bbox 4160 2400 4373 2465; x_wconf 88' lang='lat' dir='ltr'>penna</span> <span class='ocrx_word' id='word_1_221' title='bbox 4419 2388 4483 2442; x_wconf 91' lang='lat' dir='ltr'>et</span> <span class='ocrx_word' id='word_1_222' title='bbox 4539 2379 4886 2442; x_wconf 87' lang='lat' dir='ltr'>calamario</span> <span class='ocrx_word' id='word_1_223' title='bbox 4932 2387 4989 2443; x_wconf 86' lang='lat' dir='ltr'>et</span> 
     </span>
     <span class='ocr_line' id='line_1_18' title="bbox 1346 2484 4990 2572; baseline 0.001 -24"><span class='ocrx_word' id='word_1_224' title='bbox 1346 2486 1641 2570; x_wconf 88' lang='lat' dir='ltr'>judicatu</span> <span class='ocrx_word' id='word_1_225' title='bbox 1689 2486 1937 2572; x_wconf 88' lang='lat' dir='ltr'>possint</span> <span class='ocrx_word' id='word_1_226' title='bbox 1983 2492 2046 2548; x_wconf 91' lang='lat' dir='ltr'>et</span> <span class='ocrx_word' id='word_1_227' title='bbox 2095 2485 2358 2548; x_wconf 78' lang='lat' dir='ltr'>valeant</span> <span class='ocrx_word' id='word_1_228' title='bbox 2409 2485 2711 2547; x_wconf 81' lang='lat' dir='ltr'>investire</span> <span class='ocrx_word' id='word_1_229' title='bbox 2761 2484 3041 2567; x_wconf 87' lang='lat' dir='ltr'>eosdem,</span> <span class='ocrx_word' id='word_1_230' title='bbox 3077 2491 3140 2547; x_wconf 86' lang='lat' dir='ltr'>et</span> <span class='ocrx_word' id='word_1_231' title='bbox 3173 2506 3212 2547; x_wconf 86' lang='lat' dir='ltr'>a</span> <span class='ocrx_word' id='word_1_232' title='bbox 3254 2492 3471 2547; x_wconf 89' lang='lat' dir='ltr'>nostra</span> <span class='ocrx_word' id='word_1_233' title='bbox 3520 2484 3717 2566; x_wconf 85' lang='lat' dir='ltr'>curia,</span> <span class='ocrx_word' id='word_1_234' title='bbox 3763 2485 4148 2570; x_wconf 89' lang='lat' dir='ltr'>ubicumque</span> <span class='ocrx_word' id='word_1_235' title='bbox 4183 2486 4452 2568; x_wconf 88' lang='lat' dir='ltr'>fuerint,</span> <span class='ocrx_word' id='word_1_236' title='bbox 4488 2486 4553 2549; x_wconf 92' lang='lat' dir='ltr'>in</span> <span class='ocrx_word' id='word_1_237' title='bbox 4586 2487 4758 2550; x_wconf 82' lang='lat' dir='ltr'>victu</span> <span class='ocrx_word' id='word_1_238' title='bbox 4791 2495 4854 2550; x_wconf 93' lang='lat' dir='ltr'>et</span> <span class='ocrx_word' id='word_1_239' title='bbox 4890 2508 4990 2550; x_wconf 77' lang='lat' dir='ltr'>ve-</span> 
     </span>
     <span class='ocr_line' id='line_1_19' title="bbox 1353 2591 4992 2679; baseline 0 -23"><span class='ocrx_word' id='word_1_240' title='bbox 1353 2593 1508 2657; x_wconf 89' lang='lat' dir='ltr'>stitu</span> <span class='ocrx_word' id='word_1_241' title='bbox 1555 2600 1618 2657; x_wconf 89' lang='lat' dir='ltr'>et</span> <span class='ocrx_word' id='word_1_242' title='bbox 1667 2593 2056 2656; x_wconf 90' lang='lat' dir='ltr'>nutrimento</span> <span class='ocrx_word' id='word_1_243' title='bbox 2106 2593 2445 2656; x_wconf 86' lang='lat' dir='ltr'>alimonias</span> <span class='ocrx_word' id='word_1_244' title='bbox 2493 2614 2608 2677; x_wconf 90' lang='lat' dir='ltr'>pro</span> <span class='ocrx_word' id='word_1_245' title='bbox 2657 2613 2724 2654; x_wconf 90' lang='lat' dir='ltr'>se</span> <span class='ocrx_word' id='word_1_246' title='bbox 2776 2591 3035 2675; x_wconf 90' lang='lat' dir='ltr'>suisque</span> <span class='ocrx_word' id='word_1_247' title='bbox 3084 2591 3502 2654; x_wconf 85' lang='lat' dir='ltr'>servitoribus</span> <span class='ocrx_word' id='word_1_248' title='bbox 3553 2600 3615 2654; x_wconf 90' lang='lat' dir='ltr'>ct</span> <span class='ocrx_word' id='word_1_249' title='bbox 3663 2592 3844 2676; x_wconf 89' lang='lat' dir='ltr'>cquis</span> <span class='ocrx_word' id='word_1_250' title='bbox 3892 2593 4418 2678; x_wconf 87' lang='lat' dir='ltr'>quotiescumque</span> <span class='ocrx_word' id='word_1_251' title='bbox 4483 2593 4617 2657; x_wconf 80' lang='lat' dir='ltr'>sive</span> <span class='ocrx_word' id='word_1_252' title='bbox 4679 2593 4992 2679; x_wconf 85' lang='lat' dir='ltr'>placuerit</span> 
     </span>
     <span class='ocr_line' id='line_1_20' title="bbox 1353 2697 4993 2786; baseline 0 -23"><span class='ocrx_word' id='word_1_253' title='bbox 1353 2700 1714 2785; x_wconf 89' lang='lat' dir='ltr'>cumdignis</span> <span class='ocrx_word' id='word_1_254' title='bbox 1762 2710 1826 2763; x_wconf 89' lang='lat' dir='ltr'>et</span> <span class='ocrx_word' id='word_1_255' title='bbox 1874 2699 2337 2763; x_wconf 83' lang='lat' dir='ltr'>sufficientibus</span> <span class='ocrx_word' id='word_1_256' title='bbox 2388 2700 2704 2784; x_wconf 85' lang='lat' dir='ltr'>accipere,</span> <span class='ocrx_word' id='word_1_257' title='bbox 2755 2707 2819 2761; x_wconf 91' lang='lat' dir='ltr'>et</span> <span class='ocrx_word' id='word_1_258' title='bbox 2869 2697 3301 2783; x_wconf 87' lang='lat' dir='ltr'>quadraginta</span> <span class='ocrx_word' id='word_1_259' title='bbox 3350 2698 3645 2761; x_wconf 85' lang='lat' dir='ltr'>marchas</span> <span class='ocrx_word' id='word_1_260' title='bbox 3694 2699 3844 2762; x_wconf 89' lang='lat' dir='ltr'>boni</span> <span class='ocrx_word' id='word_1_261' title='bbox 3892 2705 3955 2763; x_wconf 92' lang='lat' dir='ltr'>et</span> <span class='ocrx_word' id='word_1_262' title='bbox 4003 2700 4146 2785; x_wconf 92' lang='lat' dir='ltr'>puri</span> <span class='ocrx_word' id='word_1_263' title='bbox 4181 2700 4435 2783; x_wconf 83' lang='lat' dir='ltr'>argenti</span> <span class='ocrx_word' id='word_1_264' title='bbox 4474 2700 4647 2763; x_wconf 91' lang='lat' dir='ltr'>omni</span> <span class='ocrx_word' id='word_1_265' title='bbox 4680 2721 4850 2763; x_wconf 87' lang='lat' dir='ltr'>anno</span> <span class='ocrx_word' id='word_1_266' title='bbox 4884 2722 4993 2786; x_wconf 90' lang='lat' dir='ltr'>pro</span> 
     </span>
     <span class='ocr_line' id='line_1_21' title="bbox 1354 2805 4996 2893; baseline 0 -23"><span class='ocrx_word' id='word_1_267' title='bbox 1354 2807 1723 2871; x_wconf 87' lang='lat' dir='ltr'>adiumento</span> <span class='ocrx_word' id='word_1_268' title='bbox 1758 2807 1933 2870; x_wconf 88' lang='lat' dir='ltr'>feudi</span> <span class='ocrx_word' id='word_1_269' title='bbox 1967 2806 2407 2893; x_wconf 87' lang='lat' dir='ltr'>suprascripti.</span> <span class='ocrx_word' id='word_1_270' title='bbox 2445 2806 2914 2870; x_wconf 87' lang='lat' dir='ltr'>Confirmamus</span> <span class='ocrx_word' id='word_1_271' title='bbox 2948 2805 3142 2869; x_wconf 88' lang='lat' dir='ltr'>etiam</span> <span class='ocrx_word' id='word_1_272' title='bbox 3179 2806 3393 2870; x_wconf 89' lang='lat' dir='ltr'>omnia</span> <span class='ocrx_word' id='word_1_273' title='bbox 3426 2805 3793 2891; x_wconf 82' lang='lat' dir='ltr'>privillcgia</span> <span class='ocrx_word' id='word_1_274' title='bbox 3827 2828 3863 2868; x_wconf 90' lang='lat' dir='ltr'>a</span> <span class='ocrx_word' id='word_1_275' title='bbox 3899 2807 4134 2870; x_wconf 90' lang='lat' dir='ltr'>nostris</span> <span class='ocrx_word' id='word_1_276' title='bbox 4168 2807 4725 2893; x_wconf 87' lang='lat' dir='ltr'>predecessoribus</span> <span class='ocrx_word' id='word_1_277' title='bbox 4759 2807 4996 2871; x_wconf 89' lang='lat' dir='ltr'>eisdem</span> 
     </span>
     <span class='ocr_line' id='line_1_22' title="bbox 1354 2911 4997 2998; baseline 0 -22"><span class='ocrx_word' id='word_1_278' title='bbox 1354 2920 1418 2976; x_wconf 92' lang='lat' dir='ltr'>et</span> <span class='ocrx_word' id='word_1_279' title='bbox 1466 2913 1979 2976; x_wconf 86' lang='lat' dir='ltr'>antecessoribus</span> <span class='ocrx_word' id='word_1_280' title='bbox 2029 2913 2160 2975; x_wconf 89' lang='lat' dir='ltr'>suis</span> <span class='ocrx_word' id='word_1_281' title='bbox 2202 2912 2586 2996; x_wconf 89' lang='lat' dir='ltr'>jamdudum</span> <span class='ocrx_word' id='word_1_282' title='bbox 2637 2912 2907 2975; x_wconf 88' lang='lat' dir='ltr'>indulta.</span> <span class='ocrx_word' id='word_1_283' title='bbox 2962 2911 3317 2975; x_wconf 87' lang='lat' dir='ltr'>Statuimus</span> <span class='ocrx_word' id='word_1_284' title='bbox 3366 2912 3583 2996; x_wconf 88' lang='lat' dir='ltr'>itaque</span> <span class='ocrx_word' id='word_1_285' title='bbox 3631 2920 3693 2974; x_wconf 87' lang='lat' dir='ltr'>et</span> <span class='ocrx_word' id='word_1_286' title='bbox 3743 2912 4060 2998; x_wconf 86' lang='lat' dir='ltr'>imperiali</span> <span class='ocrx_word' id='word_1_287' title='bbox 4108 2914 4490 2977; x_wconf 89' lang='lat' dir='ltr'>auctoritate</span> <span class='ocrx_word' id='word_1_288' title='bbox 4538 2914 4883 2995; x_wconf 88' lang='lat' dir='ltr'>sancimus,</span> <span class='ocrx_word' id='word_1_289' title='bbox 4930 2922 4997 2977; x_wconf 93' lang='lat' dir='ltr'>ut</span> 
     </span>
     <span class='ocr_line' id='line_1_23' title="bbox 1353 3019 4995 3106; baseline 0 -22"><span class='ocrx_word' id='word_1_290' title='bbox 1353 3019 1993 3084; x_wconf 85' lang='lat' dir='ltr'>nula(¹)omnimodo</span> <span class='ocrx_word' id='word_1_291' title='bbox 2028 3041 2303 3106; x_wconf 89' lang='lat' dir='ltr'>persona</span> <span class='ocrx_word' id='word_1_292' title='bbox 2337 3019 2470 3082; x_wconf 87' lang='lat' dir='ltr'>alta</span> <span class='ocrx_word' id='word_1_293' title='bbox 2519 3020 2621 3082; x_wconf 85' lang='lat' dir='ltr'>vel</span> <span class='ocrx_word' id='word_1_294' title='bbox 2671 3020 2906 3100; x_wconf 73' lang='lat' dir='ltr'>umiliS,</span> <span class='ocrx_word' id='word_1_295' title='bbox 2943 3019 3377 3082; x_wconf 85' lang='lat' dir='ltr'>ecclesiastica</span> <span class='ocrx_word' id='word_1_296' title='bbox 3429 3019 3529 3082; x_wconf 81' lang='lat' dir='ltr'>vel</span> <span class='ocrx_word' id='word_1_297' title='bbox 3582 3020 3911 3102; x_wconf 86' lang='lat' dir='ltr'>secularis,</span> <span class='ocrx_word' id='word_1_298' title='bbox 3954 3020 4201 3083; x_wconf 89' lang='lat' dir='ltr'>nullum</span> <span class='ocrx_word' id='word_1_299' title='bbox 4251 3043 4503 3106; x_wconf 91' lang='lat' dir='ltr'>quoquc</span> <span class='ocrx_word' id='word_1_300' title='bbox 4552 3042 4821 3085; x_wconf 90' lang='lat' dir='ltr'>comune</span> <span class='ocrx_word' id='word_1_301' title='bbox 4881 3021 4995 3084; x_wconf 88' lang='lat' dir='ltr'>hoc</span> 
     </span>
     <span class='ocr_line' id='line_1_24' title="bbox 1356 3126 4996 3213; baseline -0 -22"><span class='ocrx_word' id='word_1_302' title='bbox 1356 3134 1570 3191; x_wconf 85' lang='lat' dir='ltr'>nostre</span> <span class='ocrx_word' id='word_1_303' title='bbox 1634 3128 1995 3211; x_wconf 87' lang='lat' dir='ltr'>majestatis</span> <span class='ocrx_word' id='word_1_304' title='bbox 2054 3126 2466 3213; x_wconf 78' lang='lat' dir='ltr'>privilegium</span> <span class='ocrx_word' id='word_1_305' title='bbox 2513 3126 2750 3190; x_wconf 84' lang='lat' dir='ltr'>audeat</span> <span class='ocrx_word' id='word_1_306' title='bbox 2798 3127 3079 3207; x_wconf 76' lang='lat' dir='ltr'>violare3</span> <span class='ocrx_word' id='word_1_307' title='bbox 3132 3148 3247 3189; x_wconf 91' lang='lat' dir='ltr'>nec</span> <span class='ocrx_word' id='word_1_308' title='bbox 3296 3126 3617 3211; x_wconf 83' lang='lat' dir='ltr'>aliquibus</span> <span class='ocrx_word' id='word_1_309' title='bbox 3667 3126 4177 3212; x_wconf 85' lang='lat' dir='ltr'>calumpniarum</span> <span class='ocrx_word' id='word_1_310' title='bbox 4225 3127 4478 3211; x_wconf 88' lang='lat' dir='ltr'>injuriis</span> <span class='ocrx_word' id='word_1_311' title='bbox 4542 3150 4653 3191; x_wconf 90' lang='lat' dir='ltr'>seu</span> <span class='ocrx_word' id='word_1_312' title='bbox 4702 3127 4996 3213; x_wconf 88' lang='lat' dir='ltr'>dampnis</span> 
     </span>
     <span class='ocr_line' id='line_1_25' title="bbox 1353 3233 4996 3319; baseline 0 -21"><span class='ocrx_word' id='word_1_313' title='bbox 1353 3235 1702 3299; x_wconf 81' lang='lat' dir='ltr'>occaxione</span> <span class='ocrx_word' id='word_1_314' title='bbox 1752 3235 2156 3316; x_wconf 88' lang='lat' dir='ltr'>constitutus,</span> <span class='ocrx_word' id='word_1_315' title='bbox 2191 3234 2293 3297; x_wconf 78' lang='lat' dir='ltr'>vel</span> <span class='ocrx_word' id='word_1_316' title='bbox 2342 3233 2824 3297; x_wconf 90' lang='lat' dir='ltr'>consuetudinis</span> <span class='ocrx_word' id='word_1_317' title='bbox 2873 3241 3078 3296; x_wconf 89' lang='lat' dir='ltr'>status</span> <span class='ocrx_word' id='word_1_318' title='bbox 3112 3233 3392 3297; x_wconf 78' lang='lat' dir='ltr'>civitatis</span> <span class='ocrx_word' id='word_1_319' title='bbox 3426 3243 3762 3319; x_wconf 84' lang='lat' dir='ltr'>aptentare</span> <span class='ocrx_word' id='word_1_320' title='bbox 3796 3242 4155 3319; x_wconf 79' lang='lat' dir='ltr'>presumat3</span> <span class='ocrx_word' id='word_1_321' title='bbox 4192 3235 4363 3319; x_wconf 92' lang='lat' dir='ltr'>quod</span> <span class='ocrx_word' id='word_1_322' title='bbox 4404 3235 4512 3319; x_wconf 92' lang='lat' dir='ltr'>qui</span> <span class='ocrx_word' id='word_1_323' title='bbox 4546 3235 4770 3298; x_wconf 88' lang='lat' dir='ltr'>fecerit</span> <span class='ocrx_word' id='word_1_324' title='bbox 4805 3234 4869 3298; x_wconf 93' lang='lat' dir='ltr'>in</span> <span class='ocrx_word' id='word_1_325' title='bbox 4904 3236 4996 3298; x_wconf 91' lang='lat' dir='ltr'>ul·</span> 
     </span>
     <span class='ocr_line' id='line_1_26' title="bbox 1352 3340 4994 3426; baseline 0 -21"><span class='ocrx_word' id='word_1_326' title='bbox 1352 3343 1592 3406; x_wconf 88' lang='lat' dir='ltr'>tionem</span> <span class='ocrx_word' id='word_1_327' title='bbox 1639 3341 2020 3405; x_wconf 87' lang='lat' dir='ltr'>temeritatis</span> <span class='ocrx_word' id='word_1_328' title='bbox 2068 3363 2181 3404; x_wconf 89' lang='lat' dir='ltr'>sue</span> <span class='ocrx_word' id='word_1_329' title='bbox 2229 3348 2572 3426; x_wconf 88' lang='lat' dir='ltr'>componat</span> <span class='ocrx_word' id='word_1_330' title='bbox 2619 3341 2797 3403; x_wconf 91' lang='lat' dir='ltr'>mille</span> <span class='ocrx_word' id='word_1_331' title='bbox 2846 3341 3153 3403; x_wconf 87' lang='lat' dir='ltr'>ducentas</span> <span class='ocrx_word' id='word_1_332' title='bbox 3202 3340 3671 3425; x_wconf 86' lang='lat' dir='ltr'>quinquaginta</span> <span class='ocrx_word' id='word_1_333' title='bbox 3720 3341 3920 3404; x_wconf 90' lang='lat' dir='ltr'>libras</span> <span class='ocrx_word' id='word_1_334' title='bbox 3968 3341 4111 3426; x_wconf 86' lang='lat' dir='ltr'>puri</span> <span class='ocrx_word' id='word_1_335' title='bbox 4160 3342 4336 3423; x_wconf 87' lang='lat' dir='ltr'>auri,</span> <span class='ocrx_word' id='word_1_336' title='bbox 4384 3341 4798 3405; x_wconf 87' lang='lat' dir='ltr'>medietatem</span> <span class='ocrx_word' id='word_1_337' title='bbox 4846 3342 4994 3405; x_wconf 84' lang='lat' dir='ltr'>fisco</span> 
     </span>
     <span class='ocr_line' id='line_1_27' title="bbox 1349 3430 4998 3535; baseline 0 -24"><span class='ocrx_word' id='word_1_338' title='bbox 1349 3448 1683 3535; x_wconf 86' lang='lat' dir='ltr'>applicari,</span> <span class='ocrx_word' id='word_1_339' title='bbox 1717 3449 2034 3533; x_wconf 89' lang='lat' dir='ltr'>reliquam</span> <span class='ocrx_word' id='word_1_340' title='bbox 2079 3455 2329 3534; x_wconf 89' lang='lat' dir='ltr'>partem</span> <span class='ocrx_word' id='word_1_341' title='bbox 2380 3430 2587 3533; x_wconf 84' lang='lat' dir='ltr'>passis</span> <span class='ocrx_word' id='word_1_342' title='bbox 2625 3447 2964 3531; x_wconf 80' lang='lat' dir='ltr'>injuriam:</span> <span class='ocrx_word' id='word_1_343' title='bbox 3003 3447 3086 3510; x_wconf 90' lang='lat' dir='ltr'>ad</span> <span class='ocrx_word' id='word_1_344' title='bbox 3120 3448 3304 3531; x_wconf 91' lang='lat' dir='ltr'>cujus</span> <span class='ocrx_word' id='word_1_345' title='bbox 3338 3447 3430 3510; x_wconf 90' lang='lat' dir='ltr'>rei</span> <span class='ocrx_word' id='word_1_346' title='bbox 3465 3455 3705 3510; x_wconf 86' lang='lat' dir='ltr'>certam</span> <span class='ocrx_word' id='word_1_347' title='bbox 3742 3448 4157 3533; x_wconf 87' lang='lat' dir='ltr'>imposterum</span> <span class='ocrx_word' id='word_1_348' title='bbox 4191 3448 4601 3530; x_wconf 81' lang='lat' dir='ltr'>evidentiam,</span> <span class='ocrx_word' id='word_1_349' title='bbox 4634 3456 4998 3534; x_wconf 86' lang='lat' dir='ltr'>presentem</span> 
     </span>
     <span class='ocr_line' id='line_1_28' title="bbox 1353 3554 4998 3641; baseline 0 -22"><span class='ocrx_word' id='word_1_350' title='bbox 1353 3555 1588 3619; x_wconf 78' lang='lat' dir='ltr'>exinde</span> <span class='ocrx_word' id='word_1_351' title='bbox 1636 3557 1942 3641; x_wconf 87' lang='lat' dir='ltr'>paginam</span> <span class='ocrx_word' id='word_1_352' title='bbox 1992 3555 2310 3619; x_wconf 89' lang='lat' dir='ltr'>conscribi</span> <span class='ocrx_word' id='word_1_353' title='bbox 2355 3564 2420 3618; x_wconf 89' lang='lat' dir='ltr'>et</span> <span class='ocrx_word' id='word_1_354' title='bbox 2467 3555 2827 3638; x_wconf 85' lang='lat' dir='ltr'>majestatis</span> <span class='ocrx_word' id='word_1_355' title='bbox 2891 3562 3105 3617; x_wconf 89' lang='lat' dir='ltr'>nostre</span> <span class='ocrx_word' id='word_1_356' title='bbox 3166 3554 3357 3639; x_wconf 89' lang='lat' dir='ltr'>sigilo</span> <span class='ocrx_word' id='word_1_357' title='bbox 3400 3555 3709 3638; x_wconf 89' lang='lat' dir='ltr'>jussimus</span> <span class='ocrx_word' id='word_1_358' title='bbox 3768 3555 4100 3618; x_wconf 88' lang='lat' dir='ltr'>comuniri.</span> <span class='ocrx_word' id='word_1_359' title='bbox 4151 3555 4278 3629; x_wconf 87' lang='lat' dir='ltr'>Qui</span> <span class='ocrx_word' id='word_1_360' title='bbox 4326 3554 4694 3619; x_wconf 70' lang='lat' dir='ltr'>Venerosus</span> <span class='ocrx_word' id='word_1_361' title='bbox 4743 3554 4825 3619; x_wconf 90' lang='lat' dir='ltr'>de</span> <span class='ocrx_word' id='word_1_362' title='bbox 4872 3555 4998 3619; x_wconf 81' lang='lat' dir='ltr'>Ve-</span> 
     </span>
     <span class='ocr_line' id='line_1_29' title="bbox 1351 3661 4997 3748; baseline 0 -22"><span class='ocrx_word' id='word_1_363' title='bbox 1351 3663 1597 3726; x_wconf 90' lang='lat' dir='ltr'>nerosis</span> <span class='ocrx_word' id='word_1_364' title='bbox 1653 3662 1732 3725; x_wconf 89' lang='lat' dir='ltr'>de</span> <span class='ocrx_word' id='word_1_365' title='bbox 1798 3663 1968 3748; x_wconf 87' lang='lat' dir='ltr'>Ripa</span> <span class='ocrx_word' id='word_1_366' title='bbox 2017 3663 2223 3726; x_wconf 91' lang='lat' dir='ltr'>insule</span> <span class='ocrx_word' id='word_1_367' title='bbox 2275 3662 2539 3725; x_wconf 87' lang='lat' dir='ltr'>Suzarie</span> <span class='ocrx_word' id='word_1_368' title='bbox 2603 3669 2666 3725; x_wconf 91' lang='lat' dir='ltr'>et</span> <span class='ocrx_word' id='word_1_369' title='bbox 2713 3661 2997 3724; x_wconf 86' lang='lat' dir='ltr'>Bardiue</span> <span class='ocrx_word' id='word_1_370' title='bbox 3048 3662 3373 3747; x_wconf 87' lang='lat' dir='ltr'>palatinus</span> <span class='ocrx_word' id='word_1_371' title='bbox 3423 3684 3635 3726; x_wconf 90' lang='lat' dir='ltr'>comcs</span> <span class='ocrx_word' id='word_1_372' title='bbox 3683 3662 3743 3724; x_wconf 93' lang='lat' dir='ltr'>in</span> <span class='ocrx_word' id='word_1_373' title='bbox 3795 3661 4189 3726; x_wconf 77' lang='lat' dir='ltr'>Lonibardia</span> <span class='ocrx_word' id='word_1_374' title='bbox 4251 3662 4421 3725; x_wconf 90' lang='lat' dir='ltr'>dicto</span> <span class='ocrx_word' id='word_1_375' title='bbox 4478 3662 4764 3726; x_wconf 89' lang='lat' dir='ltr'>IIcnrico</span> <span class='ocrx_word' id='word_1_376' title='bbox 4815 3669 4997 3726; x_wconf 79' lang='lat' dir='ltr'>sexto</span> 
     </span>
     <span class='ocr_line' id='line_1_30' title="bbox 1347 3768 4999 3857; baseline -0 -23"><span class='ocrx_word' id='word_1_377' title='bbox 1347 3770 1724 3857; x_wconf 88' lang='lat' dir='ltr'>imperatori</span> <span class='ocrx_word' id='word_1_378' title='bbox 1766 3770 2012 3853; x_wconf 84' lang='lat' dir='ltr'>juravit</span> <span class='ocrx_word' id='word_1_379' title='bbox 2059 3769 2435 3833; x_wconf 84' lang='lat' dir='ltr'>fidelitatem</span> <span class='ocrx_word' id='word_1_380' title='bbox 2484 3776 2708 3833; x_wconf 88' lang='lat' dir='ltr'>contra</span> <span class='ocrx_word' id='word_1_381' title='bbox 2758 3791 3013 3832; x_wconf 88' lang='lat' dir='ltr'>omnem</span> <span class='ocrx_word' id='word_1_382' title='bbox 3060 3769 3385 3832; x_wconf 92' lang='lat' dir='ltr'>hominem</span> <span class='ocrx_word' id='word_1_383' title='bbox 3433 3768 3511 3832; x_wconf 90' lang='lat' dir='ltr'>de</span> <span class='ocrx_word' id='word_1_384' title='bbox 3563 3770 3834 3852; x_wconf 88' lang='lat' dir='ltr'>mundo,</span> <span class='ocrx_word' id='word_1_385' title='bbox 3887 3778 4158 3855; x_wconf 83' lang='lat' dir='ltr'>excepto</span> <span class='ocrx_word' id='word_1_386' title='bbox 4215 3769 4544 3833; x_wconf 90' lang='lat' dir='ltr'>dominum</span> <span class='ocrx_word' id='word_1_387' title='bbox 4590 3769 4889 3855; x_wconf 88' lang='lat' dir='ltr'>Pappam</span> <span class='ocrx_word' id='word_1_388' title='bbox 4937 3778 4999 3833; x_wconf 88' lang='lat' dir='ltr'>et</span> 
     </span>
     <span class='ocr_line' id='line_1_31' title="bbox 1349 3876 4997 3964; baseline -0.001 -22"><span class='ocrx_word' id='word_1_389' title='bbox 1349 3878 1708 3943; x_wconf 87' lang='lat' dir='ltr'>Ecclesiam</span> <span class='ocrx_word' id='word_1_390' title='bbox 1758 3878 2119 3942; x_wconf 87' lang='lat' dir='ltr'>Romanam</span> <span class='ocrx_word' id='word_1_391' title='bbox 2139 3878 2237 3959; x_wconf 82' lang='lat'>(2),</span> <span class='ocrx_word' id='word_1_392' title='bbox 2288 3877 2640 3941; x_wconf 89' lang='lat' dir='ltr'>secundum</span> <span class='ocrx_word' id='word_1_393' title='bbox 2704 3876 2876 3963; x_wconf 92' lang='lat' dir='ltr'>quod</span> <span class='ocrx_word' id='word_1_394' title='bbox 2942 3877 3003 3941; x_wconf 92' lang='lat' dir='ltr'>in</span> <span class='ocrx_word' id='word_1_395' title='bbox 3069 3876 3367 3963; x_wconf 89' lang='lat' dir='ltr'>capitulis</span> <span class='ocrx_word' id='word_1_396' title='bbox 3424 3876 3751 3941; x_wconf 86' lang='lat' dir='ltr'>fidelitatis</span> <span class='ocrx_word' id='word_1_397' title='bbox 3800 3877 3863 3941; x_wconf 91' lang='lat' dir='ltr'>in</span> <span class='ocrx_word' id='word_1_398' title='bbox 3916 3877 4212 3942; x_wconf 90' lang='lat' dir='ltr'>omnibus</span> <span class='ocrx_word' id='word_1_399' title='bbox 4258 3887 4321 3941; x_wconf 88' lang='lat' dir='ltr'>ct</span> <span class='ocrx_word' id='word_1_400' title='bbox 4370 3899 4485 3964; x_wconf 86' lang='lat' dir='ltr'>per</span> <span class='ocrx_word' id='word_1_401' title='bbox 4534 3877 4747 3942; x_wconf 88' lang='lat' dir='ltr'>omnia</span> <span class='ocrx_word' id='word_1_402' title='bbox 4797 3876 4997 3941; x_wconf 92' lang='lat' dir='ltr'>conti-</span> 
     </span>
     <span class='ocr_line' id='line_1_32' title="bbox 1350 3984 4996 4072; baseline -0.001 -22"><span class='ocrx_word' id='word_1_403' title='bbox 1350 3996 1559 4069; x_wconf 85' lang='lat' dir='ltr'>netur,</span> <span class='ocrx_word' id='word_1_404' title='bbox 1609 3987 2031 4072; x_wconf 87' lang='lat' dir='ltr'>corporaliter</span> <span class='ocrx_word' id='word_1_405' title='bbox 2078 3986 2160 4049; x_wconf 89' lang='lat' dir='ltr'>ab</span> <span class='ocrx_word' id='word_1_406' title='bbox 2213 3986 2348 4071; x_wconf 90' lang='lat' dir='ltr'>ipso</span> <span class='ocrx_word' id='word_1_407' title='bbox 2397 3986 2663 4071; x_wconf 90' lang='lat' dir='ltr'>prestito</span> <span class='ocrx_word' id='word_1_408' title='bbox 2713 3993 3116 4049; x_wconf 88' lang='lat' dir='ltr'>sacramento</span> <span class='ocrx_word' id='word_1_409' title='bbox 3166 3984 3373 4048; x_wconf 91' lang='lat' dir='ltr'>eidem</span> <span class='ocrx_word' id='word_1_410' title='bbox 3422 3985 3637 4048; x_wconf 89' lang='lat' dir='ltr'>delato</span> <span class='ocrx_word' id='word_1_411' title='bbox 3694 4007 3807 4071; x_wconf 89' lang='lat' dir='ltr'>per</span> <span class='ocrx_word' id='word_1_412' title='bbox 3864 4007 3964 4048; x_wconf 89' lang='lat' dir='ltr'>me</span> <span class='ocrx_word' id='word_1_413' title='bbox 4029 3985 4387 4066; x_wconf 87' lang='lat' dir='ltr'>Coradum,</span> <span class='ocrx_word' id='word_1_414' title='bbox 4437 3985 4788 4071; x_wconf 89' lang='lat' dir='ltr'>imperialis</span> <span class='ocrx_word' id='word_1_415' title='bbox 4851 3985 4996 4048; x_wconf 88' lang='lat' dir='ltr'>aule</span> 
     </span>
     <span class='ocr_line' id='line_1_33' title="bbox 1350 4090 4998 4178; baseline -0.001 -22"><span class='ocrx_word' id='word_1_416' title='bbox 1350 4093 1817 4176; x_wconf 86' lang='lat' dir='ltr'>canzelarium,</span> <span class='ocrx_word' id='word_1_417' title='bbox 1867 4093 2005 4156; x_wconf 84' lang='lat' dir='ltr'>vice</span> <span class='ocrx_word' id='word_1_418' title='bbox 2065 4092 2306 4155; x_wconf 90' lang='lat' dir='ltr'>domini</span> <span class='ocrx_word' id='word_1_419' title='bbox 2370 4090 2586 4155; x_wconf 84' lang='lat' dir='ltr'>odulfi</span> <span class='ocrx_word' id='word_1_420' title='bbox 2653 4091 3071 4155; x_wconf 89' lang='lat' dir='ltr'>colonienssis</span> <span class='ocrx_word' id='word_1_421' title='bbox 3134 4091 3634 4178; x_wconf 87' lang='lat' dir='ltr'>archiepiscopi,</span> <span class='ocrx_word' id='word_1_422' title='bbox 3684 4093 3879 4154; x_wconf 89' lang='lat' dir='ltr'>totius</span> <span class='ocrx_word' id='word_1_423' title='bbox 3928 4092 4145 4155; x_wconf 82' lang='lat' dir='ltr'>Ytalie</span> <span class='ocrx_word' id='word_1_424' title='bbox 4210 4092 4737 4176; x_wconf 83' lang='lat' dir='ltr'>archicanzelarij</span> <span class='ocrx_word' id='word_1_425' title='bbox 4800 4092 4998 4155; x_wconf 82' lang='lat' dir='ltr'>infra·</span> 
     </span>
    </p>
   </div>
   <div class='ocr_carea' id='block_1_3' title="bbox 1347 4410 5006 6364">
    <p class='ocr_par' dir='ltr' id='par_1_3' title="bbox 1347 4410 5006 6364">
     <span class='ocr_line' id='line_1_34' title="bbox 1652 4410 4996 4480; baseline -0.001 -17"><span class='ocrx_word' id='word_1_426' title='bbox 1652 4412 2000 4479; x_wconf 87' lang='lat' dir='ltr'>supradictae</span> <span class='ocrx_word' id='word_1_427' title='bbox 2029 4412 2273 4463; x_wconf 78' lang='lat' dir='ltr'>familiae</span> <span class='ocrx_word' id='word_1_428' title='bbox 2304 4411 2519 4480; x_wconf 87' lang='lat' dir='ltr'>largita,</span> <span class='ocrx_word' id='word_1_429' title='bbox 2544 4412 2596 4461; x_wconf 90' lang='lat' dir='ltr'>in</span> <span class='ocrx_word' id='word_1_430' title='bbox 2627 4411 2842 4461; x_wconf 86' lang='lat' dir='ltr'>tabulas</span> <span class='ocrx_word' id='word_1_431' title='bbox 2870 4411 3119 4479; x_wconf 87' lang='lat' dir='ltr'>publicas</span> <span class='ocrx_word' id='word_1_432' title='bbox 3534 4411 3861 4461; x_wconf 88' lang='lat' dir='ltr'>Brandalisii</span> <span class='ocrx_word' id='word_1_433' title='bbox 3901 4411 3966 4461; x_wconf 92' lang='lat' dir='ltr'>de</span> <span class='ocrx_word' id='word_1_434' title='bbox 3998 4410 4287 4461; x_wconf 81' lang='lat' dir='ltr'>Venerosis</span> <span class='ocrx_word' id='word_1_435' title='bbox 4328 4410 4577 4478; x_wconf 86' lang='lat' dir='ltr'>accipere</span> <span class='ocrx_word' id='word_1_436' title='bbox 4618 4412 4821 4463; x_wconf 80' lang='lat' dir='ltr'>valeat.</span> <span class='ocrx_word' id='word_1_437' title='bbox 4863 4412 4996 4476; x_wconf 71' lang='lat' dir='ltr'>(Me-</span> 
     </span>
     <span class='ocr_line' id='line_1_35' title="bbox 1654 4499 4997 4570; baseline -0.001 -17"><span class='ocrx_word' id='word_1_438' title='bbox 1654 4503 1845 4553; x_wconf 83' lang='lat' dir='ltr'>referri</span> <span class='ocrx_word' id='word_1_439' title='bbox 1886 4503 2175 4554; x_wconf 87' lang='lat' dir='ltr'>iusserunt.</span> <span class='ocrx_word' id='word_1_440' title='bbox 2215 4502 2416 4567; x_wconf 84' lang='lat' dir='ltr'>(lbid.,</span> <span class='ocrx_word' id='word_1_441' title='bbox 2456 4518 2503 4553; x_wconf 89' lang='lat' dir='ltr'>c.</span> <span class='ocrx_word' id='word_1_442' title='bbox 2542 4505 2572 4551; x_wconf 82' lang='lat'>5</span> <span class='ocrx_word' id='word_1_443' title='bbox 2615 4504 2679 4565; x_wconf 94' lang='lat' dir='ltr'>r.)</span> <span class='ocrx_word' id='word_1_444' title='bbox 3530 4500 3757 4550; x_wconf 69' lang='lat' dir='ltr'>mor-lule</span> <span class='ocrx_word' id='word_1_445' title='bbox 3810 4499 4175 4550; x_wconf 78' lang='lat' dir='ltr'>Bartholomei</span> <span class='ocrx_word' id='word_1_446' title='bbox 4212 4499 4503 4550; x_wconf 67' lang='lat' dir='ltr'>Francisci</span> <span class='ocrx_word' id='word_1_447' title='bbox 4537 4501 4601 4550; x_wconf 76' lang='lat' dir='ltr'>de</span> <span class='ocrx_word' id='word_1_448' title='bbox 4640 4500 4861 4564; x_wconf 71' lang='lat' dir='ltr'>Libe-is,</span> <span class='ocrx_word' id='word_1_449' title='bbox 4899 4516 4997 4570; x_wconf 88' lang='lat' dir='ltr'>pro</span> 
     </span>
     <span class='ocr_line' id='line_1_36' title="bbox 1386 4590 4405 4659; baseline -0.001 -15"><span class='ocrx_word' id='word_1_450' title='bbox 1386 4596 1435 4644; x_wconf 87' lang='lat'>9.</span> <span class='ocrx_word' id='word_1_451' title='bbox 1481 4594 1634 4657; x_wconf 89' lang='grc'>1322,</span> <span class='ocrx_word' id='word_1_452' title='bbox 1665 4595 1729 4642; x_wconf 91' lang='grc'>29</span> <span class='ocrx_word' id='word_1_453' title='bbox 1770 4592 2006 4643; x_wconf 85' lang='lat' dir='ltr'>octobris</span> <span class='ocrx_word' id='word_1_454' title='bbox 2036 4621 2101 4629; x_wconf 89' lang='lat'>—</span> <span class='ocrx_word' id='word_1_455' title='bbox 2130 4591 2458 4659; x_wconf 83' lang='lat' dir='ltr'>Exemplum</span> <span class='ocrx_word' id='word_1_456' title='bbox 2498 4591 2795 4642; x_wconf 87' lang='lat' dir='ltr'>schedulae</span> <span class='ocrx_word' id='word_1_457' title='bbox 2834 4590 3121 4642; x_wconf 86' lang='lat' dir='ltr'>solutionis</span> <span class='ocrx_word' id='word_1_458' title='bbox 3536 4591 3725 4659; x_wconf 89' lang='lat' dir='ltr'>primis</span> <span class='ocrx_word' id='word_1_459' title='bbox 3770 4595 3924 4654; x_wconf 73' lang='lat'>1341,</span> <span class='ocrx_word' id='word_1_460' title='bbox 3962 4607 4009 4641; x_wconf 89' lang='lat' dir='ltr'>c.</span> <span class='ocrx_word' id='word_1_461' title='bbox 4050 4593 4116 4640; x_wconf 82' lang='grc'>42</span> <span class='ocrx_word' id='word_1_462' title='bbox 4158 4607 4200 4641; x_wconf 91' lang='lat' dir='ltr'>r.</span> <span class='ocrx_word' id='word_1_463' title='bbox 4240 4595 4294 4641; x_wconf 88' lang='lat' dir='ltr'>et</span> <span class='ocrx_word' id='word_1_464' title='bbox 4333 4593 4405 4654; x_wconf 64' lang='lat' dir='ltr'>V.)</span> 
     </span>
     <span class='ocr_line' id='line_1_37' title="bbox 1654 4680 4998 4749; baseline 0 -17"><span class='ocrx_word' id='word_1_465' title='bbox 1654 4682 1836 4733; x_wconf 81' lang='lat' dir='ltr'>sactae</span> <span class='ocrx_word' id='word_1_466' title='bbox 1860 4698 2028 4749; x_wconf 83' lang='lat' dir='ltr'>penes</span> <span class='ocrx_word' id='word_1_467' title='bbox 2049 4680 2419 4747; x_wconf 60' lang='lat' dir='ltr'>Demitur-ios</span> <span class='ocrx_word' id='word_1_468' title='bbox 2441 4681 2632 4731; x_wconf 74' lang='lat' dir='ltr'>Avere&#39;s</span> <span class='ocrx_word' id='word_1_469' title='bbox 2652 4687 2696 4731; x_wconf 78' lang='lat' dir='ltr'>et</span> <span class='ocrx_word' id='word_1_470' title='bbox 2721 4680 2935 4730; x_wconf 75' lang='lat' dir='ltr'>Iure‘um</span> <span class='ocrx_word' id='word_1_471' title='bbox 2960 4680 3119 4731; x_wconf 87' lang='lat' dir='ltr'>Com·</span> <span class='ocrx_word' id='word_1_472' title='bbox 3235 4684 3315 4731; x_wconf 83' lang='lat'>14.</span> <span class='ocrx_word' id='word_1_473' title='bbox 3360 4684 3512 4744; x_wconf 72' lang='lat'>1342,</span> <span class='ocrx_word' id='word_1_474' title='bbox 3554 4683 3621 4732; x_wconf 88' lang='grc'>30</span> <span class='ocrx_word' id='word_1_475' title='bbox 3661 4681 3891 4731; x_wconf 86' lang='lat' dir='ltr'>ianuarii</span> <span class='ocrx_word' id='word_1_476' title='bbox 3919 4708 3985 4716; x_wconf 90' lang='lat'><em>-</em></span> <span class='ocrx_word' id='word_1_477' title='bbox 4016 4680 4315 4731; x_wconf 87' lang='lat' dir='ltr'>Petitiones</span> <span class='ocrx_word' id='word_1_478' title='bbox 4354 4697 4387 4731; x_wconf 89' lang='lat' dir='ltr'>a</span> <span class='ocrx_word' id='word_1_479' title='bbox 4425 4681 4623 4733; x_wconf 84' lang='lat' dir='ltr'>comite</span> <span class='ocrx_word' id='word_1_480' title='bbox 4652 4680 4998 4732; x_wconf 85' lang='lat' dir='ltr'>Bertholotto</span> 
     </span>
     <span class='ocr_line' id='line_1_38' title="bbox 1653 4769 4999 4839; baseline 0 -18"><span class='ocrx_word' id='word_1_481' title='bbox 1653 4771 1831 4821; x_wconf 87' lang='lat' dir='ltr'>munis</span> <span class='ocrx_word' id='word_1_482' title='bbox 1871 4771 2154 4822; x_wconf 84' lang='lat' dir='ltr'>Bononiae</span> <span class='ocrx_word' id='word_1_483' title='bbox 2194 4787 2226 4819; x_wconf 84' lang='lat' dir='ltr'>a</span> <span class='ocrx_word' id='word_1_484' title='bbox 2252 4771 2450 4822; x_wconf 87' lang='lat' dir='ltr'>comite</span> <span class='ocrx_word' id='word_1_485' title='bbox 2479 4770 2822 4821; x_wconf 86' lang='lat' dir='ltr'>Brandalisio</span> <span class='ocrx_word' id='word_1_486' title='bbox 2848 4771 2913 4820; x_wconf 89' lang='lat' dir='ltr'>de</span> <span class='ocrx_word' id='word_1_487' title='bbox 2942 4769 3122 4821; x_wconf 74' lang='lat' dir='ltr'>Vene-</span> <span class='ocrx_word' id='word_1_488' title='bbox 3536 4770 3809 4839; x_wconf 88' lang='lat' dir='ltr'>quondam</span> <span class='ocrx_word' id='word_1_489' title='bbox 3838 4770 4165 4821; x_wconf 85' lang='lat' dir='ltr'>Brandalisii</span> <span class='ocrx_word' id='word_1_490' title='bbox 4194 4771 4259 4821; x_wconf 91' lang='lat' dir='ltr'>de</span> <span class='ocrx_word' id='word_1_491' title='bbox 4288 4769 4579 4822; x_wconf 69' lang='lat' dir='ltr'>Venerosis</span> <span class='ocrx_word' id='word_1_492' title='bbox 4607 4770 4908 4822; x_wconf 84' lang='lat' dir='ltr'>Thaddaeo</span> <span class='ocrx_word' id='word_1_493' title='bbox 4934 4772 4999 4822; x_wconf 89' lang='lat' dir='ltr'>de</span> 
     </span>
     <span class='ocr_line' id='line_1_39' title="bbox 1649 4860 5000 4929; baseline 0 -17"><span class='ocrx_word' id='word_1_494' title='bbox 1649 4863 1784 4912; x_wconf 90' lang='lat' dir='ltr'>rosis</span> <span class='ocrx_word' id='word_1_495' title='bbox 1824 4878 1853 4910; x_wconf 73' lang='lat' dir='ltr'>«t</span> <span class='ocrx_word' id='word_1_496' title='bbox 1896 4863 1952 4911; x_wconf 79' lang='lat' dir='ltr'>in</span> <span class='ocrx_word' id='word_1_497' title='bbox 1991 4862 2155 4925; x_wconf 76' lang='lat' dir='ltr'>factis</span> <span class='ocrx_word' id='word_1_498' title='bbox 2195 4860 2351 4925; x_wconf 72' lang='lat' dir='ltr'>Reye&#39;i</span> <span class='ocrx_word' id='word_1_499' title='bbox 2387 4877 2437 4912; x_wconf 80' lang='lat'>».</span> <span class='ocrx_word' id='word_1_500' title='bbox 2479 4860 2681 4925; x_wconf 88' lang='lat' dir='ltr'>(lbid.,</span> <span class='ocrx_word' id='word_1_501' title='bbox 2721 4877 2768 4911; x_wconf 91' lang='lat' dir='ltr'>c.</span> <span class='ocrx_word' id='word_1_502' title='bbox 2809 4863 2837 4910; x_wconf 79' lang='grc' dir='ltr'>’ἵ</span> <span class='ocrx_word' id='word_1_503' title='bbox 2880 4865 2952 4924; x_wconf 83' lang='lat' dir='ltr'>v.)</span> <span class='ocrx_word' id='word_1_504' title='bbox 3530 4860 3752 4928; x_wconf 89' lang='lat' dir='ltr'>Pepulis</span> <span class='ocrx_word' id='word_1_505' title='bbox 3782 4865 4085 4927; x_wconf 84' lang='lat' dir='ltr'>porrectae,</span> <span class='ocrx_word' id='word_1_506' title='bbox 4114 4865 4172 4910; x_wconf 87' lang='lat' dir='ltr'>ut</span> <span class='ocrx_word' id='word_1_507' title='bbox 4207 4865 4389 4910; x_wconf 84' lang='lat' dir='ltr'>actum</span> <span class='ocrx_word' id='word_1_508' title='bbox 4420 4860 4712 4928; x_wconf 87' lang='lat' dir='ltr'>emptionis</span> <span class='ocrx_word' id='word_1_509' title='bbox 4738 4877 5000 4929; x_wconf 84' lang='lat' dir='ltr'>quarum-</span> 
     </span>
     <span class='ocr_line' id='line_1_40' title="bbox 1349 4949 4998 5017; baseline 0 -16"><span class='ocrx_word' id='word_1_510' title='bbox 1349 4955 1428 5001; x_wconf 88' lang='lat'>10.</span> <span class='ocrx_word' id='word_1_511' title='bbox 1475 4954 1626 5014; x_wconf 85' lang='grc'>1322,</span> <span class='ocrx_word' id='word_1_512' title='bbox 1659 4956 1722 5002; x_wconf 86' lang='grc'>10</span> <span class='ocrx_word' id='word_1_513' title='bbox 1752 4949 2060 5002; x_wconf 75' lang='lat' dir='ltr'>novembris</span> <span class='ocrx_word' id='word_1_514' title='bbox 2085 4980 2148 4988; x_wconf 95' lang='lat'>—</span> <span class='ocrx_word' id='word_1_515' title='bbox 2174 4953 2372 5001; x_wconf 87' lang='lat' dir='ltr'>Actum</span> <span class='ocrx_word' id='word_1_516' title='bbox 2403 4949 2905 5010; x_wconf 89' lang='lat' dir='ltr'>authenticationis,</span> <span class='ocrx_word' id='word_1_517' title='bbox 2930 4950 3109 5000; x_wconf 83' lang='lat' dir='ltr'>factae</span> <span class='ocrx_word' id='word_1_518' title='bbox 3525 4951 3649 5001; x_wconf 86' lang='lat' dir='ltr'>dam</span> <span class='ocrx_word' id='word_1_519' title='bbox 3689 4955 3957 5001; x_wconf 88' lang='lat' dir='ltr'>terrarum</span> <span class='ocrx_word' id='word_1_520' title='bbox 3998 4950 4053 5000; x_wconf 90' lang='lat' dir='ltr'>in</span> <span class='ocrx_word' id='word_1_521' title='bbox 4102 4949 4411 5017; x_wconf 84' lang='lat' dir='ltr'>Bagnarola</span> <span class='ocrx_word' id='word_1_522' title='bbox 4462 4950 4742 5016; x_wconf 82' lang='lat' dir='ltr'>registrari</span> <span class='ocrx_word' id='word_1_523' title='bbox 4790 4951 4998 5002; x_wconf 86' lang='lat' dir='ltr'>iubeat.</span> 
     </span>
     <span class='ocr_line' id='line_1_41' title="bbox 1650 5038 4998 5109; baseline 0 -18"><span class='ocrx_word' id='word_1_524' title='bbox 1650 5057 1682 5091; x_wconf 90' lang='lat' dir='ltr'>a</span> <span class='ocrx_word' id='word_1_525' title='bbox 1723 5040 1970 5109; x_wconf 89' lang='lat' dir='ltr'>pluribus</span> <span class='ocrx_word' id='word_1_526' title='bbox 2011 5040 2252 5104; x_wconf 85' lang='lat' dir='ltr'>notariis,</span> <span class='ocrx_word' id='word_1_527' title='bbox 2280 5039 2688 5107; x_wconf 82' lang='lat' dir='ltr'>privilegiorum</span> <span class='ocrx_word' id='word_1_528' title='bbox 2717 5043 2771 5090; x_wconf 86' lang='lat' dir='ltr'>et</span> <span class='ocrx_word' id='word_1_529' title='bbox 2811 5038 3115 5089; x_wconf 83' lang='lat' dir='ltr'>concessio·</span> <span class='ocrx_word' id='word_1_530' title='bbox 3532 5041 3689 5104; x_wconf 79' lang='lat' dir='ltr'>(Arta</span> <span class='ocrx_word' id='word_1_531' title='bbox 3728 5040 4113 5090; x_wconf 74' lang='lat' dir='ltr'>dominationis</span> <span class='ocrx_word' id='word_1_532' title='bbox 4150 5038 4491 5105; x_wconf 74' lang='lat' dir='ltr'>Pepulorum,</span> <span class='ocrx_word' id='word_1_533' title='bbox 4514 5038 4998 5104; x_wconf 72' lang='lat' dir='ltr'>Prom&#39;siones‚vol.</span> 
     </span>
     <span class='ocr_line' id='line_1_42' title="bbox 1650 5127 4700 5198; baseline 0 -18"><span class='ocrx_word' id='word_1_534' title='bbox 1650 5147 1779 5180; x_wconf 89' lang='lat' dir='ltr'>num</span> <span class='ocrx_word' id='word_1_535' title='bbox 1845 5146 1945 5198; x_wconf 90' lang='lat' dir='ltr'>pro</span> <span class='ocrx_word' id='word_1_536' title='bbox 1999 5129 2287 5181; x_wconf 86' lang='lat' dir='ltr'>comitibus</span> <span class='ocrx_word' id='word_1_537' title='bbox 2340 5129 2405 5179; x_wconf 91' lang='lat' dir='ltr'>de</span> <span class='ocrx_word' id='word_1_538' title='bbox 2464 5127 2756 5180; x_wconf 86' lang='lat' dir='ltr'>Venerosis</span> <span class='ocrx_word' id='word_1_539' title='bbox 2810 5144 2839 5176; x_wconf 64' lang='lat' dir='ltr'>s</span> <span class='ocrx_word' id='word_1_540' title='bbox 2890 5128 2955 5176; x_wconf 77' lang='lat' dir='ltr'>de</span> <span class='ocrx_word' id='word_1_541' title='bbox 3005 5129 3121 5177; x_wconf 74' lang='lat' dir='ltr'>suis</span> <span class='ocrx_word' id='word_1_542' title='bbox 3537 5131 3859 5192; x_wconf 75' lang='lat'>1342-1345,</span> <span class='ocrx_word' id='word_1_543' title='bbox 3902 5145 4047 5179; x_wconf 91' lang='lat' dir='ltr'>num.</span> <span class='ocrx_word' id='word_1_544' title='bbox 4088 5132 4172 5192; x_wconf 83' lang='lat'>25,</span> <span class='ocrx_word' id='word_1_545' title='bbox 4213 5144 4259 5180; x_wconf 92' lang='lat' dir='ltr'>c.</span> <span class='ocrx_word' id='word_1_546' title='bbox 4305 5133 4325 5179; x_wconf 94' lang='lat' dir='ltr'><strong>l</strong></span> <span class='ocrx_word' id='word_1_547' title='bbox 4372 5145 4414 5179; x_wconf 93' lang='lat' dir='ltr'>r.</span> <span class='ocrx_word' id='word_1_548' title='bbox 4453 5133 4507 5180; x_wconf 89' lang='lat' dir='ltr'>et</span> <span class='ocrx_word' id='word_1_549' title='bbox 4547 5131 4577 5179; x_wconf 85' lang='lat'>2</span> <span class='ocrx_word' id='word_1_550' title='bbox 4618 5131 4700 5192; x_wconf 80' lang='lat' dir='ltr'>v.)</span> 
     </span>
     <span class='ocr_line' id='line_1_43' title="bbox 1648 5218 4998 5289; baseline 0 -19"><span class='ocrx_word' id='word_1_551' title='bbox 1648 5222 1790 5270; x_wconf 72' lang='lat' dir='ltr'>ret-is</span> <span class='ocrx_word' id='word_1_552' title='bbox 1828 5221 2148 5271; x_wconf 69' lang='lat' dir='ltr'>authenticis</span> <span class='ocrx_word' id='word_1_553' title='bbox 2190 5222 2644 5286; x_wconf 71' lang='lat' dir='ltr'>transcriptorum</span> <span class='ocrx_word' id='word_1_554' title='bbox 2685 5235 2732 5270; x_wconf 80' lang='lat'>›&gt;.</span> <span class='ocrx_word' id='word_1_555' title='bbox 2773 5219 2969 5284; x_wconf 88' lang='lat' dir='ltr'>(lbid.,</span> <span class='ocrx_word' id='word_1_556' title='bbox 3009 5235 3055 5269; x_wconf 91' lang='lat' dir='ltr'>c.</span> <span class='ocrx_word' id='word_1_557' title='bbox 3085 5221 3115 5269; x_wconf 84' lang='lat'>8</span> <span class='ocrx_word' id='word_1_558' title='bbox 3232 5222 3312 5270; x_wconf 89' lang='grc'>15.</span> <span class='ocrx_word' id='word_1_559' title='bbox 3356 5222 3489 5270; x_wconf 80' lang='lat'>1354</span> <span class='ocrx_word' id='word_1_560' title='bbox 3520 5248 3582 5256; x_wconf 93' lang='lat'><strong>—</strong></span> <span class='ocrx_word' id='word_1_561' title='bbox 3622 5218 4160 5284; x_wconf 73' lang='lat' dir='ltr'>l&#39;e&#39;ye&#39;nte‘que‘nquenae</span> <span class='ocrx_word' id='word_1_562' title='bbox 4196 5219 4435 5270; x_wconf 72' lang='lat' dir='ltr'>civitatis</span> <span class='ocrx_word' id='word_1_563' title='bbox 4470 5219 4770 5282; x_wconf 81' lang='lat' dir='ltr'>Bononiae,</span> <span class='ocrx_word' id='word_1_564' title='bbox 4797 5220 4854 5271; x_wconf 91' lang='lat' dir='ltr'>in</span> <span class='ocrx_word' id='word_1_565' title='bbox 4882 5222 4998 5289; x_wconf 89' lang='lat' dir='ltr'>qui-</span> 
     </span>
     <span class='ocr_line' id='line_1_44' title="bbox 1648 5308 5000 5376; baseline 0 -15"><span class='ocrx_word' id='word_1_566' title='bbox 1648 5327 1688 5362; x_wconf 91' lang='lat' dir='ltr'>r.</span> <span class='ocrx_word' id='word_1_567' title='bbox 1731 5316 1785 5361; x_wconf 89' lang='lat' dir='ltr'>et</span> <span class='ocrx_word' id='word_1_568' title='bbox 1823 5315 1895 5374; x_wconf 68' lang='lat' dir='ltr'>V.)</span> <span class='ocrx_word' id='word_1_569' title='bbox 3530 5308 3647 5372; x_wconf 87' lang='lat' dir='ltr'>bus,</span> <span class='ocrx_word' id='word_1_570' title='bbox 3676 5308 3776 5358; x_wconf 86' lang='lat' dir='ltr'>sub</span> <span class='ocrx_word' id='word_1_571' title='bbox 3810 5309 4086 5376; x_wconf 88' lang='lat' dir='ltr'>quarterio</span> <span class='ocrx_word' id='word_1_572' title='bbox 4125 5308 4323 5359; x_wconf 84' lang='lat' dir='ltr'>Portae</span> <span class='ocrx_word' id='word_1_573' title='bbox 4360 5309 4535 5360; x_wconf 85' lang='lat' dir='ltr'>sancti</span> <span class='ocrx_word' id='word_1_574' title='bbox 4564 5308 4782 5360; x_wconf 80' lang='lat' dir='ltr'>Proculi</span> <span class='ocrx_word' id='word_1_575' title='bbox 4812 5315 4869 5361; x_wconf 88' lang='lat' dir='ltr'>et</span> <span class='ocrx_word' id='word_1_576' title='bbox 4897 5309 5000 5361; x_wconf 86' lang='lat' dir='ltr'>Ca·</span> 
     </span>
     <span class='ocr_line' id='line_1_45' title="bbox 1347 5396 5000 5469; baseline -0.001 -16"><span class='ocrx_word' id='word_1_577' title='bbox 1347 5406 1428 5453; x_wconf 92' lang='lat' dir='ltr'>ll.</span> <span class='ocrx_word' id='word_1_578' title='bbox 1473 5403 1627 5464; x_wconf 85' lang='grc'>1326,</span> <span class='ocrx_word' id='word_1_579' title='bbox 1669 5404 1737 5451; x_wconf 88' lang='grc'>20</span> <span class='ocrx_word' id='word_1_580' title='bbox 1777 5401 2038 5452; x_wconf 84' lang='lat' dir='ltr'>februarii</span> <span class='ocrx_word' id='word_1_581' title='bbox 2066 5430 2131 5438; x_wconf 89' lang='lat'>—</span> <span class='ocrx_word' id='word_1_582' title='bbox 2163 5401 2496 5469; x_wconf 85' lang='lat' dir='ltr'>l&#39;crseriptio</span> <span class='ocrx_word' id='word_1_583' title='bbox 2525 5405 2680 5452; x_wconf 89' lang='lat' dir='ltr'>actus</span> <span class='ocrx_word' id='word_1_584' title='bbox 2707 5398 3118 5468; x_wconf 84' lang='lat' dir='ltr'>legitimationis</span> <span class='ocrx_word' id='word_1_585' title='bbox 3530 5398 3679 5465; x_wconf 85' lang='lat' dir='ltr'>pella</span> <span class='ocrx_word' id='word_1_586' title='bbox 3719 5399 3895 5449; x_wconf 81' lang='lat' dir='ltr'>sancti</span> <span class='ocrx_word' id='word_1_587' title='bbox 3944 5397 4177 5448; x_wconf 84' lang='lat' dir='ltr'>Simonis</span> <span class='ocrx_word' id='word_1_588' title='bbox 4231 5397 4297 5448; x_wconf 86' lang='lat' dir='ltr'>de</span> <span class='ocrx_word' id='word_1_589' title='bbox 4350 5396 4771 5464; x_wconf 77' lang='lat' dir='ltr'>Machagnanis,</span> <span class='ocrx_word' id='word_1_590' title='bbox 4813 5415 5000 5450; x_wconf 86' lang='lat' dir='ltr'>comes</span> 
     </span>
     <span class='ocr_line' id='line_1_46' title="bbox 1645 5485 5001 5555; baseline -0 -15"><span class='ocrx_word' id='word_1_591' title='bbox 1645 5489 1870 5541; x_wconf 86' lang='lat' dir='ltr'>Clarelli</span> <span class='ocrx_word' id='word_1_592' title='bbox 1916 5489 2012 5541; x_wconf 85' lang='lat' dir='ltr'>filii</span> <span class='ocrx_word' id='word_1_593' title='bbox 2053 5490 2322 5541; x_wconf 71' lang='lat' dir='ltr'>(iherardi</span> <span class='ocrx_word' id='word_1_594' title='bbox 2363 5490 2603 5554; x_wconf 86' lang='lat' dir='ltr'>Bricani,</span> <span class='ocrx_word' id='word_1_595' title='bbox 2630 5505 2922 5541; x_wconf 88' lang='lat' dir='ltr'>concessae</span> <span class='ocrx_word' id='word_1_596' title='bbox 2958 5504 2989 5538; x_wconf 88' lang='lat' dir='ltr'>a</span> <span class='ocrx_word' id='word_1_597' title='bbox 3028 5503 3117 5538; x_wconf 92' lang='lat' dir='ltr'>co·</span> <span class='ocrx_word' id='word_1_598' title='bbox 3530 5487 3903 5538; x_wconf 88' lang='lat' dir='ltr'>Bertholottus</span> <span class='ocrx_word' id='word_1_599' title='bbox 3943 5486 4280 5538; x_wconf 86' lang='lat' dir='ltr'>Brandelixii</span> <span class='ocrx_word' id='word_1_600' title='bbox 4314 5486 4379 5537; x_wconf 88' lang='lat' dir='ltr'>de</span> <span class='ocrx_word' id='word_1_601' title='bbox 4421 5485 4713 5538; x_wconf 74' lang='lat' dir='ltr'>Venerosis</span> <span class='ocrx_word' id='word_1_602' title='bbox 4752 5488 5001 5555; x_wconf 86' lang='lat' dir='ltr'>comple·</span> 
     </span>
     <span class='ocr_line' id='line_1_47' title="bbox 1645 5575 5003 5642; baseline -0.001 -11"><span class='ocrx_word' id='word_1_603' title='bbox 1645 5579 1778 5631; x_wconf 89' lang='lat' dir='ltr'>mite</span> <span class='ocrx_word' id='word_1_604' title='bbox 1809 5579 2152 5630; x_wconf 87' lang='lat' dir='ltr'>Bertholotto</span> <span class='ocrx_word' id='word_1_605' title='bbox 2182 5579 2508 5630; x_wconf 89' lang='lat' dir='ltr'>Brandalisii</span> <span class='ocrx_word' id='word_1_606' title='bbox 2537 5580 2602 5630; x_wconf 91' lang='lat' dir='ltr'>de</span> <span class='ocrx_word' id='word_1_607' title='bbox 2631 5578 2944 5629; x_wconf 72' lang='lat' dir='ltr'>Venerosis.</span> <span class='ocrx_word' id='word_1_608' title='bbox 2971 5577 3114 5641; x_wconf 78' lang='grc' dir='ltr'><strong>(Με-</strong></span> <span class='ocrx_word' id='word_1_609' title='bbox 3531 5577 3712 5628; x_wconf 87' lang='lat' dir='ltr'>ctitur.</span> <span class='ocrx_word' id='word_1_610' title='bbox 3753 5578 3772 5641; x_wconf 97' lang='lat'><strong>(</strong></span> <span class='ocrx_word' id='word_1_611' title='bbox 3798 5575 4331 5642; x_wconf 68' lang='lat' dir='ltr'>Viyintiquinque-nae</span> <span class='ocrx_word' id='word_1_612' title='bbox 4370 5577 4424 5626; x_wconf 71' lang='lat' dir='ltr'>in</span> <span class='ocrx_word' id='word_1_613' title='bbox 4482 5576 4662 5640; x_wconf 71' lang='lat' dir='ltr'>officio</span> <span class='ocrx_word' id='word_1_614' title='bbox 4709 5576 5003 5642; x_wconf 75' lang='lat' dir='ltr'>Capitonei</span> 
     </span>
     <span class='ocr_line' id='line_1_48' title="bbox 1649 5665 4678 5736; baseline -0.001 -16"><span class='ocrx_word' id='word_1_615' title='bbox 1649 5670 1875 5720; x_wconf 78' lang='lat' dir='ltr'>more&#39;ale</span> <span class='ocrx_word' id='word_1_616' title='bbox 1904 5668 2119 5734; x_wconf 72' lang='lat' dir='ltr'>Uyole&#39;m‘</span> <span class='ocrx_word' id='word_1_617' title='bbox 2141 5669 2441 5734; x_wconf 72' lang='lat' dir='ltr'>Heum&#39;ye&#39;tta&#39;</span> <span class='ocrx_word' id='word_1_618' title='bbox 2465 5687 2497 5718; x_wconf 84' lang='grc' dir='ltr'><em>α</em></span> <span class='ocrx_word' id='word_1_619' title='bbox 2523 5669 2781 5733; x_wconf 68' lang='lat' dir='ltr'>Quercie&#39;st,</span> <span class='ocrx_word' id='word_1_620' title='bbox 2797 5684 2895 5736; x_wconf 91' lang='lat' dir='ltr'>pro</span> <span class='ocrx_word' id='word_1_621' title='bbox 2922 5667 3112 5735; x_wconf 86' lang='lat' dir='ltr'>primis</span> <span class='ocrx_word' id='word_1_622' title='bbox 3526 5666 3723 5732; x_wconf 79' lang='lat' dir='ltr'>Populi</span> <span class='ocrx_word' id='word_1_623' title='bbox 3760 5694 3781 5704; x_wconf 92' lang='lat'><strong>·</strong></span> <span class='ocrx_word' id='word_1_624' title='bbox 3824 5665 4031 5715; x_wconf 62' lang='lat' dir='ltr'>Milia-ie</span> <span class='ocrx_word' id='word_1_625' title='bbox 4067 5665 4323 5716; x_wconf 76' lang='lat' dir='ltr'>ce&#39;ttade‘ne</span> <span class='ocrx_word' id='word_1_626' title='bbox 4360 5693 4383 5704; x_wconf 93' lang='lat'>-</span> <span class='ocrx_word' id='word_1_627' title='bbox 4422 5665 4489 5716; x_wconf 90' lang='lat' dir='ltr'>ad</span> <span class='ocrx_word' id='word_1_628' title='bbox 4528 5667 4678 5730; x_wconf 88' lang='lat' dir='ltr'>ann.)</span> 
     </span>
     <span class='ocr_line' id='line_1_49' title="bbox 1654 5753 5002 5824; baseline -0.001 -13"><span class='ocrx_word' id='word_1_629' title='bbox 1654 5764 1807 5824; x_wconf 83' lang='grc'>1326,</span> <span class='ocrx_word' id='word_1_630' title='bbox 1848 5777 1895 5810; x_wconf 88' lang='lat' dir='ltr'>c.</span> <span class='ocrx_word' id='word_1_631' title='bbox 1937 5763 2002 5810; x_wconf 85' lang='lat'>22</span> <span class='ocrx_word' id='word_1_632' title='bbox 2044 5777 2085 5811; x_wconf 91' lang='lat' dir='ltr'>r.</span> <span class='ocrx_word' id='word_1_633' title='bbox 2126 5765 2180 5811; x_wconf 86' lang='lat' dir='ltr'>et</span> <span class='ocrx_word' id='word_1_634' title='bbox 2217 5762 2290 5823; x_wconf 74' lang='lat' dir='ltr'>v.)</span> <span class='ocrx_word' id='word_1_635' title='bbox 3086 5753 3095 5761; x_wconf 81' lang='grc'><strong><em>’</em></strong></span> <span class='ocrx_word' id='word_1_636' title='bbox 3226 5760 3308 5808; x_wconf 92' lang='grc'>16.</span> <span class='ocrx_word' id='word_1_637' title='bbox 3354 5760 3507 5820; x_wconf 81' lang='grc'>1359,</span> <span class='ocrx_word' id='word_1_638' title='bbox 3536 5759 3595 5807; x_wconf 80' lang='grc' dir='ltr'>1ῖ</span> <span class='ocrx_word' id='word_1_639' title='bbox 3625 5755 3862 5806; x_wconf 85' lang='lat' dir='ltr'>octobris</span> <span class='ocrx_word' id='word_1_640' title='bbox 3886 5785 3948 5792; x_wconf 88' lang='lat'>—</span> <span class='ocrx_word' id='word_1_641' title='bbox 3974 5755 4304 5822; x_wconf 80' lang='lat' dir='ltr'>perscriptio</span> <span class='ocrx_word' id='word_1_642' title='bbox 4330 5754 4700 5822; x_wconf 87' lang='lat' dir='ltr'>deputationis</span> <span class='ocrx_word' id='word_1_643' title='bbox 4727 5756 5002 5807; x_wconf 87' lang='lat' dir='ltr'>curatoris</span> 
     </span>
     <span class='ocr_line' id='line_1_50' title="bbox 1347 5835 5001 5915; baseline -0.002 -13"><span class='ocrx_word' id='word_1_644' title='bbox 1347 5853 1430 5902; x_wconf 87' lang='grc'>12.</span> <span class='ocrx_word' id='word_1_645' title='bbox 1473 5853 1631 5915; x_wconf 88' lang='grc'>1333,</span> <span class='ocrx_word' id='word_1_646' title='bbox 1671 5853 1735 5900; x_wconf 77' lang='grc'>25</span> <span class='ocrx_word' id='word_1_647' title='bbox 1777 5850 1943 5901; x_wconf 90' lang='lat' dir='ltr'>madii</span> <span class='ocrx_word' id='word_1_648' title='bbox 1973 5879 2037 5887; x_wconf 89' lang='lat'>——-</span> <span class='ocrx_word' id='word_1_649' title='bbox 2070 5849 2362 5901; x_wconf 88' lang='lat' dir='ltr'>Decretum</span> <span class='ocrx_word' id='word_1_650' title='bbox 2404 5835 2690 5901; x_wconf 87' lang='lat' dir='ltr'>Bertrandi</span> <span class='ocrx_word' id='word_1_651' title='bbox 2720 5849 2772 5899; x_wconf 82' lang='lat' dir='ltr'>S.</span> <span class='ocrx_word' id='word_1_652' title='bbox 2800 5848 2866 5898; x_wconf 83' lang='lat' dir='ltr'>R.</span> <span class='ocrx_word' id='word_1_653' title='bbox 2896 5847 2956 5897; x_wconf 88' lang='grc' dir='ltr'>Ε.</span> <span class='ocrx_word' id='word_1_654' title='bbox 2987 5845 3117 5897; x_wconf 87' lang='lat' dir='ltr'>Car·</span> <span class='ocrx_word' id='word_1_655' title='bbox 3529 5863 3628 5914; x_wconf 90' lang='lat' dir='ltr'>pro</span> <span class='ocrx_word' id='word_1_656' title='bbox 3658 5846 3874 5897; x_wconf 89' lang='lat' dir='ltr'>Helena</span> <span class='ocrx_word' id='word_1_657' title='bbox 3898 5845 4169 5913; x_wconf 90' lang='lat' dir='ltr'>quondam</span> <span class='ocrx_word' id='word_1_658' title='bbox 4197 5844 4411 5900; x_wconf 86' lang='lat' dir='ltr'>comitis</span> <span class='ocrx_word' id='word_1_659' title='bbox 4440 5844 4767 5896; x_wconf 88' lang='lat' dir='ltr'>Bertholotti</span> <span class='ocrx_word' id='word_1_660' title='bbox 4795 5846 4868 5896; x_wconf 92' lang='lat' dir='ltr'>de</span> <span class='ocrx_word' id='word_1_661' title='bbox 4890 5845 5001 5896; x_wconf 70' lang='lat' dir='ltr'>Ve-</span> 
     </span>
     <span class='ocr_line' id='line_1_51' title="bbox 1648 5931 5006 6007; baseline -0.002 -17"><span class='ocrx_word' id='word_1_662' title='bbox 1648 5941 1865 6004; x_wconf 88' lang='lat' dir='ltr'>dinalis,</span> <span class='ocrx_word' id='word_1_663' title='bbox 1897 5940 2247 6007; x_wconf 79' lang='lat' dir='ltr'>Apostolicae</span> <span class='ocrx_word' id='word_1_664' title='bbox 2277 5939 2431 5990; x_wconf 76' lang='lat' dir='ltr'>Sedis</span> <span class='ocrx_word' id='word_1_665' title='bbox 2461 5938 2736 5989; x_wconf 87' lang='lat' dir='ltr'>Bononiae</span> <span class='ocrx_word' id='word_1_666' title='bbox 2773 5937 2985 6004; x_wconf 87' lang='lat' dir='ltr'>Legati,</span> <span class='ocrx_word' id='word_1_667' title='bbox 3012 5951 3117 6004; x_wconf 89' lang='lat' dir='ltr'>quo</span> <span class='ocrx_word' id='word_1_668' title='bbox 3534 5935 3742 5986; x_wconf 87' lang='lat' dir='ltr'>nerosis</span> <span class='ocrx_word' id='word_1_669' title='bbox 3806 5935 4120 5996; x_wconf 85' lang='lat' dir='ltr'>mantuani,</span> <span class='ocrx_word' id='word_1_670' title='bbox 4159 5950 4328 5986; x_wconf 83' lang='lat' dir='ltr'>uxore</span> <span class='ocrx_word' id='word_1_671' title='bbox 4382 5931 4756 6002; x_wconf 88' lang='lat' dir='ltr'>Christophori</span> <span class='ocrx_word' id='word_1_672' title='bbox 4800 5935 5006 5985; x_wconf 81' lang='lat' dir='ltr'>Ansel-</span> 
     </span>
     <span class='ocr_line' id='line_1_52' title="bbox 1645 6022 5001 6094; baseline -0.002 -13"><span class='ocrx_word' id='word_1_673' title='bbox 1645 6031 1830 6082; x_wconf 88' lang='lat' dir='ltr'>comiti</span> <span class='ocrx_word' id='word_1_674' title='bbox 1885 6030 2229 6082; x_wconf 86' lang='lat' dir='ltr'>Brandalisio</span> <span class='ocrx_word' id='word_1_675' title='bbox 2276 6031 2342 6080; x_wconf 93' lang='lat' dir='ltr'>de</span> <span class='ocrx_word' id='word_1_676' title='bbox 2385 6028 2705 6092; x_wconf 81' lang='lat' dir='ltr'>Venerosis,</span> <span class='ocrx_word' id='word_1_677' title='bbox 2747 6027 3120 6094; x_wconf 76' lang='lat' dir='ltr'>impositiones</span> <span class='ocrx_word' id='word_1_678' title='bbox 3534 6025 3667 6076; x_wconf 91' lang='lat' dir='ltr'>mini</span> <span class='ocrx_word' id='word_1_679' title='bbox 3714 6024 3978 6093; x_wconf 79' lang='lat' dir='ltr'>patavini,</span> <span class='ocrx_word' id='word_1_680' title='bbox 4009 6029 4066 6073; x_wconf 88' lang='lat' dir='ltr'>ut</span> <span class='ocrx_word' id='word_1_681' title='bbox 4105 6028 4214 6075; x_wconf 89' lang='lat' dir='ltr'>tres</span> <span class='ocrx_word' id='word_1_682' title='bbox 4242 6024 4429 6075; x_wconf 85' lang='lat' dir='ltr'>domos</span> <span class='ocrx_word' id='word_1_683' title='bbox 4468 6023 4672 6091; x_wconf 86' lang='lat' dir='ltr'>positas</span> <span class='ocrx_word' id='word_1_684' title='bbox 4712 6022 5001 6074; x_wconf 87' lang='lat' dir='ltr'>Bononiae</span> 
     </span>
     <span class='ocr_line' id='line_1_53' title="bbox 1644 6112 5003 6187; baseline -0.003 -16"><span class='ocrx_word' id='word_1_685' title='bbox 1644 6119 1860 6172; x_wconf 82' lang='lat' dir='ltr'>XVIII.</span> <span class='ocrx_word' id='word_1_686' title='bbox 1901 6120 2060 6171; x_wconf 86' lang='lat' dir='ltr'>annis</span> <span class='ocrx_word' id='word_1_687' title='bbox 2100 6119 2301 6187; x_wconf 86' lang='lat' dir='ltr'>elapsis</span> <span class='ocrx_word' id='word_1_688' title='bbox 2329 6118 2400 6170; x_wconf 89' lang='lat' dir='ltr'>ab</span> <span class='ocrx_word' id='word_1_689' title='bbox 2429 6119 2616 6169; x_wconf 90' lang='lat' dir='ltr'>codem</span> <span class='ocrx_word' id='word_1_690' title='bbox 2645 6117 2844 6168; x_wconf 88' lang='lat' dir='ltr'>comite</span> <span class='ocrx_word' id='word_1_691' title='bbox 2872 6121 2927 6168; x_wconf 90' lang='lat' dir='ltr'>et</span> <span class='ocrx_word' id='word_1_692' title='bbox 2953 6132 2983 6166; x_wconf 90' lang='lat' dir='ltr'>a</span> <span class='ocrx_word' id='word_1_693' title='bbox 3018 6133 3114 6183; x_wconf 90' lang='lat' dir='ltr'>pa·</span> <span class='ocrx_word' id='word_1_694' title='bbox 3528 6115 3583 6166; x_wconf 93' lang='lat' dir='ltr'>in</span> <span class='ocrx_word' id='word_1_695' title='bbox 3612 6114 3831 6183; x_wconf 86' lang='lat' dir='ltr'>capella</span> <span class='ocrx_word' id='word_1_696' title='bbox 3856 6114 4029 6164; x_wconf 87' lang='lat' dir='ltr'>sancti</span> <span class='ocrx_word' id='word_1_697' title='bbox 4053 6112 4368 6178; x_wconf 76' lang='lat' dir='ltr'>Salvatoris,</span> <span class='ocrx_word' id='word_1_698' title='bbox 4390 6112 4623 6164; x_wconf 83' lang='lat' dir='ltr'>vendere</span> <span class='ocrx_word' id='word_1_699' title='bbox 4644 6112 4840 6180; x_wconf 87' lang='lat' dir='ltr'>possit.</span> <span class='ocrx_word' id='word_1_700' title='bbox 4865 6112 5003 6176; x_wconf 77' lang='lat' dir='ltr'>(Me-</span> 
     </span>
     <span class='ocr_line' id='line_1_54' title="bbox 1647 6201 5001 6274; baseline -0.002 -14"><span class='ocrx_word' id='word_1_701' title='bbox 1647 6215 1726 6263; x_wconf 87' lang='lat' dir='ltr'>tre</span> <span class='ocrx_word' id='word_1_702' title='bbox 1756 6227 1852 6262; x_wconf 89' lang='lat' dir='ltr'>suo</span> <span class='ocrx_word' id='word_1_703' title='bbox 1881 6211 2108 6274; x_wconf 85' lang='lat' dir='ltr'>solutas,</span> <span class='ocrx_word' id='word_1_704' title='bbox 2129 6209 2379 6261; x_wconf 88' lang='lat' dir='ltr'>remittit.</span> <span class='ocrx_word' id='word_1_705' title='bbox 2408 6207 2878 6274; x_wconf 45' lang='lat' dir='ltr'>(Refer-matteum,</span> <span class='ocrx_word' id='word_1_706' title='bbox 2905 6212 3032 6256; x_wconf 85' lang='lat' dir='ltr'>tom.</span> <span class='ocrx_word' id='word_1_707' title='bbox 3055 6206 3115 6270; x_wconf 90' lang='lat' dir='ltr'>P,</span> <span class='ocrx_word' id='word_1_708' title='bbox 3530 6205 3755 6255; x_wconf 77' lang='lat' dir='ltr'>moriale</span> <span class='ocrx_word' id='word_1_709' title='bbox 3790 6203 3985 6254; x_wconf 73' lang='lat' dir='ltr'>Jacobi</span> <span class='ocrx_word' id='word_1_710' title='bbox 4021 6203 4219 6254; x_wconf 68' lang='lat' dir='ltr'><em>Pizolla·</em></span> <span class='ocrx_word' id='word_1_711' title='bbox 4253 6202 4317 6252; x_wconf 76' lang='lat' dir='ltr'>de</span> <span class='ocrx_word' id='word_1_712' title='bbox 4355 6201 4561 6264; x_wconf 81' lang='lat' dir='ltr'>Ferre,</span> <span class='ocrx_word' id='word_1_713' title='bbox 4598 6217 4696 6269; x_wconf 91' lang='lat' dir='ltr'>pro</span> <span class='ocrx_word' id='word_1_714' title='bbox 4734 6202 5001 6253; x_wconf 83' lang='lat' dir='ltr'>secundis</span> 
     </span>
     <span class='ocr_line' id='line_1_55' title="bbox 1644 6295 4266 6364; baseline -0.003 -11"><span class='ocrx_word' id='word_1_715' title='bbox 1644 6317 1691 6353; x_wconf 87' lang='lat' dir='ltr'>c.</span> <span class='ocrx_word' id='word_1_716' title='bbox 1727 6304 1825 6352; x_wconf 89' lang='grc'>162</span> <span class='ocrx_word' id='word_1_717' title='bbox 1867 6318 1907 6352; x_wconf 86' lang='grc' dir='ltr'>ι·.</span> <span class='ocrx_word' id='word_1_718' title='bbox 1935 6303 1991 6352; x_wconf 86' lang='lat' dir='ltr'>et</span> <span class='ocrx_word' id='word_1_719' title='bbox 2033 6302 2131 6352; x_wconf 77' lang='lat'>175</span> <span class='ocrx_word' id='word_1_720' title='bbox 2174 6302 2239 6364; x_wconf 91' lang='lat' dir='ltr'>r.)</span> <span class='ocrx_word' id='word_1_721' title='bbox 3530 6300 3684 6360; x_wconf 78' lang='lat'>1359,</span> <span class='ocrx_word' id='word_1_722' title='bbox 3725 6313 3771 6347; x_wconf 88' lang='lat' dir='ltr'>c.</span> <span class='ocrx_word' id='word_1_723' title='bbox 3815 6298 3878 6345; x_wconf 87' lang='lat'>19</span> <span class='ocrx_word' id='word_1_724' title='bbox 3917 6312 3958 6346; x_wconf 89' lang='lat' dir='ltr'>r.</span> <span class='ocrx_word' id='word_1_725' title='bbox 4001 6299 4055 6345; x_wconf 92' lang='lat' dir='ltr'>et</span> <span class='ocrx_word' id='word_1_726' title='bbox 4096 6296 4163 6344; x_wconf 91' lang='grc'>20</span> <span class='ocrx_word' id='word_1_727' title='bbox 4203 6295 4266 6357; x_wconf 91' lang='lat' dir='ltr'>r.)</span> 
     </span>
    </p>
   </div>
   <div class='ocr_carea' id='block_1_4' title="bbox 1347 6365 4414 6458">
    <p class='ocr_par' dir='ltr' id='par_1_4' title="bbox 1347 6365 4414 6458">
     <span class='ocr_line' id='line_1_56' title="bbox 1347 6365 4414 6458; baseline -0.005 -15"><span class='ocrx_word' id='word_1_728' title='bbox 1347 6394 1430 6445; x_wconf 87' lang='grc'>13.</span> <span class='ocrx_word' id='word_1_729' title='bbox 1474 6395 1630 6457; x_wconf 77' lang='lat'>1341,</span> <span class='ocrx_word' id='word_1_730' title='bbox 1671 6394 1733 6443; x_wconf 89' lang='grc'>31</span> <span class='ocrx_word' id='word_1_731' title='bbox 1777 6391 1947 6442; x_wconf 87' lang='lat' dir='ltr'>madii</span> <span class='ocrx_word' id='word_1_732' title='bbox 1976 6419 2041 6428; x_wconf 93' lang='lat'>—</span> <span class='ocrx_word' id='word_1_733' title='bbox 2070 6389 2405 6458; x_wconf 88' lang='lat' dir='ltr'>Perscriptio</span> <span class='ocrx_word' id='word_1_734' title='bbox 2434 6392 2590 6440; x_wconf 87' lang='lat' dir='ltr'>actus</span> <span class='ocrx_word' id='word_1_735' title='bbox 2616 6388 2829 6439; x_wconf 87' lang='lat' dir='ltr'>tutelae</span> <span class='ocrx_word' id='word_1_736' title='bbox 2858 6386 3027 6437; x_wconf 80' lang='lat' dir='ltr'>Bitini</span> <span class='ocrx_word' id='word_1_737' title='bbox 3056 6385 3122 6436; x_wconf 91' lang='lat' dir='ltr'>de</span> <span class='ocrx_word' id='word_1_738' title='bbox 4367 6365 4414 6405; x_wconf 68' lang='lat'>⁸</span> 
     </span>
    </p>
   </div>
   <div class='ocr_carea' id='block_1_5' title="bbox 1647 6475 3776 6544">
    <p class='ocr_par' dir='ltr' id='par_1_5' title="bbox 1647 6475 3776 6544">
     <span class='ocr_line' id='line_1_57' title="bbox 1647 6475 3776 6544; baseline -0.004 -12"><span class='ocrx_word' id='word_1_739' title='bbox 1647 6480 2098 6544; x_wconf 80' lang='lat' dir='ltr'>Guastavillanis,</span> <span class='ocrx_word' id='word_1_740' title='bbox 2121 6483 2179 6530; x_wconf 87' lang='lat' dir='ltr'>ut</span> <span class='ocrx_word' id='word_1_741' title='bbox 2206 6483 2456 6530; x_wconf 89' lang='lat' dir='ltr'>mutuum</span> <span class='ocrx_word' id='word_1_742' title='bbox 2483 6495 2514 6530; x_wconf 90' lang='lat' dir='ltr'>a</span> <span class='ocrx_word' id='word_1_743' title='bbox 2544 6478 2742 6529; x_wconf 89' lang='lat' dir='ltr'>comite</span> <span class='ocrx_word' id='word_1_744' title='bbox 2773 6477 3116 6528; x_wconf 88' lang='lat' dir='ltr'>Bertholotto</span> <span class='ocrx_word' id='word_1_745' title='bbox 3391 6476 3440 6539; x_wconf 94' lang='lat'>(1</span> <span class='ocrx_word' id='word_1_746' title='bbox 3486 6478 3541 6527; x_wconf 90' lang='lat' dir='ltr'>et</span> <span class='ocrx_word' id='word_1_747' title='bbox 3580 6477 3633 6538; x_wconf 85' lang='grc'>2)</span> <span class='ocrx_word' id='word_1_748' title='bbox 3673 6475 3776 6524; x_wconf 75' lang='lat' dir='ltr'>Sic.</span> 
     </span>
    </p>
   </div>
  </div>
 </body>
</html>
