5542 7775
1671 679 2136 730 araca-Auru
2193 679 2296 729 An
2352 678 2862 729 Pnornssonss
2917 677 3128 729 amus
3184 678 3450 728 CIVILIS
4216 658 4363 727 103

2422 1043 2677 1108 LXIII.

2225 1259 2419 1340 1338,
2472 1259 2552 1321 15
2598 1257 2870 1323 octobris,

1584 1471 1691 1536 Ex
1739 1471 1971 1536 eodem
2018 1478 2192 1538 tomo
2245 1472 2481 1537 Codicis
2525 1473 2776 1558 diplom.
2823 1472 3077 1556 bonon„
3125 1494 3187 1536 n.
3235 1470 3511 1536 LXXX.

908 1686 1300 1752 Benedictus
1363 1687 1737 1773 episcopua,
1787 1706 2014 1750 servus
2076 1707 2413 1751 servorum
2476 1686 2635 1768 Dei,
2684 1684 2920 1750 dilecto
2982 1683 3114 1749 filio
3178 1683 3399 1748 Tadeo
3457 1684 3536 1748 de
3586 1684 3853 1771 Pepulis
3908 1684 3988 1749 de
4034 1683 4365 1767 Bononia,

723 1792 888 1877 juris
936 1792 1146 1858 civilis
1192 1792 1562 1880 professori,
1608 1794 1886 1858 salutem
1930 1800 1996 1858 et
2043 1793 2462 1881 apostolicam
2507 1791 3043 1857 benedictionem.

906 1899 1219 1965 Letamur
1264 1900 1345 1965 de
1395 1907 1478 1983 te,
1513 1907 1827 1987 tuamque
1875 1900 2286 1988 prudentiam
2331 1900 2772 1987 multipliciter
2819 1900 2885 1964 in
2930 1899 3209 1965 Domino
3253 1897 3795 1982 commendamus,
3828 1898 3998 1985 quod
4029 1905 4100 1963 tu
4131 1899 4369 1964 auditis

727 2014 791 2071 et
840 2007 1183 2073 intellectis
1228 2008 1637 2094 processibus
1685 2007 1930 2072 dudum
1978 2029 2172 2094 super
2219 2006 2392 2073 facto
2439 2008 2719 2073 civitatis
2781 2006 3216 2089 bononiensis,
3264 2007 3533 2092 ejusque
3580 2005 3917 2090 comitatu,
3965 2006 4258 2071 districtu
4305 2015 4369 2072 et

728 2114 1051 2180 territorio
1097 2136 1215 2202 per
1262 2136 1378 2180 nos
1426 2115 1638 2198 factis,
1688 2136 1817 2180 non
1864 2114 2074 2179 solum
2119 2122 2183 2180 te
2231 2115 2441 2201 ipsum
2487 2115 2570 2179 ab
2618 2114 2873 2200 injuriis
2918 2121 2984 2179 et
3030 2112 3290 2179 offensis
3334 2113 3625 2178 Ecclesie
3673 2133 3970 2196 romane,
4017 2113 4368 2200 quinimmo

730 2228 979 2287 ceteros
1025 2223 1322 2288 concives
1370 2229 1515 2288 tuos
1563 2222 1931 2305 retrahere,
1980 2242 2056 2287 ac
2117 2222 2201 2287 ad
2261 2222 2690 2287 obediendum
2750 2222 2937 2287 nobis
2992 2228 3057 2285 et
3110 2220 3320 2286 eidem
3364 2220 3655 2286 Ecclesie
3702 2242 3895 2307 super
3940 2222 4256 2286 contentis
4303 2223 4370 2287 in

729 2330 974 2395 eisdem
1020 2331 1450 2418 processibus,
1483 2338 1547 2396 te
1596 2352 1673 2396 ac
1719 2331 1894 2418 ipsos
1936 2330 2278 2417 disponere
2312 2331 2598 2417 operosis
2630 2331 2863 2416 studijs
2909 2336 2975 2394 et
3006 2330 3244 2394 sedulis
3276 2329 3813 2395 sollicitudinibus
3846 2330 4171 2395 curavisti.
4207 2329 4370 2396 Cum

728 2444 947 2503 autem
993 2439 1106 2504 illo
1154 2438 1454 2522 faciente,
1489 2439 1600 2525 qui
1645 2438 1826 2526 pacis
1872 2446 1971 2503 est
2016 2445 2244 2503 auctor
2297 2444 2362 2502 et
2406 2438 2688 2503 humane
2733 2438 2962 2502 salutis
3009 2443 3280 2520 amator,
3313 2437 3646 2523 negotium
3676 2437 3975 2521 civitatis,
4005 2438 4365 2523 comitatus,

728 2545 1034 2611 territorii
1076 2553 1140 2610 et
1171 2546 1496 2612 districtus
1543 2545 1978 2633 predictorum
2024 2567 2153 2611 non
2200 2546 2337 2610 sine
2385 2546 2637 2631 magnis
2685 2545 3036 2628 laboribus,
3070 2554 3135 2610 et
3179 2545 3417 2632 previis
3466 2543 3734 2608 maturis
3774 2544 4366 2630 deliberationibus,

726 2653 972 2718 utiliter
1015 2660 1080 2718 et
1125 2654 1473 2719 salubriter
1518 2654 1807 2719 extiterit
1854 2653 2242 2736 ordinatum,
2277 2653 2731 2718 discretionem
2777 2659 2956 2717 tuam
3005 2673 3309 2739 rogamus
3356 2658 3421 2716 et
3466 2651 3801 2715 hortamur
3845 2653 4175 2735 attentius,
4211 2674 4368 2739 qua·

726 2767 914 2825 tenus
974 2761 1420 2845 devotionem,
1471 2782 1667 2848 quam
1712 2768 1776 2826 te
1824 2761 1909 2825 ad
1955 2782 2071 2826 nos
2118 2768 2183 2825 et
2227 2760 2589 2825 Ecclesiam
2636 2768 3058 2826 memoratam
3104 2759 3474 2846 concepisse
3516 2759 3954 2847 percepimus,
4003 2768 4372 2828 constanter

727 2869 1110 2934 continuans
1150 2875 1216 2933 et
1262 2870 1328 2933 in
1375 2891 1643 2956 operum
1690 2869 2154 2934 exhibitionem
2202 2867 2584 2955 producens,
2619 2875 2690 2932 ut
2734 2890 2834 2951 ea,
2871 2890 2993 2955 que
3042 2868 3393 2933 secundum
3439 2866 3714 2932 formam
3761 2868 4182 2933 ordinationis
4229 2892 4374 2956 pre-

728 2976 895 3041 dicte
948 2983 1196 3041 restant
1242 2977 1519 3062 agenda,
1553 2976 2000 3063 compleantur
2046 2983 2111 3041 et
2158 2976 2595 3063 perficiantur,
2628 2997 2747 3040 nec
2796 2997 2923 3040 non
2973 2984 3085 3040 tua
3132 2982 3197 3040 et
3243 2975 3604 3041 concivium
3633 2975 4068 3062 predictorum
4098 2977 4374 3044 fidelitas

728 3090 792 3147 et
838 3083 1200 3148 devotionis
1262 3084 1600 3148 sinceritas
1662 3105 1821 3170 erga
1887 3106 2005 3149 nos
2051 3090 2117 3148 et
2165 3083 2397 3148 Sedem
2447 3084 2870 3169 apostolicam
2916 3084 3227 3150 solidetur
3272 3091 3336 3148 et
3382 3090 3660 3165 crescat,
3706 3091 3924 3170 partes
3974 3091 4115 3148 tuas
4162 3087 4374 3151 effica-

726 3192 886 3257 citer
950 3191 1355 3277 interponas,
1403 3192 1685 3256 sciturus
1734 3191 1903 3277 quod
1952 3212 2105 3274 nos,
2153 3191 2263 3276 qui
2307 3212 2391 3255 ex
2436 3190 2765 3278 premissis
2814 3198 2878 3256 et
2925 3191 3068 3255 aliis
3132 3213 3255 3277 que
3304 3192 3383 3255 de
3430 3197 3494 3255 te
3541 3191 3939 3274 audivimus,
3987 3191 4167 3256 illam
4213 3193 4374 3258 fidu·

730 3299 895 3364 ciam
944 3298 1023 3362 de
1071 3304 1135 3362 te
1183 3306 1492 3383 gerentes
1542 3299 1605 3362 in
1651 3298 1954 3382 Domine,
2003 3297 2175 3384 quod
2222 3319 2416 3384 super
2460 3299 2564 3383 hjs
2613 3320 2736 3385 que
2784 3299 3123 3381 honorem,
3172 3298 3575 3364 commodum
3621 3306 3687 3362 et
3732 3297 4208 3384 beneplacitum
4261 3321 4375 3367 no·

726 3413 931 3470 strum
976 3412 1041 3469 et
1090 3405 1260 3471 dicte
1311 3405 1498 3470 Sedis
1547 3405 1912 3492 respicient,
1960 3413 2024 3470 te
2071 3405 2376 3470 devotum
2422 3405 2781 3470 ferventem
2827 3406 3221 3493 reperiemus
3267 3412 3332 3470 et
3376 3413 3773 3493 promptum,
3807 3428 4150 3492 personam
4195 3415 4376 3474 tuam

727 3513 955 3598 gratiis
1003 3519 1068 3577 et
1116 3512 1453 3577 favoribus
1500 3512 1893 3577 intendimus
1938 3512 2262 3599 prosequi,
2315 3521 2631 3598 quantum
2677 3536 2824 3578 cum
2869 3514 3011 3578 Deo
3059 3514 3410 3601 poterimus
3468 3514 3866 3600 opportunis,
3913 3522 3978 3580 et
4025 3515 4138 3600 illi,
4183 3539 4372 3602 quem

727 3620 880 3685 illuc
928 3641 1046 3707 pro
1096 3620 1358 3706 negotio
1393 3619 1682 3706 predicto
1716 3618 2041 3684 destinare
2073 3615 2512 3706 proponimus,
2545 3621 2906 3706 plenariam
2940 3643 3134 3708 super
3164 3622 3286 3706 his,
3321 3643 3445 3708 que
3479 3630 3541 3686 te
3573 3628 3869 3705 tangunt,
3904 3623 4372 3691 committemus

729 3728 1097 3815 specialiter
1142 3734 1550 3815 potestatem.

904 3835 1145 3901 Datum
1192 3835 1521 3919 Avinioni,
1568 3834 1782 3900 idibus
1830 3835 2130 3920 octobris,
2178 3838 2589 3925 pontificatus
2636 3837 2842 3903 nostri
2887 3858 3056 3903 anno
3105 3845 3334 3925 quarto
3360 3839 3459 3905 (1).

2425 4158 2670 4224 LXIV.

1646 4373 1839 4456 1338,
1889 4375 1978 4436 30
2024 4373 2373 4457 decembriS,
2422 4383 2476 4439 et
2526 4375 2719 4459 1339,
2766 4377 2831 4458 2,
2880 4376 2921 4439 4
2970 4384 3024 4441 et
3072 4377 3113 4439 6
3157 4378 3459 4441 ianuarii·

1332 4586 1437 4651 Ex
1484 4586 1712 4652 eodem
1760 4594 1934 4653 tomo
1986 4589 2223 4653 Codicis
2269 4590 2646 4675 diplomatici
2686 4590 3090 4674 bononiensia,
3137 4611 3312 4655 num.
3359 4589 3672 4656 LXXXI.
3698 4592 3776 4656 (2)

904 4800 986 4864 In
1033 4800 1290 4865 nomine
1337 4801 1621 4885 Domini,
1670 4823 1883 4868 amen.
1929 4802 2283 4868 Processus
2334 4825 2579 4888 eorum,
2629 4825 2757 4890 que
2803 4811 2949 4869 acta
2995 4813 3146 4870 sunt
3192 4813 3257 4870 et
3303 4813 3580 4892 agentur
3624 4829 3741 4893 per
3786 4807 4213 4873 reverendum
4260 4829 4374 4894 pa·

724 4913 887 4971 trem
935 4907 1265 4972 dominum
1315 4908 1683 4993 Guigonem
1727 4910 1806 4974 de
1856 4918 2083 4975 sancto
2134 4910 2484 4995 GermanO,
2532 4911 2778 4977 domini
2820 4911 3001 4998 Pape
3051 4912 3403 4996 notarium,
3450 4934 3527 4977 ac
3573 4914 3638 4976 in
3688 4913 3948 4979 civitate
3994 4914 4376 4979 bononiensi

726 5014 997 5099 ejusque
1044 5013 1338 5079 districtu
1385 5021 1450 5079 et
1497 5017 1839 5081 comitatus
1888 5018 2240 5104 apostolice
2291 5018 2480 5083 Sedis
2526 5019 2836 5084 nuncium
2882 5040 3077 5106 super
3122 5019 3293 5084 facto
3339 5020 3444 5084 vel
3492 5021 3773 5106 negotijs
3817 5020 4217 5107 Legationis,
4259 5042 4374 5085 seu

727 5120 1158 5186 nunciationis
1205 5121 1329 5186 sibi
1374 5124 1713 5187 commisso
1762 5126 1828 5188 in
1877 5125 2159 5209 civitate,
2195 5126 2524 5209 comitatu,
2559 5148 2673 5190 seu
2722 5126 3017 5191 districtu
3065 5127 3389 5213 predictis,
3435 5127 3562 5201 Qui
3610 5128 3870 5213 quidem
3916 5128 4211 5193 dominus
4257 5149 4371 5193 no·

724 5227 928 5293 tarius
975 5229 1239 5294 nuntius
1288 5230 1621 5295 mandavit
1666 5232 1824 5296 mihi
1875 5232 2210 5297 Grimaldo
2258 5233 2338 5298 de
2384 5234 2821 5318 Pontecurvo,
2869 5234 3129 5321 publico
3178 5236 3535 5321 apostolica
3580 5236 3963 5300 auctoritate
4007 5236 4259 5302 notario
4307 5245 4373 5301 et

726 5334 935 5400 scribe
982 5357 1134 5419 suo,
1186 5336 1358 5422 quod
1403 5337 1753 5403 scriberem
1800 5346 1864 5403 et
1912 5339 2368 5425 registrarem,
2417 5347 2482 5405 et
2527 5341 2591 5404 in
2650 5343 2812 5406 actis
2875 5342 3035 5406 meis
3095 5341 3458 5428 redigerem
3504 5343 3701 5407 etiam
3747 5342 3813 5406 in
3859 5342 4121 5428 publica
4178 5342 4371 5408 docu-

725 5448 963 5526 menta,
1012 5443 1065 5507 si
1113 5442 1281 5509 foret
1327 5445 1701 5531 expediens,
1752 5447 1967 5510 omnia
2014 5453 2079 5510 et
2126 5447 2386 5533 singula
2435 5469 2559 5533 que
2606 5470 2722 5535 per
2768 5471 2915 5513 eum
2963 5450 3052 5532 in,
3086 5456 3150 5514 et
3197 5470 3391 5535 super
3436 5449 3724 5535 predicto
3773 5450 4033 5535 negotio
4066 5458 4131 5515 et
4161 5451 4372 5536 ipsum

724 5549 1144 5634 tangentibus
1189 5551 1353 5633 fieri,
1402 5559 1467 5616 et
1514 5552 1741 5617 haberi
1789 5554 2133 5639 contigerit
2180 5576 2323 5619 cum
2374 5554 2734 5638 Communi,
2783 5576 2898 5619 seu
2944 5556 3363 5620 universitate
3412 5564 3477 5621 et
3522 5556 3791 5643 populo,
3838 5557 4117 5621 civitatis
4167 5564 4233 5621 et
4277 5557 4372 5621 di·

726 5655 985 5720 strictus
1017 5678 1094 5722 ac
1144 5658 1485 5722 comitatus
1529 5659 1988 5746 predictorum,
2023 5671 2087 5726 et
2135 5683 2283 5727 cum
2332 5661 2590 5726 domino
2634 5661 2901 5727 Thadeo
2949 5664 3028 5727 de
3074 5662 3362 5750 Pepulis,
3396 5684 3471 5728 ac
3504 5664 4011 5750 quibuscumque
4056 5665 4370 5750 personis,

726 5763 1143 5848 presentibus·
1180 5765 1660 5830 venerabilibus
1706 5774 1771 5832 et
1818 5766 2113 5833 discretis
2162 5769 2317 5833 viris
2365 5769 2640 5833 dominis
2689 5769 2990 5856 Guigone
3038 5770 3118 5835 de
3167 5770 3419 5836 Godeto
3469 5772 3534 5835 in
3583 5771 3837 5857 legibus
3882 5771 4234 5855 licentiat0,
4267 5793 4372 5837 ca·

729 5869 961 5935 nonico
993 5871 1363 5954 vivariensi,
1397 5873 1441 5937 J
1444 5873 1646 5938 acobo
1682 5874 2143 5958 Cambafortis,
2179 5884 2428 5941 rectore
2462 5876 2731 5941 ecclesie
2762 5877 3003 5942 Montis
3034 5878 3354 5943 Allianuti
3372 5878 3449 5943 (3)
3483 5885 3545 5942 et
3577 5877 3887 5943 Marcello
3918 5878 4262 5964 Neyronis,
4296 5899 4370 5943 ac

726 5978 1036 6063 magistro
1086 5976 1348 6044 Simone
1392 5979 1660 6066 Aprilis,
1694 5982 2078 6047 auctoritate
2126 5983 2483 6069 apostolica
2524 5985 2799 6066 notario,
2833 5984 2951 6049 sub
2986 6006 3155 6050 anno
3188 5985 3545 6050 nativitatis
3576 5985 3841 6051 Domini
3871 5985 4209 6050 millesimo
4243 5993 4370 6050 tre·

726 6085 1074 6150 centesimo
1108 6086 1439 6172 trigesimo
1488 6108 1677 6171 nono,
1712 6087 1815 6153 die
1861 6090 2161 6175 mercurij
2211 6091 2569 6176 penultima
2615 6092 2853 6155 mensis
2895 6092 3273 6175 decembris,
3307 6093 3718 6179 pontificatus
3749 6092 4134 6156 sanctissimi
4165 6094 4369 6178 patris

886 6353 963 6419 (1)
1001 6350 1086 6402 Ex
1123 6352 1260 6422 Reg.
1299 6352 1397 6405 IV.
1435 6353 1609 6420 Epist.
1645 6360 1857 6420 secret„
1897 6372 1983 6425 ep.
2022 6360 2144 6422 344,
2184 6355 2278 6409 sol.
2322 6360 2439 6410 107.

889 6442 968 6506 (2)
1006 6441 1090 6492 Ex
1129 6442 1247 6495 cod.
1285 6443 1462 6512 primo
1500 6443 1916 6511 Pm'vileyiorum
1956 6447 2010 6498 S.
2048 6446 2115 6498 R.
2155 6445 2252 6511 E„
2290 6448 2345 6499 in
2386 6446 2565 6500 Vatic.
2605 6446 2773 6500 Arch.
2812 6453 3046 6514 servato,
3085 6450 3180 6501 fol.
3219 6452 3286 6502 74
3326 6455 3363 6502 t.

886 6531 965 6596 (3)
1004 6530 1111 6583 Sic.
