5542 7775
1392 624 1425 692 l
1443 622 1483 692 7
1498 622 1542 691 4
2760 565 2764 569 Ι
2967 640 3446 691 morionum

1387 798 1684 862 omnibus
1732 804 1797 862 et
1844 798 2117 884 singulis
2166 796 2552 882 supradictis
2602 797 2947 879 consensit,
2981 804 3046 860 et
3092 818 3171 861 ea
3218 797 3433 861 omnia
3479 805 3544 861 et
3576 796 3834 882 singula
3865 796 4252 883 approbavit
4283 805 4348 861 et
4380 796 4741 861 ratificavit.
4773 796 5023 863 Eodem

1386 926 1558 968 anno
1607 911 1671 968 et
1722 903 2067 968 indictione
2119 902 2427 991 predicta,
2475 903 2579 968 die
2628 924 2799 967 nona
2847 910 3126 967 exeunte
3175 902 3467 988 augusti,
3517 903 3581 966 in
3645 904 3956 968 canonica
4016 903 4428 986 bononiensi,
4477 904 4883 989 presentibus
4925 912 5018 969 te-

1384 1012 1590 1076 stibus
1639 1010 1897 1075 domino
1944 1010 2218 1074 Azolino
2268 1009 2807 1097 archipresbitero
2856 1010 3063 1097 plebis
3111 1010 3317 1075 sancti
3360 1011 3541 1075 Petri
3587 1011 3651 1074 in
3700 1010 3953 1093 Oasale,
3987 1011 4297 1096 magistro
4340 1009 4636 1075 Gnidone
4683 1011 4763 1075 de
4813 1012 5020 1095 Senis,

1383 1118 1642 1183 domino
1690 1117 1902 1204 Bingo
1952 1117 2031 1181 de
2081 1117 2416 1182 Florentia
2462 1124 2528 1182 et
2570 1117 2843 1182 Nicolao
2892 1116 3163 1181 Oradini
3211 1118 3483 1201 notario,
3517 1116 3812 1182 dominus
3857 1117 4168 1182 Albertus
4216 1117 4392 1204 prior
4431 1117 4510 1182 de
4546 1117 5014 1205 Gangalangis,

1384 1227 1729 1290 canonicus
1774 1224 2228 1307 bononiensis,
2277 1224 2572 1289 omnibus
2621 1232 2686 1290 et
2730 1225 3003 1310 singulis
3050 1224 3437 1310 supradictis
3484 1225 3826 1307 consensit,
3870 1232 3935 1289 et
3981 1246 4060 1290 ea
4106 1225 4323 1290 omnia
4369 1232 4434 1290 et
4480 1224 4738 1310 singula
4784 1247 5016 1313 appro-

1380 1332 1563 1397 bavit
1609 1340 1675 1396 et
1720 1332 2084 1397 ratificavit.
2117 1332 2367 1397 Eodem
2413 1353 2582 1397 anno
2630 1340 2694 1397 et
2742 1332 3090 1396 indictione
3137 1331 3448 1418 predicta,
3481 1332 3584 1396 die
3633 1333 3908 1419 septima
3952 1340 4231 1397 exeunte
4279 1333 4561 1418 augusti,
4597 1333 4662 1396 in
4710 1334 5019 1398 canonica

1383 1440 1591 1505 sancti
1635 1440 1817 1504 Petri
1860 1438 2277 1522 bononiensi,
2320 1438 2725 1526 presentibus
2775 1439 3047 1503 testibus
3094 1438 3353 1504 domino
3400 1440 3675 1504 Azolino
3722 1438 4258 1526 archipresbitero
4305 1440 4512 1504 sancti
4560 1440 4739 1504 Petri
4787 1440 4852 1505 in
4898 1441 5018 1507 Ca-

1381 1547 1538 1630 sale,
1573 1547 1869 1627 Zanott0,
1905 1547 2012 1633 qui
2066 1546 2187 1611 fuit
2232 1547 2310 1610 de
2359 1546 2808 1632 Allegralcore
2856 1554 2920 1610 et
2964 1546 3382 1629 Parmesano,
3417 1547 3526 1633 qui
3558 1553 3687 1611 stat
3718 1568 3863 1639 cum
3895 1547 4154 1611 domino
4185 1547 4228 1611 J
4232 1545 4434 1611 acobo
4478 1546 4792 1612 Guidonis
4823 1548 5016 1612 Lam·

1379 1654 1638 1738 bertini,
1686 1654 1982 1719 dominus
2028 1654 2384 1719 Ubertinus
2432 1654 2511 1719 de
2558 1654 2948 1740 Montasigo,
2983 1654 3331 1718 canonicus
3376 1654 3811 1737 bononiensis,
3861 1655 4156 1719 omnibus
4202 1662 4267 1718 et
4311 1654 4586 1740 singulis
4633 1656 5014 1743 supradictis

1381 1761 1725 1845 consensit,
1775 1768 1840 1826 et
1885 1783 1963 1826 ea
2011 1761 2227 1825 omnia
2275 1770 2339 1826 et
2384 1760 2642 1847 singula
2688 1761 3076 1848 approbavit
3122 1767 3186 1825 et
3234 1760 3595 1825 ratificavit.
3628 1760 3773 1847 Ego
3823 1761 4253 1825 Thomasinus
4295 1760 4375 1826 de
4407 1760 4779 1848 Magr[et]a,
4813 1763 5012 1851 impe-

1381 1868 1527 1932 riali
1575 1869 1957 1934 auctoritate
2006 1869 2316 1951 notarius,
2365 1868 2648 1951 interfui,
2695 1875 2761 1932 et
2807 1875 2880 1932 ut
2927 1889 3122 1954 supra
3170 1869 3408 1954 legitur
3455 1875 3719 1954 rogatus
3781 1868 4061 1933 scribere
4108 1868 4334 1955 scripsi
4381 1892 4442 1932 ».

1557 1975 1739 2039 Nulli
1785 1996 1941 2061 ergo
1988 1976 2245 2040 omnino
2294 1975 2624 2039 hominum
2679 1975 2873 2039 liceat
2932 1974 3101 2039 hanc
3161 1974 3470 2062 paginam
3529 1982 3746 2039 nostre
3807 1975 4312 2041 confirmationis
4372 1982 4440 2040 et
4497 1977 5012 2042 communitionis

1381 2081 1735 2168 infringere
1769 2082 1873 2146 vel
1920 2081 1980 2146 ei
2028 2103 2188 2146 ausu
2237 2081 2579 2146 temerario
2625 2080 2967 2146 contraire.
3011 2081 3083 2145 Si
3128 2081 3270 2167 quis
3318 2088 3536 2146 autem
3583 2081 3705 2146 hoc
3752 2088 4071 2147 attentare
4106 2082 4588 2169 presumpserit,
4623 2082 5011 2168 indignatio-

1380 2209 1528 2252 nem
1577 2187 2032 2274 omnipotentis
2081 2188 2206 2251 Dei
2252 2209 2328 2252 ac
2372 2188 2710 2253 beatorum
2758 2187 2939 2252 Petri
2986 2195 3051 2252 et
3087 2187 3299 2271 Pauli,
3334 2188 3775 2274 apostolorum
3822 2190 3985 2273 ejus,
4034 2210 4104 2253 se
4151 2189 4405 2253 noverit
4452 2188 4877 2256 incursurum.

1560 2295 1802 2359 Datum
1848 2294 2104 2359 Perusii
2149 2295 2629 2381 quartodecimo
2678 2294 2991 2359 kalendas
3033 2295 3202 2379 julii,
3251 2296 3661 2382 pontificatus
3710 2296 3911 2360 nostri
3958 2317 4127 2360 anno
4176 2317 4366 2362 nono.

3109 2615 3297 2681 XXI.

2860 2830 3053 2911 1253,
3105 2831 3188 2893 12
3235 2831 3532 2893 ianuarii.

1964 3044 2069 3108 Ex
2114 3052 2286 3108 tomo
2333 3043 2585 3108 XLIII.
2642 3042 2789 3107 Cod.
2836 3044 2986 3128 dipI.
3042 3044 3270 3129 Gymn.
3318 3042 3453 3108 bon.
3503 3043 3713 3124 (num.
3763 3043 3906 3126 83),
3953 3043 4093 3108 doc.
4141 3044 4429 3110 XXVII.

1547 3259 1963 3325 Innocentius
2010 3258 2126 3324 IV.
2151 3258 2228 3323 (¹)
2275 3257 2750 3322 Archidiacono
2803 3263 2868 3320 et
2917 3255 3103 3320 fratri
3148 3255 3408 3321 Danieli
3454 3257 3716 3322 Ordinis
3761 3258 4252 3323 Predicatorum
4297 3258 4614 3324 Bononie.

1549 3367 1788 3431 Dilecti
1827 3366 1963 3450 filii,
1995 3366 2306 3431 Rectores
2352 3373 2415 3430 et
2460 3364 2869 3430 Universitas
2924 3363 3314 3427 scholarium
3363 3365 3852 3430 bononiensium
3892 3365 4168 3452 quedam
4200 3367 4501 3431 dicuntur
4546 3366 4823 3432 edidisse
4867 3367 5013 3432 Sta·

1371 3481 1511 3538 tuta
1558 3474 1845 3538 salubria
1891 3482 1955 3538 et
2000 3474 2305 3555 honesta,
2356 3494 2479 3560 que
2529 3472 2612 3536 ad
2658 3471 3009 3535 utilitatem
3057 3478 3121 3534 et
3165 3470 3406 3535 bonum
3453 3479 3692 3537 statum
3740 3472 4024 3559 ipsorum
4071 3473 4434 3538 redundare
4492 3480 4877 3557 noscuntur3
4928 3475 5011 3539 ad

1371 3603 1644 3668 quorum
1692 3581 2206 3646 observationem
2263 3603 2353 3664 se,
2396 3582 2766 3669 juramento
2826 3577 3117 3665 prestitO,
3166 3578 3556 3665 obligarunt.
3605 3580 3741 3645 Nos
3787 3582 4026 3667 itaque,
4075 3581 4361 3667 ipsorum
4407 3581 5009 3667 supplicationibus,

1374 3687 1699 3771 inclinati,
1750 3689 2129 3753 mandamus
2177 3696 2493 3774 quatenus
2542 3686 2802 3751 Statuta
2856 3685 3017 3771 ipsa,
3064 3693 3256 3772 prout
3303 3695 3452 3752 sunt
3510 3687 3689 3753 licita
3739 3696 3804 3753 et
3850 3688 4157 3771 honesta,
4206 3689 4590 3753 auctoritate
4654 3690 5010 3777 apostolica

1372 3795 1846 3877 confirmantes,
1896 3817 1973 3859 ea
2021 3794 2273 3860 faciatis
2322 3795 2588 3859 firmiter
2640 3792 3004 3874 observari,
3058 3793 3395 3857 contrariis
3443 3816 3570 3859 non
3620 3795 4058 3878 obstantibus,
4108 3796 4163 3859 si
4209 3795 4532 3882 aliquibus
4580 3803 4677 3860 est
4724 3797 4807 3861 ab
4853 3818 5010 3883 apo·

1368 3903 1595 3967 stolica
1645 3902 1811 3968 Sede
1861 3902 2200 3986 indultum,
2236 3904 2407 3990 quod
2456 3903 2772 3984 interdici,
2807 3898 3113 3986 suspendi
3162 3901 3265 3965 vel
3312 3903 3855 3968 excommunicari
3903 3925 4030 3968 non
4073 3904 4321 3990 possint
4349 3925 4466 3990 per
4496 3905 4719 3968 literas
4752 3913 5010 3992 aposto·

1366 4009 1525 4074 licas
1586 4031 1714 4074 non
1773 4010 2084 4075 facientes
2130 4012 2390 4098 plenam
2437 4017 2501 4075 et
2547 4029 2923 4096 expressam
2983 4027 3059 4070 ac
3106 4007 3185 4071 de
3233 4010 3431 4075 verbo
3478 4010 3561 4074 ad
3609 4011 3877 4076 verbum
3942 4011 4022 4076 de
4085 4011 4333 4076 indulto
4398 4011 4769 4095 hujusmodi
4828 4034 5010 4078 men-

1367 4117 1630 4182 tionem.

1544 4225 1788 4288 Datum
1836 4223 2112 4307 Perusii,
2161 4224 2442 4289 secundo
2489 4223 2632 4288 idus
2674 4226 2985 4310 januarii,
3034 4226 3444 4315 pontificatus
3493 4224 3694 4289 nostri
3743 4246 3911 4289 anno
3957 4223 4228 4313 decimo.

3071 4548 3295 4613 XXII.

2833 4762 3037 4844 1253,
3090 4762 3129 4825 9
3172 4761 3543 4847 septembris.

2382 4975 2487 5040 Ex
2533 4975 2759 5040 eodem
2809 4981 3003 5057 tome,
3051 4975 3190 5039 doc.
3237 4974 3599 5061 XXVIII„
3650 4998 3704 5041 c.
3750 4976 3977 5041 XXII.

1544 5190 1958 5255 Innocentius
2007 5212 2180 5277 papa
2229 5191 2346 5256 IV.
2366 5191 2446 5255 (2)
2493 5191 2970 5256 Archidiacono
3017 5191 3418 5256 bononiensi.

1543 5296 1648 5361 Ad
1694 5297 2116 5384 explicandos
2164 5299 2365 5363 nodos
2413 5299 2865 5385 multiplicium
2913 5299 3356 5384 questionum,
3404 5322 3564 5386 quos
3613 5300 3678 5363 in
3723 5300 3916 5364 rebus
3958 5300 4205 5385 jugiter
4267 5300 4786 5386 contingentibus
4830 5301 5006 5366 circa

1364 5405 1580 5469 varios
1626 5404 1888 5491 positivi
1930 5405 2096 5490 juris
2144 5405 2451 5470 articulos
2497 5406 2779 5469 humane
2827 5405 3149 5489 indaginis
3199 5407 3397 5469 nectit
3443 5406 3800 5488 infirmitas,
3835 5407 4146 5470 nonnulla
4185 5407 4582 5492 temporibus
4623 5408 4859 5472 nostris
4893 5429 5006 5473 no·

1363 5533 1590 5576 varum
1640 5511 2186 5577 Constitutionum
2234 5520 2299 5577 et
2345 5512 2786 5577 Decretalium
2827 5513 3247 5598 epistolarum
3279 5513 3563 5578 remedia
3595 5520 3998 5596 emanarunt,
4033 5536 4157 5600 que
4190 5514 4718 5600 predecessorum
4751 5523 5002 5580 nostro·

1364 5641 1507 5683 rum
1555 5620 1835 5683 strenuis
1883 5626 2033 5684 sunt
2079 5620 2373 5705 subjecta
2419 5620 2770 5702 laboribus,
2818 5641 2934 5706 per
2978 5641 3137 5705 quos
3185 5620 3307 5684 fuit
3354 5619 3435 5683 ad
3483 5642 3818 5685 comunem
3866 5621 4151 5685 omnium
4183 5629 4247 5685 et
4280 5622 4562 5686 maxime
4605 5622 5003 5688 studentium

1363 5726 1709 5790 utilitatem
1760 5726 2270 5812 vigilantissimis
2319 5727 2904 5813 excogitationibus
2950 5726 3356 5791 desudatum.
3389 5727 3654 5810 Verum,
3688 5728 3854 5792 sicut
3886 5728 4270 5814 accepimuS,
4305 5727 4547 5792 eisdem
4589 5728 5004 5794 Constitutio-

1361 5834 1553 5899 nibus
1601 5841 1666 5899 et
1717 5835 2168 5900 Decretalibus
2217 5836 2495 5922 quedam
2542 5835 2666 5899 alie
2728 5836 2849 5899 sub
2912 5845 3131 5900 nostro
3196 5836 3484 5901 confecte
3547 5837 3803 5901 nomine
3868 5837 3951 5901 ab
4012 5837 4335 5923 aliquibus
4400 5838 4791 5921 inseruntur,
4838 5861 5002 5925 quas

1362 5951 1581 6007 nostre
1630 5943 2118 6029 approbationis
2166 5965 2243 6008 eo
2294 5965 2421 6007 non
2468 5944 2768 6029 provexit
2816 5944 3185 6025 auctoritas,
3236 5951 3306 6008 ut
3353 5965 3497 6007 cum
3544 5944 3717 6024 aliis,
3767 5965 3927 6030 quas
3973 5944 4185 6009 locum
4231 5945 4473 6010 habere
4521 5946 4888 6010 censuimus
4937 5948 5000 6010 in

1354 6050 1617 6135 judiciis
1683 6059 1748 6115 et
1811 6051 2048 6116 scholis
2111 6050 2391 6116 debeant
2454 6049 2696 6114 eisdem
2748 6050 2913 6134 juris
2961 6051 3234 6115 vinculis
3291 6051 3623 6116 contineri.
3672 6051 3771 6115 No
3833 6052 4032 6137 igitur
4076 6074 4192 6138 per
4239 6052 4760 6117 commixtionem
4807 6054 5004 6139 hujus

1360 6158 1679 6246 opinionis
1728 6159 2012 6242 cuilibet,
2053 6158 2284 6222 umbra
2332 6158 2613 6244 speciem
2660 6157 2784 6221 sibi
2830 6158 3120 6221 veritatis
3168 6179 3507 6245 usurpans,
3541 6159 3790 6245 aliquos
3814 6159 3889 6246 in
3938 6160 4333 6224 confusionis
4380 6159 4659 6225 deducat
4690 6179 5000 6244 errorem,

1526 6411 1604 6473 (1)
1643 6408 1727 6460 Ex
1770 6425 1883 6478 reg.
1924 6408 2000 6460 ΙΙ.
2038 6408 2348 6460 Innocentii
2386 6407 2512 6475 IV„
2552 6425 2637 6477 ep.
2678 6411 2815 6474 338,
2854 6408 2949 6460 fol.
2990 6410 3122 6474 229,
3396 6410 3473 6474 (2)
3513 6408 3598 6459 Ex
3635 6426 3747 6477 reg.
3775 6410 3935 6461 tertio
3974 6409 4282 6462 Innocentii
4309 6409 4434 6474 IV„
4462 6426 4550 6478 ep.
4573 6407 4655 6461 De
4680 6410 4834 6460 curia
4867 6408 4969 6462 IV.
4991 6447 5006 6473 ‚

1357 6517 1446 6553 an.
1484 6498 1788 6550 Mccmn.
1812 6538 1825 6564 ,
1862 6497 1993 6551 XII.
2032 6498 2285 6550 ianuarii.
3235 6497 3328 6549 fol.
3373 6501 3491 6564 129,
3530 6515 3617 6550 an.
3657 6497 3992 6564 MCCLIII.,
4031 6498 4129 6550 IX.
4168 6499 4433 6568 septemb.
