5542 7775
1244 587 1398 658 230
2826 613 3304 663 MONUMENTA

1238 764 1400 827 alias
1448 764 1833 850 quingentas
1881 765 2080 829 libras
2129 766 2632 849 bononenorum,
2666 766 2745 830 de
2780 768 3012 852 quibus
3044 789 3160 853 per
3191 768 3662 833 commissarios
3695 790 3844 833 suos
3884 769 4206 854 predictos
4253 780 4505 835 ematur
4550 773 4870 858 possessio

1237 872 1501 936 cuilibet
1548 894 1769 936 eorum
1809 880 1873 938 et
1920 895 2035 959 pro
2080 873 2192 956 eis,
2242 894 2365 958 que
2413 874 2732 959 possessio
2781 875 3289 939 condictionibus
3335 875 3673 961 subjacere
3718 876 3923 941 voluit
3971 876 4390 963 supradictis;
4451 887 4516 943 et
4561 880 4615 944 si
4662 880 4870 945 dictus

1236 1000 1390 1043 suus
1437 978 1605 1043 filius
1653 980 2015 1044 nasciturus
2065 980 2165 1043 vel
2215 981 2543 1063 nascituri,
2591 991 2662 1044 ut
2708 982 3065 1067 predictum
3114 990 3232 1063 est,
3281 982 3402 1047 isto
3472 983 3759 1068 legitimo
3823 985 4226 1048 matrimonio
4286 994 4686 1051 morerentur
4732 989 4871 1053 sine

1236 1088 1384 1152 filiis
1432 1088 1735 1173 legitimis
1782 1088 2336 1173 quandocumque,
2372 1089 2434 1152 in
2485 1109 2561 1152 eo
2610 1110 2762 1153 casu
2813 1089 2952 1176 ipsa
3000 1089 3325 1153 hereditas
3372 1091 3707 1176 perveniat
3754 1098 3819 1154 et
3865 1098 4227 1156 revertatur
4273 1092 4351 1156 ad
4388 1094 4632 1179 priores
4665 1096 4869 1161 dictos

1235 1217 1386 1259 suos
1434 1195 1738 1276 heredes,
1788 1195 2032 1259 scilicet
2079 1194 2314 1259 dictam
2362 1195 2688 1259 dominam
2733 1196 3020 1278 Minam,
3071 1196 3363 1260 Tadeum
3417 1205 3482 1261 et
3549 1198 3823 1283 Opizum
3885 1220 4030 1262 011111
4092 1199 4169 1262 110
4235 1201 4744 1267 condictionibus
4805 1214 4871 1268 et

1232 1301 1435 1367 modis
1482 1302 1777 1387 superius
1826 1302 2066 1366 notatis
2115 1309 2179 1366 et
2226 1303 2501 1388 scriptis.

1411 1409 1576 1474 Item
1624 1410 1677 1473 si
1727 1431 1870 1473 cum
1917 1410 2087 1474 dicto
2135 1411 2239 1474 vel
2285 1411 2470 1475 dictis
2517 1411 2664 1474 filiis
2713 1411 3037 1494 masculis,
3086 1434 3169 1475 ex
3217 1412 3338 1476 isto
3388 1413 3794 1477 matrimonio
3836 1416 4208 1501 procreatis,
4252 1417 4612 1500 nascituris,
4648 1439 4867 1483 nasce·

1229 1526 1407 1583 retur
1454 1541 1584 1584 una
1630 1519 1871 1583 femina
1918 1526 2189 1601 tantum,
2239 1525 2580 1582 teneantur
2626 1520 2749 1604 ipsi
2798 1520 3065 1584 masculi
3114 1541 3258 1583 eam
3305 1520 3529 1584 dotare
3580 1521 3642 1584 in
3691 1522 3865 1586 mille
3917 1523 4097 1587 libris
4146 1523 4648 1607 bononenorum,
4684 1534 4769 1608 et,
4812 1526 4867 1590 si

1225 1626 1465 1691 fuerint
1511 1627 1750 1714 plures,
1798 1626 2153 1712 quamlibet
2200 1626 2458 1689 illarum
2505 1626 2572 1689 in
2620 1626 2991 1711 quingentis
3039 1627 3221 1691 libris
3270 1627 3782 1692 bononenorum.

1405 1733 1490 1799 Et
1535 1735 1702 1798 hanc
1749 1755 1932 1797 suam
1982 1733 2271 1797 ultimam
2334 1734 2733 1797 voluntatem
2799 1742 2862 1798 et
2925 1733 3410 1820 dispositionem
3474 1735 3749 1799 asseruit
3796 1756 3973 1817 esse,
4021 1744 4085 1799 et
4131 1736 4337 1823 ipsam
4383 1738 4865 1824 dispositionem

1220 1842 1416 1926 jussit
1462 1850 1527 1906 et
1573 1842 1777 1905 voluit
1824 1841 2041 1905 valere
2084 1841 2231 1925 jure
2279 1841 2682 1922 testamenti3
2732 1862 2878 1927 que,
2921 1841 2975 1904 si
3023 1862 3147 1905 non
3199 1841 3446 1905 valeret
3486 1842 3632 1925 jure
3680 1844 4070 1925 testamenti,
4118 1844 4348 1907 saltem
4398 1845 4611 1909 valere
4662 1848 4864 1913 voluit

1219 1949 1367 2032 jure
1415 1949 1854 2014 codicillorum
1901 1957 1964 2011 et
2011 1947 2277 2012 alterius
2324 1948 2786 2033 cujuscumque
2837 1948 3060 2012 ultime
3109 1948 3480 2032 voluntatis,
3530 1970 3657 2034 qua
3703 1950 3933 2013 melius
3981 1951 4198 2014 valere
4244 1960 4492 2037 potest3
4528 1962 4592 2017 et
4637 1976 4859 2039 quam-

1225 2077 1420 2141 quam
1482 2057 1704 2120 ultime
1765 2055 2097 2142 dispositio
2160 2055 2510 2119 voluntatis
2573 2055 2888 2141 scripture
2951 2056 3205 2141 publice
3270 2055 3635 2120 testimonio
3697 2056 4021 2139 fulciatur,
4072 2059 4417 2141 cujuslibet
4481 2062 4860 2147 suspicionis

1224 2165 1495 2230 sublatis
1551 2163 1925 2245 eventibus,
1976 2183 2103 2226 non
2166 2163 2374 2225 minus
2437 2162 2592 2226 utile
2661 2184 2855 2248 quam
2918 2164 3349 2227 necessarium
3416 2163 3551 2227 fore
3600 2164 3723 2228 sibi
3772 2164 3975 2228 voluit
4020 2165 4401 2250 providere,
4452 2190 4531 2232 ne
4576 2191 4692 2255 per
4738 2170 4854 2234 ali-

1224 2294 1413 2359 quem
1447 2273 1551 2335 vel
1587 2272 1858 2356 aliquOS,
1893 2292 2055 2334 ausu
2087 2269 2273 2351 fals0,
2309 2270 2651 2334 temerario
2700 2277 2762 2333 et
2806 2279 3029 2333 contra
3064 2271 3423 2352 veritatem,
3457 2280 3671 2356 posset
3711 2272 3813 2334 vel
3858 2273 4060 2356 possit
4109 2280 4563 2338 testamentum
4595 2277 4856 2362 aliquod

1221 2381 1458 2445 falsum
1504 2379 1842 2461 ordinare,
1889 2379 2132 2442 factum
2180 2386 2328 2441 ante
2376 2377 2547 2441 istud
2595 2399 2783 2441 01111111
2829 2400 3094 2463 presens
3142 2386 3203 2441 et
3252 2400 3477 2442 verum
3523 2387 4012 2462 testamentum,
4062 2380 4164 2444 vel
4213 2381 4409 2445 etiam
4465 2393 4611 2469 post
4676 2385 4855 2469 illud,

1219 2511 1335 2575 per
1382 2487 1556 2573 quod
1600 2486 1773 2550 istud
1819 2493 2274 2550 testamentum
2322 2492 2540 2571 posset
2588 2484 2875 2570 infringi,
2910 2485 3092 2566 dixit,
3127 2493 3191 2548 et
3225 2493 3615 2571 protestatus
3647 2486 3769 2550 fuit
3800 2493 3865 2551 et
3895 2487 4061 2551 bene
4097 2489 4469 2553 recordatus
4512 2512 4579 2554 se
4628 2492 4855 2559 fecisse

1219 2595 1617 2681 temporibus
1664 2593 1999 2657 retroactis
2047 2592 2234 2679 plura
2281 2598 2666 2656 testamenta
2710 2592 3023 2673 Bononie,
3072 2591 3419 2674 Florentie,
3471 2592 3789 2676 Ferrarie,
3838 2592 4067 2676 Rome,
4118 2594 4492 2679 Mediolani,
4544 2597 4855 2684 Venetiis,

1222 2712 1287 2768 et
1334 2704 1401 2766 in
1446 2702 1738 2789 pluribus
1785 2701 1929 2765 aliis
1975 2701 2168 2783 locis,
2217 2707 2281 2764 et
2326 2700 2388 2763 in
2438 2701 2564 2782 eis,
2615 2701 2718 2764 vel
2762 2702 2827 2763 in
2876 2699 3198 2785 aliquibus
3260 2722 3372 2764 seu
3436 2700 3652 2786 aliquo
3721 2722 3943 2764 eorum
3999 2723 4304 2788 expresse
4360 2705 4636 2787 dixisse,
4686 2709 4855 2792 quod

1221 2811 1481 2875 volebat
1529 2809 1688 2873 illud
1735 2809 1840 2871 vel
1894 2808 2007 2871 illa
2052 2814 2436 2871 testamenta
2483 2807 2819 2893 prevalere
2866 2808 3162 2871 omnibus
3209 2807 3353 2871 aliis
3401 2809 3800 2871 testamentis
3847 2830 3962 2894 per
3995 2830 4143 2872 eum
4190 2809 4378 2874 factis
4429 2820 4492 2876 et
4541 2813 4853 2879 ordinatis

1220 2927 1285 2983 et
1328 2916 1676 2998 faciendis,
1726 2923 1790 2980 et
1837 2914 2136 3002 apposuit
2183 2914 2247 2977 111
2295 2915 2450 3000 ipsis
2496 2915 2599 2978 vel
2648 2915 2802 3001 ipsis
2851 2922 3093 2979 certam
3147 2915 3421 2978 formam
3484 2923 3548 2978 et
3610 2915 3904 2997 modum,
3954 2924 4018 2979 et
4081 2926 4256 2981 certa
4318 2919 4551 3001 verba,
4601 2921 4852 3005 dicens,

1219 3024 1470 3088 nullum
1517 3021 1695 3086 aliud
1741 3028 2194 3085 testamentum
2241 3020 2502 3102 factum,
2537 3022 2642 3085 vel
2687 3021 3076 3103 faciendum,
3110 3021 3346 3105 valeat,
3382 3022 3503 3085 nisi
3543 3031 3836 3085 servetur
3868 3022 3933 3085 in
3966 3044 4041 3087 eo
4076 3024 4224 3086 talis
4266 3024 4474 3089 forma
4506 3036 4571 3091 et
4603 3028 4850 3112 modus,

1218 3140 1284 3195 et
1329 3132 1488 3195 talia
1535 3130 1754 3211 verba,
1789 3129 1891 3193 hic
1939 3149 2244 3214 expresse
2293 3135 2614 3210 contenta,
2664 3128 2742 3191 de
2793 3129 3024 3213 quibus
3071 3129 3279 3193 forma
3325 3136 3389 3192 et
3437 3129 3624 3192 inodo
3673 3137 3738 3193 et
3784 3129 3997 3193 verbis
4043 3130 4107 3193 in
4158 3131 4296 3216 ipso
4346 3133 4447 3196 vel
4496 3134 4651 3220 ipsis
4699 3157 4848 3200 con-

1216 3239 1410 3303 tentis
1457 3259 1583 3302 non
1632 3235 2026 3319 recordatur,
2060 3252 2122 3299 et
2171 3235 2313 3298 ideo
2361 3235 2708 3321 specialem
2755 3236 3146 3299 mentionem
3194 3257 3319 3300 non
3368 3236 3544 3319 facit,
3577 3236 3691 3300 sed
3739 3237 3892 3322 ipsis
3938 3257 4063 3301 non
4099 3238 4524 3322 obstantibus,
4559 3249 4623 3305 et
4654 3244 4849 3306 etiam

1219 3368 1349 3411 non
1395 3345 1691 3409 obstante
1739 3343 1909 3429 quod
1957 3344 2019 3407 in
2070 3343 2190 3406 1100
2239 3343 2520 3428 presenti
2567 3350 2951 3407 testamento
3001 3364 3127 3407 non
3182 3344 3310 3406 sint
3372 3344 3669 3429 apposita
3715 3344 3817 3407 vel
3882 3344 4158 3427 inserta,
4208 3346 4409 3410 voluit
4470 3348 4587 3412 1100
4654 3358 4849 3413 testa-

1217 3462 1525 3533 mentum,
1574 3460 1645 3517 ut
1691 3451 2051 3538 predictum
2097 3457 2215 3531 est,
2264 3449 2560 3513 omnibus
2607 3450 2751 3513 aliis
2799 3451 2986 3514 factis
3034 3472 3147 3536 per
3193 3473 3341 3514 eum
3386 3450 3537 3514 hinc
3584 3461 3753 3514 retro
3801 3451 4074 3536 preferri
4126 3462 4190 3516 01
4236 3454 4430 3517 etiam
4480 3458 4849 3541 prevalere3

1217 3568 1282 3625 et
1327 3561 1381 3624 si
1428 3559 1600 3646 quod
1647 3564 2103 3623 testamentum
2150 3555 2394 3620 factum
2441 3558 2832 3642 reperiretur
2878 3558 2945 3622 in
2998 3559 3322 3622 fucturum
3369 3566 3515 3643 post
3562 3557 3731 3621 istud
3786 3566 4275 3642 testamentum,
4326 3561 4463 3625 vult
4510 3562 4667 3626 illud
4716 3585 4843 3627 non

1217 3669 1457 3750 valere,
1504 3674 1568 3731 et
1613 3688 1697 3730 ex
1745 3686 1913 3729 nunc
1959 3672 2170 3729 cassat
2216 3672 2281 3727 et
2327 3664 2537 3728 irritat
2585 3664 2865 3747 omnin0,
2915 3665 3037 3728 nisi
3085 3666 3451 3751 appositum
3499 3672 3561 3728 et
3610 3665 3922 3750 scriptum
3969 3665 4183 3749 fuerit,
4234 3676 4299 3730 et
4346 3669 4738 3754 reperiretur
4786 3673 4852 3736 in

1216 3776 1342 3840 fine
1391 3775 1592 3861 ipsius
1638 3773 2028 3837 testamenti.

1393 3881 1537 3968 Ego
1585 3880 1892 3967 magister
1938 3879 2215 3962 Tadeus,
2266 3879 2330 3943 111
2378 3879 2633 3944 nomine
2680 3878 2895 3944 Patris
2928 3887 2993 3944 et
3041 3878 3193 3943 Filii
3225 3888 3290 3944 et
3333 3878 3610 3965 Spiritus
3647 3880 3890 3963 Sancti,
3925 3880 4181 3945 condidi
4216 3882 4336 3947 1100
4370 3892 4844 3970 testamentum,

1214 3993 1400 4076 cujus
1446 3990 1662 4054 anima
1710 3989 2072 4073 requiescat
2119 3988 2184 4051 in
2229 4008 2423 4074 pace3
2471 3995 2536 4051 et
2581 3987 2748 4051 hanc
2798 4009 2982 4051 suam
3030 3986 3322 4050 ultimam
3370 3988 3770 4051 voluntatem
3820 3989 4023 4052 voluit
4070 4011 4211 4053 esse
4274 3999 4609 4074 secretam,
4644 4005 4708 4057 et
4752 4016 4849 4059 se-

1215 4106 1390 4164 creto
1437 4097 1664 4179 teneri,
1698 4105 1761 4161 et
1805 4096 2040 4182 deponi
2087 4096 2153 4159 in
2200 4095 2492 4158 sacristia
2541 4094 2843 4158 Fratrum
2889 4093 3211 4158 Minorum
3259 4102 3612 4158 conventus
3660 4095 3989 4176 Bononie3
4024 4105 4089 4160 et
4136 4098 4339 4162 voluit
4388 4099 4621 4164 debere
4670 4102 4848 4188 sigil-

1216 4207 1338 4270 lari
1384 4205 1598 4290 sigillo
1646 4211 1999 4267 conventus
2045 4202 2348 4266 Fratrum
2397 4201 2718 4265 Minorum
2767 4202 2846 4265 de
2892 4201 3188 4267 Bononia
3236 4203 3338 4267 vel
3389 4202 3745 4267 Guardiani
3793 4203 3945 4268 dicti
3993 4213 4367 4271 conventus.

1394 4313 1562 4376 Acta
1610 4318 1759 4374 sunt
1806 4310 2020 4372 omnia
2066 4309 2375 4395 predicta,
2410 4315 2474 4372 et
2520 4308 2688 4373 lecta
2734 4308 3025 4373 Bononie
3072 4311 3136 4374 in
3183 4311 3477 4374 sacristia
3524 4310 3825 4374 Fratrum
3874 4311 4196 4376 Minorum
4245 4325 4595 4379 conventus
4635 4316 4847 4383 Bono·

1214 4422 1349 4503 nie,
1394 4418 1800 4506 presentibus
1846 4417 2103 4480 domino
2151 4417 2349 4480 fratre
2397 4415 2743 4501 Pelegrino
2792 4417 2872 4480 de
2918 4416 3255 4500 Pollicin0,
3295 4418 3495 4482 fratre
3543 4418 3921 4482 Johannino
3957 4418 4035 4482 de
4068 4419 4372 4503 Luisinis,
4408 4422 4607 4487 fratre
4640 4424 4844 4488 Fran-

1213 4528 1427 4593 cischo
1474 4526 1553 4590 de
1604 4524 1841 4590 Schiva
1887 4523 2356 4605 sacerdotibus,
2407 4523 2605 4587 fratre
2652 4523 2978 4588 Landulfo
3026 4523 3104 4588 de
3155 4525 3611 4608 Cazanimicis,
3662 4525 3860 4589 fratre
3924 4526 4215 4590 Amedeo
4278 4528 4356 4592 de
4420 4529 4595 4612 Asti,
4645 4531 4843 4596 fratre

1211 4635 1461 4700 Jacobo
1504 4634 1584 4697 de
1633 4633 1892 4697 civitate
1939 4631 2267 4696 Pannensi
2314 4631 2392 4694 de
2426 4631 2688 4716 Apulia,
2722 4631 2922 4694 fratre
2968 4632 3285 4696 Jacobino
3334 4632 3413 4695 de
3463 4632 3772 4714 Galleria,
3814 4641 3878 4696 et
3925 4634 4125 4697 fratre
4158 4634 4459 4699 Johanne
4510 4637 4589 4700 de
4636 4637 4843 4703 Imola

1213 4741 1510 4806 omnibus
1556 4740 1634 4804 de
1684 4740 1925 4805 Ordine
1974 4738 2331 4820 Minorum,
2381 4738 2651 4802 testibus
2715 4739 2960 4802 vocatis
3022 4747 3086 4802 et
3144 4739 3409 4823 rogatis.
3461 4739 3692 4803 Coram
3751 4740 3983 4825 quibus
4031 4741 4303 4805 testibus
4351 4742 4487 4828 ipse
4538 4745 4845 4829 magister

1212 4849 1471 4914 Tadeus
1503 4855 1773 4912 testator
1818 4847 2144 4933 predictus
2177 4845 2414 4909 dictam
2461 4866 2645 4908 suam
2692 4845 2981 4908 ultimam
3033 4846 3430 4910 voluntatem
3484 4853 3549 4909 et
3596 4867 3860 4932 presens
3907 4855 4359 4912 testamentum
4412 4849 4476 4913 in
4525 4850 4695 4915 dicta
4741 4875 4842 4916 sa·

1211 4956 1430 5022 cristia
1491 4956 1792 5020 Fratrum
1855 4954 2176 5020 Minorum
2231 4953 2546 5039 deposuit,
2595 4960 2660 5016 et
2721 4953 3126 5037 consignavit
3172 4953 3357 5017 fratri
3404 4953 3721 5018 Jacobino
3768 4954 3847 5018 de
3897 4954 4188 5019 Galleria
4235 4977 4405 5020 nunc
4457 4957 4740 5023 Sacrista
4764 4959 4842 5025 (1)

1210 5063 1501 5128 sacristie
1550 5062 1980 5148 predictorum
2027 5060 2330 5124 Fratrum
2377 5058 2699 5123 Minorum
2746 5059 2827 5123 de
2876 5068 3193 5123 conventu
3243 5060 3554 5125 Bononie.
3588 5061 3943 5147 Propterea
3991 5062 4194 5126 voluit
4240 5072 4305 5127 et
4344 5064 4674 5128 mandavit
4706 5067 4843 5153 ipse

1209 5178 1504 5252 testator,
1546 5170 1713 5255 quod
1763 5169 2030 5254 quilibet
2076 5167 2390 5232 dictorum
2438 5167 2718 5248 testium,
2766 5167 2878 5253 qui
2925 5168 3213 5231 interfuit
3260 5168 3564 5253 predictis
3612 5178 3675 5232 01
3723 5169 3831 5254 qui
3877 5170 4154 5254 scriptus
4202 5191 4397 5256 supra
4446 5180 4563 5254 est,
4605 5173 4841 5239 habere

1208 5277 1496 5363 [debeat]
1541 5278 1620 5342 de
1668 5277 1852 5340 bonis
1899 5277 2165 5361 triginta
2212 5275 2451 5340 solidos
2499 5275 3002 5358 bononenorum,
3036 5276 3091 5338 si
3137 5276 3376 5340 fuerint
3416 5276 3480 5339 in
3514 5276 3646 5339 vita
3680 5276 4018 5362 [tempore]
4051 5279 4274 5342 mortis
4307 5278 4462 5344 dicti
4496 5283 4840 5349 testatoris·

1387 5386 1491 5469 (L.
1526 5387 1570 5466 †
1604 5385 1698 5464 S.)
1745 5384 1830 5447 Et
1878 5405 1999 5468 ego
2048 5383 2509 5448 Bonaventura
2555 5381 2838 5464 Viviani,
2886 5382 3205 5469 imperiali
3253 5383 3635 5447 auctoritate
3684 5385 4009 5467 notarius,
4058 5385 4360 5470 predictis
4409 5386 4704 5451 omnibus
4752 5390 4842 5452 111-

1205 5493 1404 5558 terfui
1451 5501 1713 5576 rogatus
1761 5513 1800 5555 a
1848 5490 2018 5555 dicto
2068 5498 2394 5572 testatore,
2443 5497 2507 5554 et
2553 5490 2704 5574 quia
2752 5490 2960 5575 ipsum
3010 5491 3303 5576 cognovi,
3346 5491 3635 5577 predicta
3681 5492 3927 5576 scripsi,
3978 5492 4328 5578 subscripsi
4376 5502 4534 5576 etc.;
4581 5477 4643 5557 et
4692 5496 4841 5580 quia

1205 5624 1323 5688 pro
1371 5601 1693 5665 oblivione
1741 5606 1806 5662 et
1852 5620 2068 5662 errore
2116 5598 2485 5662 dimiseram
2541 5622 2570 5656 ‹
2619 5598 2772 5661 110111
2819 5598 3087 5662 ecclesie
3135 5599 3341 5661 sancti
3388 5598 3567 5662 Petri
3614 5599 4022 5684 episcopatus
4070 5599 4407 5683 Bononie,
4458 5601 4593 5665 sive
4660 5602 4837 5666 labo·

1205 5710 1375 5773 rerio
1425 5709 1623 5794 ipsius
1670 5707 1939 5772 ecclesie
1987 5715 2242 5771 centum
2290 5705 2530 5770 solidos
2577 5705 3060 5769 bononenorum
3110 5705 3381 5790 reliquid
3430 5728 3543 5791 pro
3603 5707 4006 5770 restitutione
4070 5716 4133 5770 et
4182 5708 4622 5772 satisfactione
4669 5708 4838 5774 deci-

1206 5838 1477 5898 marum,
1525 5815 1604 5879 de
1653 5815 1978 5901 superfluo
2026 5813 2281 5876 veniam
2329 5812 2679 5898 postulavit
2725 5833 2764 5875 a
2816 5812 3091 5876 Domino
3143 5839 3170 5868 »
3228 5812 3523 5897 superius
3571 5814 3825 5899 signavi
3871 5815 3952 5894 †.

1363 6497 1441 6560 (1)
1481 6496 1584 6547 Sec.
