5542 7775
1680 704 2142 754 SPECTANTIA
2201 705 2301 753 AD
2359 699 2871 753 PROFESSORES
2926 696 3344 747 MEDICINAE
4168 677 4313 747 221

692 860 946 944 scriptis
997 881 1187 923 manu
1237 859 1504 945 Ugolini
1552 859 1772 922 fratris
1820 857 2181 922 Tranchedi
2233 857 2467 922 notarii
2515 854 2980 942 previdenti(l)
3014 853 3293 916 utilitate
3341 852 3544 937 ipsius
3585 852 3887 938 Capituli,
3922 854 4329 939 episcopatus

692 974 756 1031 et
787 967 1076 1030 Ecclesie
1111 967 1478 1043 cerviensis,
1512 966 1688 1030 dedit
1717 974 1781 1029 et
1814 966 2126 1029 concessit
2158 966 2415 1029 domino
2447 963 2924 1027 Branchaleoni
2958 960 3279 1046 quondam
3314 960 3554 1024 domini
3586 960 3865 1043 Andalo,
3900 960 4230 1046 recipienti
4266 967 4330 1024 et

692 1075 1026 1161 stipulanti
1079 1074 1216 1137 vice
1264 1082 1328 1137 et
1376 1074 1631 1137 nomine
1681 1072 1959 1154 Andree,
1993 1073 2107 1135 filii
2156 1071 2480 1158 quondam
2529 1070 2770 1134 domini
2822 1069 3150 1133 Castelani
3182 1068 3543 1132 Andalouis
3576 1068 3776 1154 ipsius
3809 1068 3944 1149 filii,
3984 1076 4049 1131 et
4082 1068 4328 1154 nepoti-

694 1181 813 1244 bus
863 1181 1164 1245 masculis
1213 1202 1296 1245 ex
1342 1201 1419 1244 eo
1467 1179 2023 1261 descendentibus,
2059 1180 2122 1242 in
2172 1178 2525 1242 enfiteosim
2575 1183 2787 1241 castra
2839 1174 3268 1257 Plancalduli,
3302 1175 3678 1239 Bclvederis
3721 1180 3786 1239 et
3835 1174 4026 1239 Sasxi
4048 1175 4124 1239 (2)
4153 1175 4328 1240 Gua-

692 1289 837 1370 tari,
873 1289 1052 1352 salvo
1095 1290 1240 1372 jure
1289 1287 1550 1352 dominii
1601 1296 1664 1350 et
1708 1286 2121 1372 proprietatis
2169 1285 2598 1371 Episcopatus
2631 1292 2695 1348 et
2726 1282 3016 1347 Eeclesie
3049 1282 3417 1365 cerviensis,
3454 1304 3599 1346 cum
3633 1282 3927 1346 omnibus
3960 1290 4025 1347 et
4056 1283 4328 1367 siugulis

687 1396 944 1479 juribus
990 1402 1054 1458 et
1102 1396 1464 1459 actionibus
1513 1393 1595 1457 ad
1634 1393 1930 1458 eumdem
1963 1392 2292 1458 dominum
2325 1392 2738 1478 Episcopum,
2773 1390 3235 1476 Episcopatum
3269 1397 3334 1453 et
3365 1389 3724 1454 Ecclesiam
3758 1390 4151 1454 cerviensem
4185 1413 4328 1476 spe-

694 1503 1017 1567 ctantibus
1066 1502 1128 1566 in
1178 1504 1270 1566 eis
1319 1502 1566 1584 castris,
1601 1502 1736 1565 sive
1785 1502 1973 1564 terris
2007 1501 2341 1564 occasione
2376 1501 2681 1586 ipsorum,
2716 1498 2914 1562 salvis
2947 1498 3417 1562 conditionibus
3445 1498 3866 1562 instrumento
3900 1500 4328 1563 concessionis

693 1610 985 1693 insertis3
1034 1617 1098 1673 et
1144 1610 1264 1674 hoc
1313 1610 1689 1672 nominatim
1738 1629 1853 1694 pro
1902 1608 2372 1694 quatringentis
2420 1606 2602 1670 libris
2650 1606 3154 1687 bononenorum,
3205 1626 3364 1690 quas
3414 1605 3579 1669 idem
3629 1605 3924 1669 dominus
3970 1606 4329 1693 Episcopus

692 1718 1023 1781 consessus
1070 1718 1194 1780 fuit
1239 1716 1564 1799 habuisse,
1599 1715 1810 1779 dando
1854 1716 2059 1778 eciam
2106 1721 2170 1778 et
2217 1713 2562 1800 prestando
2609 1712 2935 1799 predictus
2983 1711 3610 1795 henfitheotecarius,
3645 1721 3709 1776 et
3749 1712 4020 1798 predicti
4066 1713 4328 1777 descen-

693 1823 916 1888 dentes
965 1824 1047 1887 ab
1096 1846 1170 1887 eo
1219 1824 1333 1886 filii
1382 1832 1446 1887 et
1495 1829 1760 1909 nepotes
1805 1823 2076 1905 masculj
2135 1821 2406 1907 legitimi
2464 1820 2633 1884 dicto
2681 1820 2940 1884 domino
2986 1819 3329 1905 Episcopo,
3379 1819 3513 1883 sive
3561 1820 4037 1885 successoribus
4084 1822 4216 1885 suis
4265 1828 4329 1885 et

692 1932 980 1996 Ecclesie
1031 1932 1380 2013 cerviensi,
1431 1931 1616 1994 annis
1664 1930 1893 2015 singlis
1938 1952 2056 2016 pro
2105 1950 2320 1993 annua
2367 1928 2673 2015 pensione
2721 1928 3033 2014 porchum
3082 1948 3279 1990 unum
3327 1926 3391 1991 in
3441 1948 3657 1992 mense
3705 1929 3950 2009 marcii,
3999 1951 4115 1992 seu
4162 1930 4331 1993 infra

692 2039 1104 2103 indictionem
1132 2040 1208 2102 (3)
1242 2047 1393 2102 tunc
1451 2044 1813 2102 currentem
1876 2037 2076 2124 precii
2136 2046 2201 2101 et
2265 2035 2702 2100 extimationis
2762 2036 2959 2100 trium
3013 2035 3324 2099 librarum
3384 2035 3888 2100 bononenorum.
3938 2035 4083 2100 Hoc
4131 2038 4327 2101 etiam

693 2154 873 2229 acto,
924 2146 1094 2232 quod
1143 2147 1322 2209 finita
1372 2145 1574 2210 tercia
1621 2146 2077 2230 generacione,
2126 2143 2333 2207 silicet
2381 2142 2647 2206 mortuis
2693 2143 2843 2207 filiis
2889 2152 2953 2206 et
3001 2141 3340 2228 nepotibus
3390 2142 3690 2206 masculis
3736 2143 4061 2229 predictis,
4111 2145 4164 2208 si
4210 2145 4327 2208 filii

693 2254 962 2318 masculi
1011 2253 1280 2337 legitimi
1329 2251 1758 2317 decendentes
1805 2252 1887 2315 ab
1936 2253 2028 2316 eis
2069 2251 2308 2315 vellent
2340 2270 2673 2333 renovare,
2706 2251 3191 2314 renovabuntur
3221 2250 3312 2313 eis
3346 2249 3513 2314 dicte
3547 2272 3648 2314 res
3681 2250 4034 2315 secundum
4066 2252 4327 2317 solitum

693 2368 758 2425 et
803 2361 1109 2425 usitatum
1156 2360 1485 2445 provincie
1533 2358 1915 2423 Romaniole
1965 2358 2400 2422 renovationis
2447 2357 2728 2422 modum.
2762 2357 2865 2420 Ita
2898 2366 3135 2439 tamen,
3169 2356 3341 2442 quod
3387 2378 3514 2421 non
3562 2358 3755 2421 liceat
3800 2358 3892 2422 eis
3941 2381 4056 2423 nec
4104 2381 4325 2424 eorum

693 2468 840 2531 filiis
889 2468 992 2531 vel
1040 2467 1381 2552 nepotibus
1414 2466 1617 2530 dictas
1650 2488 1752 2530 res
1785 2465 2084 2547 vendere,
2118 2464 2221 2527 vel
2255 2471 2658 2528 contractum
2704 2466 2985 2550 aliquem
3028 2463 3239 2527 facere
3275 2464 3467 2527 alicui
3497 2486 3790 2550 persone,
3827 2466 3939 2530 sed
3973 2474 4117 2553 post
4150 2475 4323 2531 tran-

696 2576 888 2639 situm
937 2597 1158 2639 eorum
1205 2582 1268 2638 et
1315 2596 1576 2638 suorum
1623 2574 1901 2638 filiorum
1946 2580 2010 2636 et
2057 2580 2395 2658 nepotum,
2446 2572 2702 2657 quando
2751 2572 3030 2637 Domino
3078 2572 3428 2657 placuerit,
3475 2573 3760 2658 predicte
3808 2596 3911 2638 res
3967 2574 4051 2638 ad
4105 2576 4214 2660 jus
4261 2582 4326 2640 et

694 2683 1046 2747 dominium
1095 2681 1524 2768 Episcopatus
1572 2680 1821 2763 Cervie,
1872 2681 2055 2764 eujus
2101 2688 2199 2743 est
2244 2680 2623 2766 proprietas,
2666 2680 2804 2743 sine
2853 2678 3147 2742 molestia
3210 2688 3635 2763 revertantur,
3683 2682 3807 2745 nisi
3854 2682 4008 2747 dicti
4052 2682 4324 2748 heredes

696 2790 938 2854 vellent
969 2811 1037 2852 se
1073 2810 1406 2872 renovare,
1441 2796 1511 2851 ut
1543 2787 1781 2852 dictum
1816 2797 1931 2852 est.
1980 2786 2126 2852 Hoc
2173 2789 2375 2851 eciam
2425 2795 2590 2869 acto,
2627 2786 2798 2871 quod
2847 2787 2899 2850 si
2948 2787 3117 2850 infra
3163 2808 3448 2850 mensem
3495 2789 3853 2873 predictum
3896 2815 4022 2858 non
4056 2797 4330 2881 solvant,

695 2905 767 2961 ut
812 2897 1052 2961 dictum
1101 2903 1218 2978 est,
1253 2896 1493 2960 dictum
1540 2895 1850 2981 porchum
1896 2904 2161 2981 propter
2206 2895 2327 2959 hoc
2375 2916 2500 2958 non
2551 2894 2787 2958 cadant
2834 2915 2873 2956 a
2905 2893 3098 2958 feudo
3132 2894 3257 2956 nisi
3287 2895 3492 2980 primo
3525 2895 3720 2961 fuerit
3752 2902 4150 2985 requisitum.
4185 2908 4331 2976 Hoc

696 3005 901 3069 eciam
949 3012 1093 3068 acto
1143 3005 1311 3068 inter
1358 3025 1487 3085 eOS,
1538 3002 1706 3089 quod
1763 3023 2027 3088 presens
2077 3002 2408 3088 conceptio
2427 3001 2504 3066 (4)
2532 3023 2655 3065 non
2706 3000 3067 3087 prejudicet
3111 3001 3691 3089 Archiepiscopatu
3739 3007 3986 3093 pisan0,
4021 3013 4155 3078 sive
4195 3018 4331 3101 juri

695 3112 895 3198 ipsius
943 3112 997 3174 si
1046 3110 1216 3196 quod
1271 3111 1468 3174 habet
1518 3110 1577 3173 in
1628 3110 1820 3173 rebus
1882 3109 2266 3196 supradictis
2330 3110 2430 3172 vel
2480 3108 2698 3194 aliqua
2753 3130 2973 3172 eorum
3039 3130 3120 3172 cx
3186 3109 3608 3175 instrumento
3674 3112 3841 3178 dicte
3902 3122 4330 3189 concessionis

696 3219 932 3305 scripto
976 3240 1169 3282 manu
1218 3217 1460 3282 domini
1507 3217 1845 3281 Bonvisini
1893 3217 2132 3282 domini
2178 3216 2537 3301 Bolognitti
2584 3217 2857 3300 notarij,
2908 3215 3078 3280 facto
3124 3215 3315 3279 hodie
3363 3216 3653 3283 Bononie
3703 3221 3767 3284 in
3830 3223 4036 3311 burgo
4098 3228 4326 3316 Richo,

698 3325 762 3389 in
809 3326 997 3389 domo
1045 3326 1179 3388 sive
1227 3346 1483 3389 camera
1530 3325 1770 3389 domini
1816 3324 2123 3411 Episcopi
2169 3325 2516 3388 cerviensis
2564 3324 2855 3410 predicti,
2890 3324 3295 3410 presentibus
3327 3327 3637 3409 magistro
3677 3328 3966 3395 Marsilio
4016 3334 4094 3398 de
4143 3337 4328 3402 Mau-

697 3432 1001 3518 tighellis,
1035 3432 1295 3496 doctore
1343 3431 1766 3513 decretorum,
1802 3431 2058 3495 domino
2091 3431 2371 3495 Martiuo
2407 3430 2742 3513 Sulimani,
2776 3430 2995 3515 legum
3028 3430 3308 3512 doctore,
3343 3431 3600 3497 domino
3647 3434 3842 3501 Petro
3890 3439 4130 3505 domini
4180 3445 4327 3509 Ari-

689 3541 850 3605 verii
899 3539 977 3603 de
1026 3540 1585 3623 Carboneusibus,
1634 3539 1892 3604 domiuo
1949 3539 2288 3603 Bonifacio
2354 3538 2432 3602 de
2493 3539 2821 3625 Abaysio,
2871 3538 3128 3602 domino
3177 3539 3476 3603 Johanne
3540 3543 3791 3608 notario
3838 3545 3916 3610 de
3963 3547 4326 3636 Merolinis,

689 3645 948 3711 domiuo
997 3646 1245 3710 Jacobo
1294 3645 1373 3710 de
1423 3645 1758 3710 Merulinis
1807 3653 1870 3710 ct
1921 3646 2197 3711 Salvitto
2248 3645 2665 3727 Gualandini,
2703 3646 2975 3709 testibus
3020 3652 3091 3708 ut
3137 3645 3344 3709 dictus
3393 3647 3689 3713 domiuus
3735 3650 4219 3721 Brancaleonus
4265 3665 4330 3723 et

688 3755 895 3819 dictus
943 3754 1239 3818 dominus
1273 3754 1704 3837 Johanninus,
1740 3763 2120 3841 procurator
2162 3755 2314 3819 dicti
2363 3754 2605 3820 domini
2651 3754 2959 3841 Episcopi
3006 3754 3086 3818 ad
3136 3755 3503 3819 faciendum
3549 3758 3701 3843 poni
3748 3760 4038 3845 predicta
4084 3765 4149 3828 in
4196 3788 4329 3831 me-

689 3861 1064 3928 morialibus
1113 3861 1417 3926 Comanis
1465 3861 1760 3927 Bononie
1810 3884 1894 3927 ex
1942 3862 2366 3927 instrumento
2415 3862 2534 3949 ipsi
2584 3862 2985 3949 procuratori
3033 3883 3229 3926 manu
3277 3862 3476 3949 ipsius
3522 3864 3859 3932 Bouvisini
3892 3872 4125 3937 notarii
4157 3872 4329 3940 facto

688 3970 862 4035 dicta
909 3970 1033 4052 die,
1085 3970 1246 4052 loce,
1294 3976 1358 4033 et
1405 3970 1814 4055 presentibus
1862 3970 2049 4034 dictis
2097 3970 2390 4052 testibus,
2440 3970 2604 4034 dixit
2651 3978 2714 4034 et
2762 3971 2956 4034 scribi
3005 3970 3176 4034 fecit.

2455 4291 2574 4356 IX.

2244 4507 2437 4589 1285,
2486 4507 2572 4569 21
2621 4507 2779 4570 iulii.

747 4716 854 4780 Ex
898 4716 1096 4780 Arch.
1147 4716 1323 4780 Max.
1373 4716 1560 4799 bon.,
1611 4717 1675 4781 in
1724 4681 2004 4783 Memor..
2043 4717 2398 4782 Communis
2412 4742 2434 4802 ,
2480 4719 2673 4783 Mem.
2722 4719 2983 4783 Azolini
3030 4718 3259 4785 Cambi
3303 4720 3383 4784 de
3428 4720 3654 4804 Vitris,
3710 4724 3900 4805 1285,
3949 4745 4002 4787 c.
4058 4728 4137 4789 15
4186 4722 4276 4790 v.

864 4930 1281 5013 Meclxxxv.,
1324 4931 1682 5014 jndictione
1731 4932 1913 5017 xiij.,
1965 4932 2066 4996 die
2114 4933 2369 4997 sabbati
2415 4934 2763 5019 vigessimo
2814 4935 3019 5021 primo
3062 4923 3235 5019 julij.

866 5042 970 5113 (
1003 5038 1163 5103 Cum
1210 5039 1332 5102 hoc
1380 5046 1571 5121 esset,
1615 5038 1785 5124 quod
1832 5039 2127 5103 dominus
2175 5041 2485 5125 magister
2532 5041 2836 5105 Thadeus
2883 5041 2961 5105 de
3008 5041 3361 5125 Florentia,
3411 5044 3570 5107 artis
3616 5043 3930 5109 medicine
3977 5047 4324 5132 professor,

684 5145 1001 5232 proficisci
1049 5145 1411 5209 intenderet
1458 5146 1540 5209 ad
1588 5146 1915 5209 civitatem
1955 5146 2223 5229 Mutine,
2258 5148 2685 5233 presentibus,
2721 5155 2785 5212 et
2827 5148 3130 5212 mandato
3172 5149 3577 5214 dominorum
3608 5151 4006 5236 Allegratuti
4052 5154 4324 5219 condam

689 5253 930 5318 domini
977 5252 1366 5316 Mezovilani
1415 5252 1493 5316 de
1541 5252 1998 5336 Mezovilanis,
2048 5254 2295 5340 capelle
2359 5256 2566 5319 sancti
2631 5255 2969 5320 Michaelis
3017 5256 3095 5319 de
3143 5256 3548 5339 Lebroxeto,
3599 5265 3663 5322 et
3709 5254 3941 5323 Uberti
3986 5259 4065 5325 de
4109 5261 4324 5326 Pava-

687 5361 1014 5443 nensibus,
1053 5361 1299 5447 capelle
1348 5361 1553 5424 sancti
1599 5360 1937 5425 Benedicti
1984 5361 2064 5426 de
2109 5361 2311 5426 Porta
2357 5362 2566 5444 Nova,
2600 5369 2664 5426 et
2708 5362 2929 5427 Yvaui
2975 5363 3054 5428 de
3100 5364 3513 5449 Bataglutiis,
3557 5366 3804 5451 capelle
3851 5374 4072 5432 sancte
4119 5367 4326 5434 Mai-ie

688 5467 993 5552 MajoriS,
1043 5489 1241 5532 causa
1288 5467 1556 5531 curandi
1603 5467 1885 5531 nobilem
1931 5469 2141 5532 virum
2189 5468 2517 5533 domiuum
2563 5469 2929 5534 Gerardum
2975 5470 3054 5535 de
3109 5470 3537 5556 Raugonibus
3599 5473 3804 5537 civem
3859 5475 4324 5560 mutinensem,

689 5584 1150 5668 cognoscentes
1198 5576 1644 5638 mandatorem
1690 5597 1818 5639 non
1868 5576 2146 5661 obligari
2192 5576 2271 5640 de
2321 5598 2495 5659 casu,
2539 5578 2662 5641 nisi
2708 5578 3066 5664 spetialiter
3112 5579 3234 5643 hoc
3282 5586 3469 5666 pacto
3517 5580 3892 5664 conveniat,
3940 5583 4165 5647 volens
4204 5584 4328 5650 sibi

690 5683 897 5747 dictus
963 5683 1272 5767 magister
1320 5682 1623 5746 Thadeus
1687 5683 2046 5768 spetialiter
2105 5684 2480 5771 providere,
2530 5691 2593 5748 et
2655 5685 2928 5770 predicti
2989 5686 3280 5750 volentes
3342 5686 3427 5750 ad
3486 5687 3899 5775 infrascripta
3968 5691 4326 5778 spetialiter

688 5790 986 5875 obligari,
1036 5789 1308 5876 predicti
1370 5811 1625 5872 omnes,
1677 5789 1922 5854 scilicet
1972 5790 2397 5875 Allegratuti,
2447 5790 2732 5855 Ubertus
2788 5800 2852 5856 et
2898 5792 3204 5875 Yvanus,
3252 5800 3318 5857 et
3374 5793 3643 5879 quilibet
3702 5816 3925 5859 eorum
3976 5796 4323 5862 insolidum

688 5898 1208 5962 consentiheutes
1242 5919 1310 5961 se
1344 5897 1731 5983 principales
1765 5897 2107 5980 debitoreS,
2140 5898 2594 5984 promiserunt,
2628 5900 2944 5985 solempni
2993 5901 3408 5986 stipulatione
3440 5901 3837 5987 interposita,
3872 5903 4159 5987 predicto
4193 5927 4325 5969 ma-

687 6007 889 6091 gistro
955 6006 1220 6071 Thadeo
1283 6028 1351 6069 se
1415 6007 1700 6070 facturos
1767 6016 1832 6070 et
1892 6015 2227 6070 curaturos
2297 6006 2466 6092 quod
2530 6006 2737 6071 dictus
2796 6009 3105 6094 magister
3168 6008 3472 6073 Thadeus
3534 6010 3808 6074 liberum
3870 6011 4110 6075 habeat
4171 6013 4320 6096 iter,

689 6121 753 6177 et
800 6113 1174 6199 expeditum
1223 6115 1286 6177 in
1336 6114 1592 6178 heundo
1633 6122 1696 6178 et
1746 6113 2072 6178 redeundo
2120 6122 2184 6179 et
2230 6114 2480 6198 stand0,
2533 6125 2778 6181 remoto
2827 6117 3000 6181 omni
3034 6117 3390 6181 obstacullo
3424 6125 3489 6181 et
3521 6117 3996 6204 impedimentO,
4032 6121 4120 6184 ita
4153 6121 4326 6206 quod

689 6221 771 6284 ab
819 6220 1144 6305 aliquibus
1193 6242 1318 6284 non
1368 6221 1753 6306 impedietur
1799 6221 1904 6284 vel
1950 6222 2396 6286 molestabitur
2443 6223 2507 6286 in
2557 6245 2770 6306 avere,
2806 6225 2910 6287 vol
2959 6245 3256 6309 persona,
3290 6224 3734 6309 promittentes
3775 6225 4049 6290 eundem
4096 6248 4324 6292 sanum

851 6470 929 6535 (1)
970 6469 1076 6533 Sic,
1112 6486 1211 6538 pro
1252 6487 1279 6519 t
1313 6485 1420 6536 pro
1455 6470 1684 6522 evidenti
1720 6487 1768 6522 .
2720 6474 2799 6538 (3)
2839 6472 2945 6536 Sir,
2982 6489 3081 6541 pro
3190 6489 3366 6525 mense
3405 6492 3453 6524 .

831 6560 930 6627 ,(2)
971 6558 1074 6610 Sic.
2725 6564 2804 6628 (4)
2843 6561 2947 6613 Sic.
