5542 7775
1609 671 2074 723 SPEOTANTIA
2127 673 2232 722 AD
2288 672 2800 724 PROFESSORES
2856 673 3067 724 JURIS
3126 673 3479 724 CANONIOI
4208 652 4350 724 161

904 825 1001 890 Ab
1050 824 1277 891 Octava
1330 825 1691 891 Pentecostes
1736 847 1927 912 usque
1970 826 2056 890 ad
2099 827 2451 891 Adventum
2500 827 2797 892 Domini:

726 933 827 998 De
874 932 1040 998 festo
1085 932 1292 998 sancti
1336 932 1701 998 Marcellini
1744 940 1808 998 et
1845 931 2047 1015 Petri,
2082 934 2288 998 sancti
2321 932 2483 999 Ger·
2596 933 2694 998 De
2740 939 2965 1000 sancto
3011 934 3387 999 Laurentio·

902 1040 1067 1105 vasii
1112 1048 1177 1106 et
1220 1039 1525 1105 Protasii.
2601 1041 2702 1105 De
2749 1041 3177 1107 decollatione
3223 1042 3398 1107 beati
3443 1041 3487 1106 J
3491 1041 3763 1107 ohannis
3808 1042 4126 1129 Baptiste.

723 1148 825 1213 De
872 1149 1276 1214 sanctissimo
1323 1148 1625 1214 Johanne
1670 1148 1993 1236 Baptista.
2602 1148 2703 1213 De
2751 1149 3169 1236 conceptione
3218 1155 3282 1214 et
3327 1148 3667 1214 nativitate
3712 1148 3902 1215 beate
3948 1149 4261 1236 Virginis.

724 1256 826 1321 De
871 1256 1036 1321 festo
1085 1255 1291 1320 sancti
1336 1256 1380 1321 J
1384 1256 1656 1320 ohannis
1703 1262 1768 1321 et
1812 1256 2025 1322 Pauli.
2601 1257 2701 1321 De
2749 1257 3146 1322 exaltatione
3192 1262 3413 1321 sancte
3461 1255 3705 1322 Crucis.

725 1364 827 1429 De
873 1364 1037 1428 festo
1085 1363 1524 1451 apostolorum
1565 1364 1747 1428 Petri
1793 1370 1857 1428 et
1903 1364 2116 1428 Pauli.
2596 1364 2698 1428 De
2743 1371 2966 1429 sancto
3013 1364 3351 1430 Michaele.

722 1473 823 1538 De
870 1473 1036 1539 festo
1080 1473 1413 1539 divisionis
1458 1471 1944 1560 Apostolorum.
2598 1472 2699 1537 De
2746 1477 2970 1536 sancto
3016 1471 3339 1558 Remigio.

723 1581 825 1647 De
872 1582 1037 1647 festo
1083 1588 1286 1646 sanct.
1334 1586 1585 1667 septem
1629 1580 1955 1645 Fratrum.
2598 1579 2699 1644 De
2746 1586 2970 1644 sancto
3016 1579 3219 1644 Luca.

722 1689 824 1754 De
870 1689 1292 1753 translatione
1338 1688 1547 1752 sancti
1592 1686 1951 1751 Benedicti.
2597 1685 3062 1772 Apostolorum
3109 1685 3388 1751 Simonis
3436 1692 3502 1751 et
3546 1686 3739 1752 Jude.

723 1797 824 1862 De
871 1796 1035 1861 festo
1080 1794 1257 1860 beati
1303 1794 1535 1859 Jacobi
1581 1793 1869 1879 majoris.
2594 1794 2673 1859 In
2722 1793 3060 1859 nativitate
3110 1794 3395 1859 omnium
3443 1801 3832 1860 sanctorum.

726 1903 949 1969 Sancti
991 1903 1175 1967 Petri
1219 1902 1303 1966 ad
1346 1902 1646 1967 Vincula.
2585 1900 2704 1966 IV.
2754 1900 3245 1966 coronatorum.

723 2011 825 2076 De
871 2018 1094 2076 sancto
1144 2010 1496 2097 Stephano.
2598 2008 2699 2073 De
2747 2015 2975 2073 sancta
3021 2008 3284 2074 Oecilia.

723 2119 824 2184 De
869 2118 1435 2204 transfiguratione
1481 2117 1765 2183 Domini.
2597 2116 3006 2183 Generaliter
3051 2117 3131 2182 de
3178 2116 3381 2182 festis.

898 2228 1103 2312 Atque
1145 2226 1242 2291 hic
1285 2226 1497 2309 definit
1540 2224 1670 2290 IX.
1719 2233 1775 2291 et
1811 2232 2161 2311 postremus
2206 2223 2360 2290 liber
2406 2223 2704 2308 Mitralis,
2753 2245 2932 2310 quem
2977 2225 3064 2289 ita
3107 2224 3357 2290 absolvit
3402 2233 3656 2290 auctor:

901 2335 1044 2400 Hec
1090 2340 1242 2398 sunt
1286 2333 1532 2398 fercula
1580 2339 1645 2397 et
1690 2332 1850 2397 meri
1896 2332 2031 2397 vini
2074 2332 2348 2419 pocula,
2397 2352 2523 2417 que
2570 2331 2777 2416 vobis,
2827 2332 3061 2396 fratres
3109 2338 3174 2395 et
3218 2331 3335 2396 filii
3358 2332 3458 2415 (1),
3505 2338 3578 2397 ut
3620 2332 3931 2419 pincerna
3977 2333 4044 2397 in
4091 2354 4250 2398 cena
4297 2339 4362 2397 et

724 2441 1031 2508 cenaculo
1063 2441 1597 2528 presentavimus,
1633 2440 1865 2526 quibus
1910 2440 2076 2505 ostia
2123 2439 2503 2521 claudimus,
2537 2461 2617 2503 ne
2665 2439 2888 2504 fauces
2931 2438 3328 2503 masticando
3361 2439 3684 2522 fatiscant,
3719 2461 3836 2505 nec
3862 2441 3939 2505 (2)
3987 2441 4355 2506 stomachus

721 2549 952 2636 plenus
985 2555 1252 2629 eructet,
1287 2547 1438 2633 quia
1470 2568 1657 2611 omne
1690 2567 2164 2633 supervacuum
2197 2546 2386 2632 pleno
2435 2545 2515 2610 de
2560 2553 2821 2632 pectore
2853 2553 3095 2610 manat.
3131 2545 3462 2610 Comedite
3495 2546 3694 2631 igitur
3717 2546 3796 2612 (3)
3829 2551 3895 2611 et
3931 2545 4153 2628 bibite,
4188 2547 4360 2633 quod

723 2657 880 2721 satis
928 2661 1045 2739 est,
1088 2655 1410 2740 justitiam
1453 2662 1672 2719 tamen
1716 2641 2074 2718 esurientes
2145 2660 2210 2718 et
2271 2653 2339 2717 in
2401 2653 2688 2739 presenti
2734 2652 2927 2740 epulo
2976 2653 3286 2736 sitientes,
3333 2658 3407 2716 ut
3459 2652 3526 2716 in
3580 2652 3799 2719 futuro
3845 2653 4168 2718 satiemini
4214 2675 4362 2718 cum

723 2761 1096 2849 apparuerit
1142 2761 1353 2846 gloria
1397 2760 1680 2825 Domini.
1728 2761 1964 2825 Amen.

2498 2992 2591 3057 II.

2212 3172 2407 3254 1155,
2459 3172 2495 3235 1
2537 3170 2871 3254 februarii.

1049 3367 1156 3433 Ex
1203 3368 1466 3434 archivo
1513 3368 1799 3432 familiae
1846 3367 2330 3433 Lambertiniae
2378 3368 2553 3454 apud
2604 3368 2998 3432 abbatialem
3047 3368 3384 3433 ecclesiam
3429 3367 3618 3433 Podii
3665 3367 4033 3453 Regnatici,

2196 3474 2354 3538 fasc.
2406 3474 2497 3558 I.,
2549 3496 2720 3538 num.
2781 3479 2879 3539 11.

901 3672 1096 3737 Anno
1143 3671 1406 3737 Domini
1454 3670 1794 3736 millesimo
1841 3670 2188 3735 centesimo
2238 3670 2771 3758 quinquagesimo
2822 3672 3065 3757 quint0,
3114 3672 3410 3736 kalendis
3456 3672 3695 3756 martij,
3738 3671 4084 3736 indictione
4130 3672 4353 3755 tercia,

725 3783 787 3846 in
836 3781 1172 3868 presencia
1220 3778 1535 3844 Gnidonis
1581 3778 1917 3843 Lamberti
1963 3777 2041 3842 de
2088 3777 2331 3842 Mundo
2388 3786 2452 3842 et
2495 3778 2747 3864 Ugonis
2796 3779 2875 3843 de
2923 3779 3169 3861 Riosto,
3218 3779 3437 3864 sicque
3482 3778 3717 3844 Petrus
3764 3780 3844 3844 de
3894 3778 4096 3845 Cento
4143 3780 4354 3866 adque

721 3888 1016 3955 Verardo
1063 3888 1143 3952 de
1187 3887 1451 3970 Riosto,
1500 3886 1912 3972 Martignone
1953 3887 2201 3971 juravit
2260 3887 2749 3972 promissionem
2805 3887 3077 3951 Henrici
3124 3888 3239 3951 filii
3286 3887 3623 3951 Ramberti
3670 3894 3864 3974 atque
3911 3886 4195 3953 Gnidoni
4241 3886 4354 3950 filii

724 3998 844 4082 sui,
877 3997 1044 4084 quod
1094 3995 1219 4083 ipsi
1264 3995 1501 4060 debent
1547 3994 1687 4059 fieri
1734 3994 2025 4081 quietum
2068 3994 2353 4078 feudum,
2390 3995 2559 4081 quod
2601 3995 3060 4059 Lambertinus
3108 3994 3278 4059 filius
3323 3995 3753 4081 prenominati
3786 3994 4100 4061 Gnidonis
4133 3995 4356 4081 adqui-

720 4105 872 4170 sivit
918 4104 1001 4169 ad
1047 4102 1627 4189 Archiepiscopum
1676 4102 1740 4166 in
1790 4102 2114 4167 Comitatu
2160 4102 2426 4166 Ferarie
2490 4102 2556 4166 in
2618 4104 2876 4167 nomine
2924 4103 3129 4188 ipsius
3187 4102 3587 4167 Lambertini
3654 4103 3910 4168 racione
3958 4109 4071 4167 aut
4117 4103 4354 4185 forcia,

720 4213 892 4278 bona
937 4210 1082 4294 fide,
1116 4210 1254 4275 sine
1300 4209 1549 4274 fraude.
1586 4209 1672 4274 Et
1720 4210 1775 4273 si
1821 4209 2164 4294 contigerit
2200 4231 2318 4296 pro
2356 4210 2613 4274 racione
2662 4210 2960 4274 facienda
2993 4210 3255 4297 aliquod
3289 4210 3647 4298 spendium,
3680 4211 4128 4297 prenominato
4159 4210 4354 4274 Lam-

721 4319 974 4385 bertino
1007 4318 1222 4382 facere
1269 4316 1482 4382 debet.
1514 4315 1600 4381 Et
1647 4317 1702 4381 si
1748 4317 1892 4403 quis
1939 4338 2055 4403 pro
2102 4317 2462 4403 predictum
2496 4317 2761 4381 feudum
2795 4317 3105 4382 tuendum
3149 4318 3255 4382 vel
3303 4318 3704 4404 quietantum
3731 4318 3809 4384 (4)
3841 4317 4022 4382 litem
4068 4318 4172 4382 vel
4222 4318 4355 4383 vio-

721 4428 999 4494 lenciam
1044 4426 1315 4492 fecerint
1359 4426 1807 4512 prenominato
1854 4425 2141 4491 Henrico
2188 4426 2295 4490 vel
2341 4425 2623 4490 Gnidoni
2671 4426 2803 4490 filio
2853 4448 2968 4492 suo
3011 4426 3075 4490 in
3111 4427 3418 4492 comitatu
3456 4426 3771 4509 Bononie,
3804 4427 4093 4513 predicto
4143 4426 4355 4491 Guido

722 4535 800 4600 de
846 4534 1197 4599 Lamberto
1245 4533 1325 4598 de
1371 4532 1615 4598 Mundo
1661 4554 1778 4618 pro
1826 4554 1894 4598 se
1942 4539 2007 4597 et
2052 4533 2404 4598 Lamberto
2452 4534 2583 4598 filio
2631 4524 2747 4598 suo
2796 4533 3095 4618 adjuvari
3125 4534 3436 4620 promisit.
3474 4533 3674 4598 Sexto
3723 4533 3866 4598 idus
3913 4534 4157 4617 marcii,
4191 4533 4356 4597 indi-

724 4643 906 4708 cione
937 4641 1255 4729 predicta,
1289 4640 1357 4705 in
1401 4640 1738 4727 presencia
1767 4640 1948 4704 Petri
1994 4639 2073 4705 de
2123 4639 2325 4705 Cento
2373 4647 2438 4705 et
2482 4640 2631 4726 Ugo
2680 4640 2758 4705 de
2805 4641 3089 4724 Ariosto,
3125 4648 3189 4706 et
3236 4663 3336 4706 me
3368 4648 3667 4728 presente
3698 4640 3848 4727 Ugo
3875 4641 3952 4707 (⁵)
3985 4640 4355 4723 tabellione,

721 4749 1046 4814 Hem-icus
1092 4748 1262 4812 filius
1306 4746 1647 4812 Ramberti
1691 4747 2049 4834 prescripta
2098 4748 2312 4813 omnia
2362 4769 2516 4813 vera
2562 4769 2703 4812 esse.
2753 4748 3122 4813 testificavit
3166 4755 3231 4813 et
3272 4750 3419 4833 jure
3461 4748 3743 4834 jurando
3790 4748 4091 4832 firmavit,
4126 4756 4191 4813 et
4236 4749 4356 4813 sub

725 4877 896 4943 pena
940 4855 1163 4921 decem
1210 4855 1524 4920 librarum
1567 4855 1927 4920 lucensium
1971 4856 2329 4942 prescripta
2378 4856 2593 4921 omnia
2639 4857 2825 4920 firma
2873 4863 3092 4921 tenere
3138 4857 3432 4943 promisit
3456 4857 3556 4922 (6).

2478 5123 2606 5188 III.

2332 5303 2521 5366 Anno
2571 5303 2763 5367 1162.

1165 5476 1272 5542 Ex
1319 5485 1473 5542 tom.
1520 5476 1774 5543 XLIII.
1829 5477 1975 5542 cod.
2024 5480 2173 5564 dipl.
2228 5480 2453 5566 Gymn.
2502 5479 2718 5545 bonon.
2770 5481 2985 5563 (num.
3037 5481 3180 5564 83),
3229 5480 3367 5548 doc.
3417 5482 3584 5566 III.,
3633 5504 3687 5547 c.
3744 5485 3820 5548 17
3871 5506 3922 5548 r.

904 5690 1283 5756 Alexander
1328 5713 1501 5777 papa
1546 5691 1780 5758 111.(⁷>
1828 5692 2066 5758 dilecto
2112 5692 2243 5758 filio
2289 5694 2600 5779 magistro
2647 5693 2731 5758 D.

905 5797 1365 5880 Literaturam,
1414 5797 1819 5863 honestatem
1867 5806 1933 5864 et
1974 5800 2385 5887 prudentiam
2430 5808 2610 5865 tuam
2657 5801 2954 5887 diligenti
3001 5803 3513 5869 consideratione
3559 5812 3927 5890 pensanteS,
3962 5813 4027 5869 et
4074 5807 4244 5892 quod
4291 5806 4358 5870 in

731 5904 1004 5969 ecclesia
1049 5904 1175 5968 Dei
1222 5926 1351 5969 non
1398 5905 1718 5970 modicum
1766 5906 2182 5994 imposterum
2229 5908 2539 5994 proficere
2587 5909 2828 5994 poteris
2874 5908 3300 5990 attendentes,
3335 5910 3417 5973 ad
3465 5911 3867 5976 commodum
3902 5919 3967 5977 et
3997 5913 4358 5998 profectum

729 6019 913 6076 tuum
959 6012 1026 6076 in
1076 6021 1388 6098 quantum
1434 6012 1737 6078 honestas
1786 6015 2097 6101 permittit
2142 6038 2260 6102 pro
2308 6016 2509 6080 nostri
2559 6016 2749 6081 officii
2795 6016 3011 6081 debito
3077 6004 3354 6081 libenter
3416 6018 3806 6082 intendimus
3867 6027 3932 6084 et
3993 6021 4361 6085 necessitati

888 6264 966 6330 (1)
1006 6261 1215 6331 Migne:
1254 6262 1463 6327 fratres
1500 6269 1547 6314 et
1583 6263 1708 6328 filii,
1744 6278 1841 6331 que
1874 6263 2032 6315 vobis.
2763 6267 2842 6332 (6)
2882 6265 2931 6316 Α
2970 6269 3122 6334 tergo
3169 6266 3557 6334 membranae,
3595 6269 3838 6338 vulgari,
3877 6272 3938 6320 ut
3989 6269 4211 6333 dicitur,
4251 6285 4364 6321 ser·

888 6353 965 6418 (2)
1002 6351 1103 6405 M.:
1142 6368 1224 6404 ne.
2597 6371 2775 6421 mone,
2813 6356 3020 6408 saeculi
3057 6356 3210 6408 XIV.
3244 6357 3420 6409 literis
3457 6358 3738 6426 scriptum:
3778 6357 4003 6410 MCLV.
4037 6360 4094 6409 in
4141 6358 4366 6410 kalenda·

886 6443 964 6507 (3)
1002 6441 1103 6494 M.:
1141 6458 1280 6509 erqo.
2593 6446 2656 6496 de
2693 6462 2881 6498 marzo
2915 6447 3130 6513 signato
3164 6445 3232 6497 D.
3272 6448 3378 6514 (Μ.)

888 6531 941 6596 (4
982 6536 1037 6584 et
1074 6534 1130 6598 5)
1170 6532 1274 6584 Sic.
2759 6537 2839 6602 (7)
2877 6536 2962 6588 Ex
3004 6538 3123 6589 cod.
3161 6538 3324 6589 vatic.
3365 6556 3418 6591 n.
3457 6542 3616 6605 6024,
3655 6539 3751 6592 fol.
3793 6543 3912 6606 152,
3950 6557 4038 6593 an.
4076 6537 4359 6590 MCLXII.

1031 6745 1167 6783 rou.
1205 6746 1269 6783 11.
4134 6740 4197 6790 21
