5542 7775
1170 625 1270 696 90
2744 645 3224 696 MoNUMEN'rA

1160 800 1554 886 predictam,
1602 800 1708 863 vel
1756 799 1912 864 alibi
1959 800 2385 885 ubicumque,
2434 801 2630 865 etiam
2677 800 2922 886 absque
2969 800 3231 865 licentia
3276 821 3390 864 scu
3437 800 3703 886 speciali
3748 801 4051 865 mandato
4102 801 4287 866 Sedis
4333 801 4622 887 ejusdem
4669 824 4802 868 mo-

1162 907 1295 971 rari
1340 907 1621 973 volueris
1668 929 1871 993 usque
1919 907 1996 970 ad
2048 907 2418 989 triennium,
2453 907 2822 992 hujusmodi
2868 907 3135 989 fructus,
3168 907 3456 972 redditus
3503 915 3568 972 et
3612 916 3982 995 proventuS,
4017 909 4203 973 dictis
4247 909 4803 974 distributionibus

1161 1015 1501 1080 dumtaxat
1547 1015 1855 1101 exceptis,
1904 1036 2051 1078 cum
2097 1036 2175 1079 ea
2223 1015 2593 1100 integritate
2640 1015 2992 1101 percipere,
3038 1036 3184 1078 cum
3233 1036 3361 1100 qua
3407 1014 3551 1079 illos
3598 1015 3965 1102 perciperes
4012 1016 4066 1080 si
4110 1017 4176 1080 in
4224 1017 4467 1081 eisdem
4513 1016 4801 1081 ecclesiis

1162 1123 1505 1205 residereS,
1555 1129 1619 1187 et
1667 1122 1748 1186 ad
1793 1121 2205 1186 residendum
2252 1121 2316 1185 in
2366 1122 2458 1186 eis
2505 1122 2763 1186 interim
2810 1121 3071 1186 minime
3127 1122 3438 1205 tenearis,
3487 1143 3604 1186 nec
3652 1123 3736 1186 ad
3782 1122 3847 1186 id
3895 1144 3935 1186 a
3981 1144 4305 1209 quoquam
4350 1124 4572 1188 valeas
4622 1145 4802 1189 coar-

1163 1231 1357 1295 ctari:
1392 1230 1751 1316 predictum
1796 1230 2060 1317 insuper
2106 1228 2385 1294 officium
2427 1230 2818 1316 impendere,
2852 1229 3337 1315 procurationes
3368 1230 3654 1316 recipere
3688 1252 3764 1295 ac
3795 1230 4110 1295 beneficia
4149 1231 4440 1317 predicta
4488 1232 4801 1314 conferre,

1157 1338 1350 1422 juxta
1398 1338 1731 1401 literarum
1778 1337 2212 1424 predictarum
2260 1343 2537 1420 tenores,
2586 1358 2790 1423 usque
2831 1336 2911 1400 ad
2960 1336 3201 1401 dictum
3248 1337 3596 1401 triennium
3642 1359 3759 1424 per
3812 1338 4182 1422 hujusmodi
4228 1359 4538 1425 personas
4602 1339 4802 1404 libere

1160 1445 1420 1527 valeas,
1471 1466 1597 1509 non
1647 1444 2051 1508 obstantibus
2100 1444 2608 1530 quibuscumque
2651 1443 3216 1508 constitutionibus
3264 1444 3676 1529 generalibus
3721 1452 3834 1509 aut
3880 1446 4266 1532 specialibus
4315 1468 4509 1532 super
4561 1446 4684 1511 hoc
4738 1447 4803 1510 in

1163 1553 1558 1618 contrarium
1605 1551 1815 1635 editis,
1850 1573 1964 1616 seu
2011 1551 2405 1637 quibuslibet
2446 1551 2702 1615 statutis
2735 1558 2800 1614 et
2833 1550 3403 1615 consuetudinibus
3437 1552 3773 1615 contrariis
3807 1552 4123 1617 dictarum
4156 1554 4594 1635 ecclesiarum,
4624 1555 4803 1638 jura-

1162 1666 1408 1741 mento,
1457 1659 1941 1723 confirmatione
1989 1658 2156 1723 dicte
2208 1657 2392 1723 Sedis
2439 1658 2543 1722 vel
2592 1678 2996 1743 quacumque
3057 1658 3359 1722 firmitate
3407 1658 3536 1722 alia
3583 1659 3937 1743 roboratis,
3986 1668 4098 1724 aut
4156 1660 4209 1723 si
4271 1660 4560 1726 locorum
4617 1660 4804 1725 Ordi-

1163 1768 1363 1832 nariis
1411 1766 1492 1830 ab
1541 1766 1768 1830 eadem
1816 1766 1899 1829 sit
1956 1764 2123 1830 Sede
2182 1786 2559 1830 concessum
2619 1764 2723 1829 vel
2785 1764 3041 1830 interim
3097 1764 3486 1830 concedatur
3548 1765 3719 1851 quod
3783 1766 3904 1852 ipsi
3963 1788 4274 1852 personas
4336 1776 4401 1832 et
4464 1768 4805 1833 canonicos

1163 1875 1454 1961 aliosque
1502 1873 1915 1939 beneficiatos
1963 1873 2380 1937 ecclesiarum
2428 1894 2692 1936 suarum
2740 1873 3072 1937 civitatum
3121 1880 3187 1937 et
3233 1872 3560 1937 diocesum
3620 1874 4006 1960 compellere
4069 1875 4316 1961 possint
4375 1897 4492 1961 per
4552 1876 4804 1940 subtra-

1164 1983 1441 2049 ctionem
1488 2003 1751 2046 suorum
1794 1987 2245 2068 proventuum,
2294 1987 2407 2045 aut
2454 1980 2617 2045 alias
2666 1980 2747 2044 ad
2795 1979 3206 2044 residendum
3253 1981 3680 2066 personaliter
3740 1982 3806 2045 in
3868 1981 4145 2064 eisdem,
4194 2004 4309 2046 seu
4369 1983 4426 2046 si
4489 1983 4804 2070 Capitulis

1163 2092 1481 2156 dictarum
1527 2089 1943 2155 ecclesiarum
1992 2088 2073 2152 ab
2121 2089 2349 2153 eadem
2396 2088 2478 2153 sit
2532 2088 2698 2154 Sede
2748 2088 3065 2152 indultum
3097 2088 3201 2151 vel
3234 2088 3490 2151 interim
3523 2088 3844 2174 indulgeri
3893 2089 4225 2175 contingat
4271 2090 4442 2175 quod
4489 2092 4801 2178 personis,

1164 2198 1490 2264 canonicis
1537 2203 1602 2262 et
1648 2196 2043 2261 beneficiatis
2092 2196 2378 2282 ipsarum
2425 2196 2844 2261 ecclesiarum
2893 2195 3160 2278 fructus,
3195 2194 3481 2259 redditus
3528 2202 3594 2260 et
3635 2203 3984 2282 proventus
4017 2206 4497 2282 personatuum,
4531 2199 4803 2284 preben-

1163 2306 1414 2389 darum,
1446 2304 1837 2390 dignitatum
1882 2312 1947 2367 et
1992 2304 2470 2386 beneficiorum,
2505 2325 2629 2388 que
2677 2304 2742 2366 in
2791 2303 2883 2367 eis
2933 2303 3251 2385 obtinent,
3286 2302 3652 2367 ministrare
3699 2303 3765 2366 in
3813 2305 4109 2368 absentia
4155 2304 4416 2369 minime
4463 2312 4805 2370 teneantur

1164 2422 1229 2478 et
1275 2411 1358 2476 ad
1406 2412 1470 2475 id
1516 2411 1814 2496 compelli
1860 2432 1988 2475 non
2038 2411 2288 2497 possint
2333 2432 2449 2496 per
2496 2411 2745 2475 litteras
2795 2410 3183 2496 apostolicas
3233 2432 3360 2475 non
3408 2410 3719 2475 facientes
3764 2411 4025 2497 plenam
4072 2418 4136 2475 et
4182 2433 4558 2497 expressam
4606 2434 4682 2477 ac
4725 2413 4803 2477 de

1162 2519 1362 2584 verbo
1410 2518 1493 2582 ad
1540 2518 1808 2582 verbum
1857 2518 1937 2582 de
1984 2517 2233 2582 indulto
2281 2517 2652 2602 hujusmodi
2697 2518 3110 2600 mentionem,
3151 2524 3215 2582 et
3262 2517 3655 2603 quibuslibet
3699 2518 4078 2603 privilegiiS,
4128 2517 4544 2604 indulgentiis
4592 2528 4655 2584 et
4701 2521 4803 2584 lit-

1164 2626 1319 2690 teris
1353 2624 1520 2689 dicte
1557 2623 1763 2706 Sedis,
1799 2645 2347 2710 quorumcumque
2393 2632 2690 2688 tenorum
2737 2624 3042 2705 existant,
3075 2645 3192 2710 per
3239 2645 3361 2709 que
3409 2624 3814 2710 presentibus
3861 2645 3987 2688 non
4036 2645 4345 2710 expressa
4384 2626 4489 2690 vel
4520 2627 4805 2691 totaliter

1163 2755 1292 2798 non
1342 2733 1619 2815 inserta,
1668 2731 1934 2796 effectus
1983 2731 2176 2816 hujus
2226 2739 2442 2795 nostre
2490 2730 2699 2816 gratie
2746 2731 3044 2818 impediri
3109 2730 3328 2795 valeat
3382 2731 3487 2795 vel
3535 2731 3812 2813 differri,
3859 2739 3924 2796 et
3970 2731 4049 2795 de
4112 2732 4344 2818 quibus
4409 2755 4806 2820 quorumque

1165 2839 1317 2904 totis
1363 2839 1695 2903 tenoribus
1742 2838 2041 2903 habenda
2089 2839 2172 2902 sit
2217 2838 2282 2901 in
2331 2839 2566 2903 nostris
2612 2838 2844 2902 litteris
2893 2839 3132 2902 mentio
3180 2839 3508 2925 specialis;
3556 2839 3814 2924 proviso
3863 2839 4034 2925 quod
4081 2839 4450 2924 hujusmodi
4496 2841 4810 2906 beneficia

1166 2947 1399 3011 debitis
1447 2946 1704 3010 interim
1752 2946 2075 3033 obsequiis
2124 2967 2253 3010 non
2299 2946 2682 3010 fraudentur
2727 2953 2792 3009 et
2839 2946 3201 3009 animarum
3249 2967 3405 3010 cura
3437 2946 3502 3010 in
3535 2946 3648 3029 eis,
3684 2947 3916 3032 quibus
3951 2947 4063 3009 illa
4096 2947 4406 3029 imminet,
4441 2948 4811 3013 nullatenus

1168 3053 1559 3139 negligatur.
1608 3053 1787 3117 Nulli
1837 3074 1993 3139 ergo
2042 3053 2300 3117 omnino
2348 3053 2678 3117 hominum
2726 3052 2920 3116 liceat
2966 3052 3134 3116 hanc
3181 3052 3489 3138 paginam
3534 3060 3751 3118 nostre
3800 3054 4229 3118 concessionis
4277 3054 4658 3140 infringere,
4707 3057 4809 3121 vel

1171 3162 1231 3226 ei
1280 3182 1443 3225 ausu
1490 3161 1832 3225 temerario
1880 3160 2235 3243 contrairc;
2269 3160 2323 3224 si
2357 3161 2498 3245 quis
2541 3166 2757 3224 autem
2791 3160 2910 3224 hoc
2946 3166 3265 3224 attentare
3296 3162 3779 3246 presumpserit,
3814 3161 4323 3247 indignationem
4356 3163 4812 3249 omnipotentis

1166 3269 1312 3351 Dei,
1346 3289 1422 3331 ac
1470 3268 1807 3332 beatorum
1854 3268 2033 3331 Petri
2082 3274 2146 3332 et
2193 3267 2384 3332 Pauli
2430 3267 2896 3353 Apostolorum
2942 3267 3080 3331 eius
3139 3289 3207 3331 se
3270 3268 3524 3331 noverit
3568 3268 3995 3333 incursurum.
4032 3269 4274 3333 Datum
4309 3269 4811 3356 Carpentoracte

1168 3377 1392 3462 quinto
1441 3375 1754 3439 kalendas
1801 3374 2189 3457 novembris,
2236 3374 2646 3461 pontificatus
2694 3374 2897 3439 nostri
2944 3395 3114 3439 anno
3164 3374 3408 3460 quinto.

2898 3732 3075 3797 LVI.

2664 3967 2860 4050 1309,
2908 3967 2996 4030 28
3042 3966 3312 4031 octobris.

1935 4201 2040 4265 Ex
2085 4208 2258 4266 tomo
2305 4198 2691 4263 LXXXIII.
2747 4198 2983 4263 Codicis
3028 4199 3277 4283 deplom.
3324 4199 3498 4283 bon„
3548 4221 3719 4264 num.
3767 4198 4047 4264 XLVII.

1351 4456 1647 4520 Clemens
1694 4454 1879 4539 Papa
1925 4451 2008 4516 V.
2034 4450 2114 4517 (1)
2162 4451 2416 4515 Dilecto
2464 4450 2633 4514 Filio
2680 4450 2947 4515 Decano
2994 4449 3283 4514 Ecclesie
3327 4449 3661 4534 Toletane,
3710 4471 3784 4515 ac
3832 4450 4260 4515 Bononiensis
4303 4456 4367 4513 et
4400 4450 4810 4514 Caturcensis

1170 4563 1684 4629 Archidiaconis.

1345 4671 1521 4735 Dum
1566 4670 1903 4733 literarum
1950 4667 2284 4732 scientiam
2333 4673 2397 4730 et
2443 4666 2574 4729 alia
2623 4665 2687 4729 in
2721 4672 2785 4729 te
2817 4665 3107 4750 ingentia
3139 4687 3409 4730 munera
3442 4666 3801 4751 gratiarum
3841 4666 4185 4750 diligenter
4217 4665 4628 4746 attendimus,
4663 4686 4809 4750 gra-

1168 4784 1363 4863 taque
1413 4777 1723 4862 obsequia
1772 4797 1894 4861 que
1944 4775 2026 4838 ab
2075 4774 2229 4838 olim
2277 4773 2428 4839 Sedi
2475 4772 2852 4859 Apostolice
2899 4773 3270 4859 impendisti
3316 4773 3558 4837 diutius
3616 4780 3682 4838 et
3740 4773 4057 4859 impendis
4118 4781 4389 4859 paterna
4447 4772 4812 4837 considera-

1166 4885 1342 4949 tione
1389 4905 1757 4970 pensamus,
1790 4882 2165 4968 Apostolico
2214 4888 2277 4945 te
2326 4880 2548 4944 favore
2597 4879 2865 4965 dignum
2907 4880 3333 4967 conspicimus
3381 4888 3446 4944 et
3491 4880 3906 4967 prerogativa
3952 4880 4159 4965 gratie
4206 4879 4573 4966 specialiter
4620 4879 4810 4943 attol-

1166 4992 1449 5057 lendum.
1497 4991 1762 5055 Dudum
1823 4990 2140 5076 siquidem
2205 5011 2289 5053 ex
2352 4995 2575 5053 tenore
2640 4994 2750 5051 tue
2813 4988 3140 5073 petitionis
3188 4989 3584 5074 accepimus,
3634 4979 3869 5052 felicis’
3900 4987 4361 5053 recordationis
4418 4987 4810 5052 Benedictus

1164 5100 1352 5187 Papa
1397 5098 1519 5164 XI.
1540 5149 1556 5182 ,
1591 5098 2009 5185 predecessor
2054 5105 2295 5179 noster,
2329 5096 2553 5160 volens
2600 5096 2719 5160 tibi
2765 5095 3046 5181 gratiam
3093 5095 3305 5159 facere
3355 5095 3722 5182 specialem,
3756 5094 3875 5158 tibi
3904 5117 4021 5181 per
4052 5094 4339 5158 diversas
4373 5094 4558 5158 duxit
4589 5094 4810 5158 literas

1166 5206 1671 5288 concedendum,
1712 5212 1784 5269 ut
1831 5204 2140 5291 quamdiu
2186 5205 2251 5268 in
2296 5203 2598 5268 Romana
2645 5202 2864 5286 Curia,
2897 5203 3000 5267 vel
3034 5202 3191 5267 alibi
3238 5202 3562 5289 obsequiis
3609 5202 3775 5267 dicte
3827 5201 4010 5267 Sedis
4057 5201 4136 5266 de
4183 5202 4384 5289 ipsius
4435 5201 4619 5266 Sedis
4667 5223 4810 5288 spe-

1166 5315 1314 5380 ciali
1378 5313 1684 5378 mandato
1744 5312 2106 5394 insisteres,
2154 5313 2437 5394 fructus,
2487 5311 2776 5375 redditus
2839 5318 2904 5374 et
2964 5317 3315 5396 proventus
3373 5310 3851 5396 prebendarum
3913 5316 3978 5373 et
4033 5309 4306 5374 aliorum
4353 5308 4810 5373 beneficiorum

1166 5430 1446 5502 tuorum,
1482 5442 1606 5506 que
1652 5427 1806 5483 tunc
1855 5418 2214 5500 obtinebas,
2248 5424 2313 5482 et
2358 5424 2422 5481 te
2471 5417 2762 5481 obtinere
2812 5416 3170 5502 contigeret
3217 5415 3282 5479 in
3330 5416 3639 5500 futurum,
3673 5416 3869 5481 etiam
3916 5416 3971 5480 si
4016 5423 4421 5502 personatus,
4455 5414 4559 5478 vel
4602 5413 4811 5499 digni-

1164 5536 1333 5594 tates
1380 5528 1767 5610 existerent,
1816 5534 1882 5591 et
1928 5547 2149 5590 curam
2195 5525 2557 5589 animarum
2602 5524 2919 5589 haberent
2967 5545 3113 5588 cum
3160 5544 3239 5588 ea
3300 5545 3522 5610 posses
3583 5524 3955 5609 integritate
4009 5522 4369 5609 percipere,
4418 5521 4808 5608 quotidianis

1166 5634 1728 5716 distributionibus
1791 5634 2130 5698 dumtaxat
2189 5633 2520 5720 exceptis,
2568 5654 2713 5697 cum
2758 5652 2888 5717 qua
2934 5630 3079 5696 illos
3126 5630 3493 5717 perciperes
3548 5631 3601 5694 si
3663 5631 3730 5694 in
3791 5630 4114 5712 ecclesiis,
4162 5630 4228 5692 in
4290 5630 4521 5715 quibus
4584 5628 4809 5692 eadem

1166 5745 1522 5809 existerent
1569 5742 1903 5824 beneficia,
1937 5740 2365 5828 personaliter
2411 5741 2761 5822 resideres;
2812 5739 3113 5825 quodque
3160 5739 3573 5821 monasteria,
3607 5738 3950 5825 prioratus,
3985 5737 4310 5818 ecclesias,
4345 5736 4630 5818 clericos,
4665 5757 4809 5821 per-

1038 5933 1043 5938 ,
1164 5873 1358 5918 sonas
1391 5858 1457 5916 et
1488 5850 1632 5915 loca
1665 5849 2122 5931 ecclesiastica,
2156 5848 2718 5913 archidiaconatus
2752 5846 3263 5930 Gualdafaiarie,
3291 5867 3483 5934 quem
3515 5846 3580 5910 in
3613 5847 3921 5927 toletana,
3955 5865 4031 5909 ac
4066 5844 4326 5908 abbatie
4359 5844 4439 5907 de
4470 5843 4808 5928 Lavauga,

1166 5981 1360 6046 quam
1408 5959 1473 6022 in
1521 5957 1856 6044 palentina
1900 5955 2210 6021 Ecclesiis
2259 5956 2532 6037 obtines,
2582 5977 2699 6041 per
2745 5955 3031 6040 aliquam
3078 5976 3193 6018 seu
3240 5954 3493 6040 aliquas
3536 5974 3847 6040 personas
3891 5952 4158 6018 idoneas
4205 5951 4489 6034 visitare,
4539 5971 4615 6014 ac
4662 5971 4810 6036 pro-

1164 6068 1569 6150 curationeS,
1618 6066 1868 6130 ratione
1917 6064 2307 6128 visitationis
2354 6063 2642 6146 debitas,
2692 6063 2758 6126 In
2807 6063 3082 6149 pecunia
3130 6070 3472 6126 numerata
3525 6061 3811 6147 recipere
3875 6061 4241 6125 moderatas
4289 6080 4329 6123 a
4376 6058 4806 6138 monasteriis,

1165 6174 1580 6263 prioratibus,
1615 6172 1924 6255 ecclesiiS,
1958 6172 2273 6258 personis,
2322 6170 2573 6236 clericis
2621 6176 2686 6235 et
2730 6169 2891 6234 locis
2939 6169 3391 6234 ecclesiasticis
3441 6168 3656 6233 taliter
3701 6167 3999 6251 visitatis,
4048 6188 4166 6232 nec
4212 6188 4342 6231 non
4387 6187 4504 6252 per
4550 6164 4810 6229 easdem

1325 6514 1404 6581 (1)
1442 6512 1527 6564 Ex
1565 6512 1704 6582 Reg.
1742 6512 1872 6564 anni
1910 6512 2087 6581 quinti
2127 6510 2427 6564 Clementis
2466 6509 2564 6577 V„
2605 6526 2692 6579 ep.
2731 6513 2854 6576 754,
2891 6508 2986 6561 fol.
3030 6512 3148 6562 190.
