5542 7775
2148 679 2529 730 APPENDIX
2582 680 2886 732 ALTERA

674 851 793 916 pro
843 828 1024 895 lucro
1069 830 1329 911 habeat,
1366 838 1431 896 et
1468 837 1674 897 totum
1715 832 2087 919 dampnum,
2122 832 2291 918 quod
2330 854 2444 897 va-

676 936 826 1001 leat.
878 935 1006 1001 Sed
1061 938 1459 1025 respondeo:
1516 939 1782 1004 arbitrio
1823 939 2059 1024 judicis
2121 939 2243 1004 hoc
2293 938 2444 1003 diri·

673 1043 1013 1128 mendum,
1061 1052 1134 1109 ut
1189 1052 1680 1131 argumentatur
1727 1067 1924 1132 supra
1968 1046 2194 1111 eodem
2243 1046 2299 1110 si
2344 1067 2444 1111 so·

675 1150 1061 1235 cietate[m];
1111 1152 1238 1229 vel,
1286 1152 1343 1216 si
1386 1153 1505 1237 vis,
1553 1152 1676 1218 hoc
1738 1153 1956 1218 valere
1983 1153 2061 1219 (1)
2108 1175 2311 1239 usque
2359 1152 2443 1217 ad

673 1267 803 1324 tres
851 1266 1091 1346 partes,
1139 1260 1243 1324 vel
1289 1260 1472 1344 duas,
1522 1282 1652 1326 non
1705 1261 1914 1345 ultra3
1962 1282 2113 1326 nam
2160 1262 2251 1325 sie
2299 1259 2441 1347 figit

672 1366 792 1431 hec
837 1366 950 1430 lex
994 1388 1143 1431 suos
1190 1366 1408 1453 pedeS,
1459 1374 1532 1432 ut
1576 1368 1642 1432 in
1688 1368 2004 1455 principio
2053 1369 2153 1432 sui
2198 1367 2373 1433 dicit.

798 1472 878 1537 In
923 1472 967 1537 l.
1002 1472 1276 1539 Mucius.
1316 1474 1544 1562 Neque
1590 1476 1842 1541 lucrum
1874 1476 2276 1561 intelligatur
2316 1474 2440 1539 nisi

672 1580 846 1645 omni
900 1580 1181 1667 dampno
1244 1581 1559 1648 deducto:
1608 1582 1737 1648 Hic
1799 1582 1879 1648 de
1940 1582 2221 1669 dampno
2283 1602 2437 1647 casu

671 1686 1008 1770 accidenti,
1057 1709 1242 1753 secus
1285 1689 1340 1753 si
1380 1690 1593 1776 culpa,
1627 1690 1778 1775 quia
1810 1697 1962 1755 tunc
1994 1712 2124 1755 non
2157 1711 2440 1756 commu-

674 1794 946 1877 nicatur,
979 1796 1174 1861 immo
1206 1803 1551 1883 prestatur,
1585 1805 1658 1862 ut
1689 1818 1885 1884 supra
1918 1798 2145 1862 eodem
2184 1819 2311 1862 non
2355 1797 2438 1863 ob

671 1924 839 1967 eam.
874 1903 1031 1968 Acc.

1424 2216 1684 2282 XVIII.

799 2447 868 2512 E
911 2447 1145 2531 Codice,
1181 2451 1289 2534 qui
1332 2448 1726 2514 inscribitur:
1758 2448 2025 2513 Summa
2054 2449 2440 2514 Dictaminis

674 2555 968 2641 magistri
1016 2555 1331 2620 Guidonis
1378 2556 1557 2621 Fabe
1595 2557 1681 2621 ad
1727 2555 1929 2621 XIII.
1961 2558 2269 2622 saeculum
2289 2578 2439 2642 per·

673 2665 900 2727 tinente
939 2670 993 2727 et
1024 2665 1132 2748 qui
1176 2662 1445 2727 exstabat
1498 2662 1757 2729 Tuderti
1800 2666 1866 2728 in
1900 2663 2268 2729 Bibliotheca
2297 2685 2440 2729 san-

666 2773 746 2836 cti
792 2769 1143 2854 Fortunati,
1175 2771 1386 2835 eduxit
1431 2769 1821 2836 Fattorinius
1861 2772 2172 2856 formulas
2218 2774 2437 2837 inscri-

667 2879 892 2963 ptionis
930 2866 1309 2942 litterarum.
1365 2877 1521 2942 Cum
1552 2881 1649 2942 vir
1678 2880 1752 2944 cl.
1786 2880 2109 2965 Auqustus
2144 2879 2440 2944 Gauden-

670 2988 795 3050 tius
826 2985 904 3050 (2)
956 2993 1203 3070 partem
1272 2985 1579 3050 Gnidonis
1643 2985 1851 3052 Fabae
1917 3008 2250 3072 operarum
2314 2989 2442 3051 iam

671 3093 951 3158 edidisset
996 3100 1050 3157 et
1093 3100 1360 3158 caeteras
1404 3095 1473 3156 in
1517 3094 1711 3158 lucem
1765 3094 2130 3179 proditurus
2174 3097 2286 3178 sit,
2332 3115 2442 3159 nos

664 3201 761 3265 hic
809 3221 965 3285 quae
1010 3198 1398 3264 Fattorinius
1441 3199 1609 3265 dedit
1641 3203 2214 3286 praetermittimus.

1465 3475 1652 3540 XIX.

792 3710 967 3776 Huic
1034 3731 1292 3775 numero
1357 3711 1737 3797 assiqnanda
1803 3711 1983 3775 duxit
2046 3711 2436 3777 Fattorinius

668 3826 946 3905 excerpta
993 3840 1066 3884 ex
1110 3819 1366 3904 antiquo
1411 3818 1607 3883 codice
1658 3817 2113 3884 membranaceo
2159 3821 2437 3884 existenti

668 3930 733 3992 in
781 3927 1024 3992 archivo
1076 3929 1507 3991 canonicorum
1558 3929 1755 3991 sancti
1802 3926 1974 3991 Petri
2026 3927 2260 3992 Romae
2318 3927 2433 3992 sub

668 4057 733 4099 n.
762 4034 867 4118 13,
893 4035 984 4098 lit.
1009 4032 1102 4117 H,
1132 4035 1309 4098 cuius
1338 4034 1585 4098 titulus:
1616 4033 1855 4099 Forma
1884 4033 2253 4099 Literarum
2286 4034 2437 4100 Sco-

673 4143 1048 4207 lasticarum
1093 4141 1245 4206 idest
1287 4139 1641 4206 Rhetorica
1677 4142 1944 4227 antiqua
1982 4141 2442 4229 Boncompaqni

671 4250 1007 4333 florentini,
1038 4249 1234 4330 cuius,
1256 4256 1395 4332 post
1438 4248 1624 4331 hunc,
1663 4269 1789 4313 non
1820 4251 2018 4334 pauci
2059 4250 2174 4314 alii
2216 4250 2442 4314 codices

676 4358 906 4421 inventi
940 4362 1105 4420 sunt.
1155 4353 1403 4419 Sartius
1445 4356 1611 4420 hunc
1656 4377 1990 4421 numerum
2020 4355 2244 4421 nullibi
2276 4356 2438 4420 indi-

802 5743 882 5808 (1)
929 5739 1023 5792 Vel
1056 5741 1236 5792 verius
1270 5740 1367 5793 hoc
1403 5741 1539 5794 valet
1574 5741 1632 5793 in
1671 5740 1760 5793 Gl.

801 5834 879 5898 (2)
920 5832 976 5883 Il
1008 5832 1436 5899 Propuynatore,
1460 5833 1736 5901 periodioo
1761 5832 2096 5886 bimestrale.
2122 5832 2317 5885 Nuova
2353 5849 2439 5885 se·

677 5922 775 5987 rie,
812 5921 920 5973 vol.
958 5921 1094 5987 111.,
1133 5921 1268 5974 fasc.
1310 5925 1394 5988 15,
1435 5924 1532 5989 183
1569 5923 1676 5974 vol.
1716 5921 1813 5988 V„
1851 5922 1986 5976 fasc.
2026 5925 2209 5988 25-26,
2248 5925 2439 5989 28-293

678 6011 785 6063 vol.
809 6009 937 6076 VL,
975 6010 1110 6064 fasc.
1150 6014 1216 6063 88
1257 6027 1286 6063 e
1327 6014 1413 6063 86.

803 6101 882 6167 (3)
919 6099 1261 6166 Breifsteller
1296 6101 1411 6151 und
1445 6101 1839 6166 formelbiicher
1873 6103 1964 6153 des
1988 6101 2172 6167 eilften
2198 6101 2281 6152 bis
2304 6102 2441 6153 cier-

676 6188 900 6241 sehasen
924 6188 1330 6255 jahrhunderts
1365 6189 1649 6242 bearbea’tet
1675 6207 1771 6243 von
1807 6191 2040 6258 Ludwig]
2061 6190 2393 6258 Bocchinqer
2416 6218 2440 6230 -

678 6279 926 6331 Munster
963 6282 1105 6331 1863
1141 6307 1165 6319 -
1202 6280 1308 6332 vol.
1346 6279 1425 6346 1.,
1462 6297 1589 6350 pag.
1631 6283 1883 6333 182-188.

803 6369 882 6434 (4)
920 6369 986 6420 In
1016 6370 1140 6421 coll.
1166 6368 1429 6422 Statutor.
1456 6386 1597 6438 quae
1624 6369 1822 6423 dicitur
1847 6370 1975 6422 anni
2007 6373 2162 6437 1289,
2188 6371 2244 6423 in
2271 6370 2441 6424 Arch.

678 6458 824 6512 Max.
849 6459 1001 6525 bon.,
1026 6458 1121 6511 lib.
1149 6457 1306 6511 VIII.
1323 6498 1339 6525 ‚
1364 6474 1412 6513 c.
1442 6462 1543 6511 104
1567 6476 1619 6511 v.
1645 6462 1701 6512 et
1737 6462 1836 6512 105
1864 6477 1906 6513 r.
1935 6464 1990 6513 et
2015 6477 2065 6512 v.
2089 6489 2157 6498 —
2187 6460 2269 6514 De
2296 6477 2440 6513 anno

677 6548 838 6601 huius
865 6548 1206 6601 collectionis
1231 6547 1332 6601 cfr.
1359 6547 1746 6615 Gaudentium,
1764 6565 1853 6619 op.
1874 6548 2019 6601 infra
2039 6549 2158 6617 cit.,
2176 6567 2301 6620 pag.
2322 6553 2442 6603 119.

912 6811 1050 6851 '1⁸01-
1089 6812 1155 6851 11.

4177 663 4327 737 305

2573 837 2728 900 cavit
2745 859 2770 919 ,·
2812 836 2919 900 sed
2962 835 3302 901 arbitratus
3357 844 3442 902 est
3486 836 3874 904 Fattorinius
3931 841 4342 908 clarissimum

2572 943 2778 1006 virum
2811 941 2903 1005 M.
2941 941 3218 1006 Sartium
3239 946 3620 1028 propositum
3653 944 3767 1009 sibi
3790 946 3986 1030 fuisse
4021 948 4097 1013 de
4125 949 4340 1015 huius·

2568 1050 2735 1113 modi
2762 1050 2960 1114 codice
2988 1051 3157 1135 loqui
3187 1053 3346 1114 inter
3375 1051 3699 1137 tlzeoloyiae
3733 1052 4150 1140 Professores,·
4192 1055 4340 1122 Fat-

2567 1157 2834 1220 torinius
2879 1177 3019 1220 vero
3063 1156 3304 1241 ibidem,
3339 1180 3489 1243 paq.
3539 1161 3757 1224 scilicet
3804 1162 3956 1244 629,
3987 1171 4163 1247 part.
4206 1163 4340 1250 IL,

2566 1269 2708 1327 tom.
2751 1262 2809 1327 Ι.
2831 1313 2849 1348 ,
2880 1264 3136 1329 codicem
3184 1265 3480 1348 laudavit,
3520 1268 3916 1354 eumdemque
3960 1291 4338 1357 anonymum

2566 1369 2743 1434 dixit.
2793 1371 2892 1437 De
2936 1370 3407 1458 Boncompaqno
3457 1381 3692 1460 autem,
3738 1376 3954 1441 celebri
4007 1381 4072 1443 in
4127 1381 4341 1447 scholis

2566 1479 2796 1542 nostris
2868 1477 3308 1544 hunmniorum
3381 1481 3706 1546 literarum
3770 1483 4124 1570 Professore
4143 1538 4160 1571 ,
4207 1490 4341 1555 vide

2554 1592 2726 1668 part.
2752 1583 2811 1649 Ι.
2832 1635 2850 1668 ,
2873 1592 3012 1650 tom.
3039 1585 3095 1651 Ι.
3116 1608 3295 1672 ,paq
3325 1588 3474 1651 602.
3511 1586 3803 1666 Quamvis
3834 1595 3996 1656 enim
4029 1615 4103 1657 ex
4119 1598 4338 1679 prima

2566 1692 2784 1756 cod-icis
2816 1695 3078 1778 payina‚
3127 1715 3282 1780 quae
3321 1696 3522 1780 ferme
3558 1700 3752 1765 deleta
3800 1708 3911 1784 est,
3956 1709 4172 1766 auctor
4213 1725 4339 1767 non

2553 1806 2790 1884 pateat,
2817 1802 3134 1866 innotescit
3164 1811 3368 1870 tamen
3403 1827 3478 1871 ex
3496 1829 3647 1893 paq.
3677 1808 3782 1891 18,
3811 1809 3916 1884 19,
3942 1810 4028 1872 20
4057 1811 4336 1896 aliisque.

2575 1906 2793 1972 Totum
2824 1930 2975 1995 opus
3014 1910 3314 1976 tributum
3347 1921 3432 1979 est
3462 1917 3528 1979 in
3557 1936 3663 1980 sex
3691 1916 3876 1981 libros
3885 1941 3908 2001 ;
3936 1919 4169 2003 sinyuli
4200 1941 4338 1984 vero

2566 2014 2710 2080 libri
2740 2019 2807 2080 in
2838 2020 3045 2083 titulos
3075 2019 3462 2087 dividuntur.
3490 2023 3680 2088 Initio
3710 2026 3776 2089 in
3809 2026 4038 2112 dialoyi
4065 2027 4339 2110 formam

2565 2130 2651 2188 est
2679 2125 2995 2209 scriptum.
3032 2126 3395 2213 Discipnlus
3424 2137 3479 2195 et
3511 2133 3798 2216 mayister
3825 2154 3889 2197 se
3906 2134 4209 2218 produnt.
4236 2135 4336 2200 De

2565 2229 2749 2295 bestia
2798 2233 3066 2316 quadam
3115 2244 3450 2301 monstrosa
3497 2239 3693 2303 multa
3728 2239 3815 2303 ad
3857 2242 4064 2305 stilum
4098 2263 4338 2327 compa-

2564 2337 2840 2402 randum
2886 2349 3282 2425 exponuntur
3309 2346 3546 2427 petenti
3590 2346 3909 2431 discipulo,

2692 2445 3170 2533 Paraqrapkum-
3213 2454 3512 2536 primum,
3543 2475 3582 2516 a
3616 2452 3993 2540 Roechinyer
4039 2458 4164 2520 iam
4209 2458 4335 2521 edi·

2566 2562 2699 2619 tum
2723 2556 2824 2639 (3),
2870 2558 3248 2642 ademimus,
3294 2580 3404 2625 nec
3454 2561 3790 2625 secundum
3847 2562 3944 2627 hic
3990 2565 4337 2648 producere

2565 2664 2716 2727 utile
2740 2667 3123 2748 putavimus,
3155 2687 3303 2731 nam
3343 2669 3439 2731 vir
3478 2669 3551 2732 cl.
3586 2670 3908 2755 Auyustus
3944 2670 4336 2736 Gaudentius

2565 2792 2717 2856 (nius
2746 2779 2935 2836 totum
2969 2772 3360 2839 Rhetoricae
3394 2775 3698 2862 antiquae
3744 2798 3806 2841 se
3842 2776 4007 2842 brevi
4037 2778 4338 2844 daturum

2554 2880 2871 2963 pollicitus
2916 2888 3018 2945 est.

3372 3169 3523 3234 XX.

2686 3384 2877 3449 Dedit
2915 3385 3011 3450 hic
3043 3384 3427 3449 Faltorinius
3459 3394 3734 3470 excerpta
3771 3385 4172 3451 Statutorum
4204 3386 4331 3451 Po-

2562 3491 2701 3578 puli
2743 3492 3100 3574 Bononiae,
3135 3515 3290 3579 quae
3333 3494 3419 3556 ad
3452 3493 3683 3557 scholas
3721 3503 3960 3558 nostras
3990 3496 4324 3579 pertinent.

2567 3599 2795 3664 Varias
2837 3599 3127 3665 habemus
3157 3602 3225 3664 in
3247 3601 3443 3664 Archi
3449 3622 3512 3664 co
3545 3623 3709 3665 max.
3734 3600 3951 3667 bonon.
3975 3601 4330 3684 hujusmodi

2558 3715 2926 3773 statutorum
2974 3709 3442 3793 compilationes,
3485 3716 3553 3772 ut
3603 3717 3829 3792 cocant,
3860 3710 3967 3774 sed
3998 3710 4329 3794 plerasque

2560 3836 2832 3899 mancas,
2860 3818 3229 3902 praesertim
3275 3818 3667 3902 antiquiores.
3701 3815 3921 3903 Itaque
3956 3818 4159 3903 seleqit
4195 3815 4328 3880 Col·

2561 3926 2837 3989 lectiones
2880 3926 3039 3988 aviiii
3075 3923 3339 3988 MCGL.
3374 3931 3430 3989 et
3458 3925 3670 4007 aliam,
3703 3946 3859 4009 quae
3897 3925 4127 3988 dicitur
4170 3926 4329 3988 anni

2565 4030 3030 4096 MGCLXXX
3041 4031 3225 4095 VIII.
3253 4030 3353 4114 (4),
3389 4039 3585 4116 utpote
3609 4033 3933 4116 pleniores,
3964 4032 4193 4096 additis
4234 4039 4326 4095 ta-

2564 4160 2703 4204 men
2746 4138 2974 4203 alicubi
3005 4138 3383 4203 variantibus
3412 4160 3487 4203 ex
3514 4139 3657 4203 aliis
3681 4138 4119 4203 collectionibus
4135 4160 4326 4224 prae-

2565 4248 2907 4313 cedentium
2949 4267 3281 4311 annorum.
3333 4246 3455 4310 Sed
3501 4248 3635 4329 ista,
3675 4266 3814 4310 cum
3861 4247 3987 4309 iam
4030 4245 4121 4309 bis
4165 4246 4326 4310 edita

2567 4358 2691 4420 sint
2707 4355 2809 4438 (5),
2831 4356 2929 4420 hic
2972 4376 3360 4441 nequaquam
3407 4354 3560 4419 dare
3603 4374 3914 4418 curamus.

2692 5743 2770 5808 (5)
2810 5742 3053 5795 Monam.
3091 5745 3176 5793 ist.
3203 5741 3499 5808 pertinenti
3522 5740 3631 5792 alle
3644 5740 3922 5807 provincie
3945 5741 4007 5791 di
4029 5739 4330 5806 Romaqna,

2564 5833 2704 5882 serie
2740 5830 2822 5897 1.,
2861 5833 3063 5883 Statuti
3097 5832 3159 5882 di
3193 5829 3436 5897 Boloyna
3465 5846 3569 5897 per
3603 5846 3738 5880 cura
3773 5830 3835 5881 di
3869 5829 3935 5881 L.
3963 5829 4130 5881 Frati
4163 5858 4187 5868 -
4223 5828 4327 5881 Bo·

2564 5920 2745 5986 loyna,
2769 5921 2941 5988 Reyia
2989 5921 3104 5989 Tip.
3145 5922 3474 5985 1869-1884,
3509 5920 3585 5972 ΙΙ.
3611 5920 3717 5972 vol.
3743 5937 3798 5989 p.
3826 5922 4009 5985 22-29,
4045 5919 4140 5971 lib.
4168 5918 4294 5970 VII.
4313 5958 4327 5983 ‚

2567 6009 2713 6062 rubr.
2750 6010 3029 6076 V.-XV1.;
3069 6013 3149 6063 et:
3189 6010 3389 6061 Statuti
3423 6010 3557 6061 delle
3602 6008 3906 6060 Universitd
3942 6024 3969 6060 e
4004 6010 4094 6060 dei
4131 6008 4332 6073 Colleyi

2565 6099 2705 6152 dello
2742 6099 2934 6152 Studio
2970 6098 3258 6165 Boloynese
3287 6099 3588 6166 pubblicati
3621 6099 3694 6149 da
3723 6097 3889 6150 Carlo
3915 6098 4212 6163 Malaqola,
4238 6115 4326 6166 op.

2566 6189 2695 6255 eit„
2732 6207 2858 6259 pag.
2901 6193 3021 6254 153,
3073 6192 3193 6255 156,
3255 6192 3373 6254 158,
3428 6191 3680 6254 126-127,
3722 6191 3822 6241 153
3862 6205 3913 6239 n.
3959 6192 4004 6254 1,
4045 6191 4166 6254 149,
4209 6191 4328 6252 158,

2571 6283 2691 6345 160,
2714 6282 2835 6346 164,
2853 6283 2972 6346 165,
2996 6282 3095 6332 166
3124 6284 3180 6333 et
3204 6279 3372 6333 etiam
3391 6279 3627 6348 Augusti
3653 6277 3975 6331 Gaudentii:
4006 6277 4102 6330 Gli
4124 6278 4332 6329 amiciti

2567 6369 2769 6423 Statuti
2791 6370 2878 6422 del
2897 6368 3130 6422 Comune
3154 6370 3216 6421 di
3232 6368 3474 6436 Boloyna
3499 6371 3715 6422 intorno
3737 6368 3849 6421 allo
3873 6367 4078 6431 Studio,
4098 6368 4172 6420 in:
4195 6366 4327 6419 Bul-

2566 6460 2750 6513 lettino
2786 6458 3144 6512 dell’Istituto
3180 6459 3385 6512 Stoi-ico
3420 6457 3681 6523 Italiam,
3708 6460 3866 6522 1888,
3903 6474 3957 6509 n.
3983 6460 4035 6523 6,
4070 6474 4198 6527 pag.
4229 6460 4326 6509 117

2568 6567 2603 6603 a
2643 6553 2763 6603 187.

4099 6803 4167 6853 89
