5542 7775
1302 619 1403 690 20
1994 644 2473 696 MONUMENTA
2520 645 2980 698 SPECTAN'HA
3029 649 3131 698 AD
3184 650 3634 702 ACADEMIAM
3687 651 4216 705 BONONIENSEM

3069 1016 3160 1084 X.

2745 1231 2940 1314 1301,
2987 1233 3075 1295 22
3121 1231 3479 1297 novembris.

2472 1443 2578 1508 Ex
2624 1444 2853 1510 codem
2897 1452 3091 1529 tomo,
3141 1467 3315 1511 num.
3361 1446 3746 1512 XXXXIV.

1645 1659 1693 1744 [
1713 1658 1789 1723 Ut
1834 1659 2225 1724 bononienses
2270 1680 2346 1724 ea·
2389 1661 2579 1724 variis
2623 1659 2928 1725 Aemiliae
2969 1660 3113 1724 locis
3156 1668 3521 1726 commeatus
3563 1664 3628 1726 in
3695 1661 3934 1744 Urbem,
3979 1665 4216 1728 ratione
4255 1669 4583 1750 yymuasii,

2593 1774 2970 1851 comportare
3002 1788 3181 1852 posse
3225 1769 3577 1833 decernitur
3573 1767 3641 1851 ].

1476 1978 1854 2044 Bonifacins
1901 1979 2243 2066 episcopus
2289 2000 2514 2044 servus
2556 2001 2891 2045 servorum
2921 1979 3047 2044 Dei
3072 1979 3176 2063 (1),
3206 1979 3456 2044 dilectis
3502 1981 3651 2045 filiis
3683 1981 4145 2067 Potestatibus,
4177 1983 4584 2067 Rectoribus,
4619 1984 4918 2050 Consiliis

1296 2094 1364 2152 et
1411 2085 1997 2152 Communitatibus
2048 2086 2567 2170 ravennatensis,
2617 2088 2965 2152 cerviensis
3011 2095 3076 2152 et
3122 2088 3527 2152 ariminensis
3574 2089 3944 2174 civitatum,
3991 2111 4068 2156 ac
4114 2091 4310 2155 castri
4354 2091 4647 2178 Argente
4693 2114 4922 2158 raven·

1296 2194 1585 2259 natensis
1632 2193 1964 2276 dioecesis,
2013 2215 2132 2259 nec
2178 2215 2306 2259 non
2354 2202 2419 2258 et
2451 2195 2726 2258 aliarum
2761 2216 3312 2281 quarumcumque
3358 2195 3711 2279 civitatum,
3760 2205 4117 2262 castrorum
4161 2205 4228 2262 et
4273 2199 4561 2263 locorum
4604 2220 4722 2286 per
4763 2199 4921 2265 Pro-

1296 2303 1575 2367 vinciam
1622 2302 2008 2367 Romaniole
2057 2302 2449 2384 constitutis,
2498 2302 2791 2367 Ecclesie
2838 2324 3101 2368 romane
3146 2303 3466 2387 fidelibus,
3511 2303 3594 2368 ad
3642 2325 3802 2390 quos
3848 2306 4034 2370 litere
4079 2306 4199 2370 iste
4244 2307 4678 2392 pervenerint.

1477 2409 1975 2475 Considerantes
2035 2409 2283 2474 sincere
2341 2409 2702 2475 devotionis
2751 2409 3076 2494 affectum,
3123 2432 3249 2497 quo
3296 2411 3513 2476 dilecti
3558 2411 3677 2496 filij
3725 2412 4097 2477 Communis
4141 2412 4569 2478 Bononiensis
4624 2436 4664 2478 a
4708 2415 4921 2501 longis

1296 2518 1636 2583 retroactis
1693 2518 2093 2604 temporibus
2166 2538 2325 2603 erga
2387 2538 2721 2582 romanam
2784 2517 3117 2582 ferverunt
3175 2518 3537 2583 Ecclesiam
3598 2528 3664 2584 et
3724 2520 4074 2606 apostolice
4138 2519 4289 2584 Sedi
4312 2570 4328 2603 ,
4377 2521 4556 2585 velut
4608 2523 4800 2586 matri
4858 2531 4924 2587 et

1296 2625 1588 2708 domine,
1639 2624 2034 2689 adheserunt
2089 2625 2451 2689 reverentia
2507 2625 2723 2708 filiali,
2771 2625 2944 2711 ipsos
2999 2647 3127 2690 non
3196 2626 3509 2690 immerito
3571 2632 3844 2713 paterna
3904 2626 4245 2692 dilectione
4306 2628 4791 2715 complectimur
4855 2638 4923 2694 et

1299 2740 1614 2820 quantum
1657 2753 1802 2796 cum
1844 2731 1985 2796 Deo
2018 2753 2378 2818 possumus,
2414 2732 2689 2797 libenter
2731 2732 3075 2796 annuimus
3123 2733 3538 2820 petitionibus
3584 2733 3975 2798 eorumdem.
4026 2734 4197 2799 Sane
4244 2757 4361 2822 pro
4406 2743 4591 2821 parte
4637 2736 4922 2823 ipsorum

1297 2840 1421 2904 fuit
1467 2840 1651 2904 nobis
1697 2839 2026 2903 humiliter
2073 2839 2539 2926 supplicatum,
2589 2845 2661 2902 ut
2706 2861 2852 2904 cum
2898 2861 3123 2904 eorum
3169 2840 3396 2904 civitas
3419 2890 3435 2923 ,
3481 2847 3616 2904 tam
3671 2862 3789 2927 pro
3852 2862 4114 2906 suorum
4175 2841 4585 2908 multitudine
4650 2844 4923 2927 civium,

1299 2967 1496 3033 quam
1542 2946 1935 3011 scholarium
1982 2946 2161 3011 illam
2209 2947 2628 3011 incolentium
2673 2947 2924 3011 ratione
2971 2946 3250 3032 vigentis
3282 2947 3442 3011 inibi
3472 2947 3668 3012 studii
3699 2948 4022 3033 generalis
4053 2970 4130 3013 ac
4162 2949 4436 3013 aliorum
4467 2951 4925 3015 confluentium

1300 3054 1385 3119 ad
1430 3053 1725 3118 eamdem
1777 3054 2169 3118 victualibus
2216 3060 2283 3118 et
2330 3054 2474 3117 aliis
2522 3053 2952 3119 mercimoniis
2998 3062 3218 3139 egeat,
3266 3055 3506 3142 illaque
3555 3076 3665 3119 eos
3711 3063 4005 3142 oporteat
4049 3056 4116 3120 in
4161 3057 4392 3121 vestris
4439 3064 4504 3121 et
4550 3057 4695 3121 aliis
4741 3057 4929 3123 terris

1299 3183 1513 3226 emere
1562 3168 1628 3225 et
1672 3160 1756 3225 ad
1805 3161 2124 3248 prefatam
2172 3182 2357 3225 suam
2401 3161 2720 3226 adducere
2769 3161 3118 3245 civitatem,
3152 3162 3405 3227 emendi
3453 3183 3532 3226 ea
3563 3162 3629 3226 in
3661 3163 3849 3227 terris
3880 3163 4138 3246 vestris,
4172 3170 4236 3228 et
4269 3163 4410 3250 ipsa
4441 3185 4516 3228 ac
4549 3164 4679 3228 alia
4710 3173 4926 3252 empta

1299 3268 1573 3333 ubilibet
1618 3267 1953 3332 deferendi
1984 3275 2049 3332 et
2081 3267 2513 3332 transferendi
2545 3290 2660 3355 per
2706 3274 2934 3351 terras,
2967 3289 3170 3355 aquas
3216 3276 3281 3333 et
3326 3277 3548 3356 portus
3595 3291 3669 3334 ac
3719 3268 4044 3334 districtus
4089 3278 4338 3335 vestros
4385 3292 4500 3358 per
4546 3293 4615 3335 se
4661 3272 4766 3336 vel
4813 3294 4928 3359 per

1299 3375 1483 3458 alios,
1531 3375 1624 3440 eis
1671 3375 2003 3440 licentiam
2050 3374 2400 3440 concedere
2447 3375 2884 3461 dignaremur,
2932 3374 3067 3440 Nos
3115 3383 3351 3459 antem,
3398 3376 3768 3441 eorumdem
3814 3377 4389 3463 supplicationibus
4436 3378 4747 3461 inclinati,
4782 3401 4925 3466 pre-

1296 3482 1521 3566 fatam,
1570 3482 1738 3547 sicnt
1783 3483 2198 3569 premittitur,
2246 3482 2536 3566 emendi,
2584 3481 2950 3565 deferendi,
2999 3503 3115 3547 seu
3160 3483 3610 3566 transferendi,
3650 3505 3852 3570 nsque
3900 3483 3980 3548 ad
4031 3493 4245 3550 nostre
4291 3485 4767 3572 beneplacitum
4817 3509 4924 3552 vo-

1296 3590 1585 3672 luntatis,
1621 3589 1749 3654 illis
1788 3589 2118 3654 licentiam
2167 3590 2469 3654 duximus
2511 3589 3007 3655 concedendam.
3042 3589 3361 3664 Quocirca
3397 3590 3820 3655 Universitati
3867 3598 4079 3655 vestre
4123 3613 4240 3678 per
4286 3592 4639 3679 apostolica
4685 3594 4926 3680 scripta

1297 3697 1715 3780 mandamns,
1766 3705 2085 3784 quatenus
2132 3697 2392 3762 eosdem
2439 3697 2867 3763 bononienses
2913 3699 2978 3762 in
3026 3698 3215 3764 terris
3257 3698 3487 3763 vestris
3533 3718 3746 3762 emere
3794 3705 3859 3762 et
3905 3697 4077 3785 ipsos
4138 3720 4214 3763 ac
4277 3699 4438 3764 alios
4498 3699 4749 3765 deferre
4810 3722 4925 3765 seu

1292 3805 1646 3869 transferre
1696 3803 1993 3870 Bononie
2043 3826 2296 3892 queque
2342 3805 2650 3869 victualia
2698 3814 2761 3871 et
2808 3805 3224 3871 mercimonia
3269 3812 3403 3869 tam
3449 3805 3513 3868 in
3561 3805 3715 3892 ipsis
3751 3805 3938 3869 terris
3979 3806 4229 3890 vestris,
4265 3828 4458 3893 qnam
4498 3807 4653 3872 alibi
4685 3815 4922 3895 empta,

1294 3934 1410 4000 per
1455 3919 1684 3994 terras,
1719 3932 1944 4000 aquas,
1981 3919 2202 3999 portus
2253 3934 2329 3978 ac
2376 3913 2704 3977 districtus
2736 3921 2985 3980 vestros
3030 3913 3317 4001 prefatos
3363 3913 3565 3977 libere
3597 3933 3672 3977 ac
3704 3913 3968 3999 pacifice
4001 3913 4138 3977 sine
4172 3914 4674 3980 contradictione
4707 3916 4926 4002 aliqua

1292 4019 1701 4106 permittatis.

1474 4125 1720 4191 Datum
1767 4126 2078 4191 Laterani
2124 4126 2210 4191 X.
2262 4127 2577 4191 kalendas
2625 4127 3004 4212 decembris,
3053 4127 3462 4215 pontificatus
3509 4127 3709 4192 nostri
3756 4149 3925 4193 anno
3972 4129 4263 4216 septimo.

1455 6494 1535 6561 (1)
1574 6492 1658 6545 Ex
1696 6491 1908 6563 Regiae.
1945 6492 2075 6544 anni
2114 6490 2241 6543 VII.
2280 6490 2549 6543 Bonifaoii
2588 6490 2779 6557 v111.,
2817 6491 2975 6561 epist.
3015 6494 3135 6557 255,
3173 6491 3267 6543 fol.
3306 6495 3391 6543 67.
