5542 7775
2106 655 2488 705 APPENDIX
2540 656 2842 705 ALTERA

646 806 726 869 tri
776 806 1059 893 redegit3
1109 808 1278 873 unde
1342 810 1538 873 etiam
1583 810 1905 874 Patricius
1960 831 2263 875 romanus
2310 816 2410 873 est

645 913 931 978 effectus.
1427 928 1435 933 '

773 1021 971 1087 Paulo
1018 1024 1284 1108 inferius
1300 1047 1322 1088 .·

768 1129 1096 1195 Adrianus
1144 1153 1347 1197 annos
1385 1134 1580 1198 XIII.
1615 1157 1868 1199 menses
1899 1134 1983 1199 X.
2018 1134 2154 1199 dies
2185 1132 2408 1197 XVII.

647 1234 866 1321 Hujus
909 1239 1208 1324 precibus
1247 1248 1515 1305 vocatus
1550 1241 1820 1306 Carolus
1851 1241 2150 1327 Magnus,
2185 1260 2409 1327 supra·

643 1346 955 1410 nominati
987 1346 1205 1434 Pipini
1236 1349 1409 1432 regis
1443 1349 1633 1431 filius,
1661 1348 1911 1413 obsedit
1941 1348 2409 1433 Longobardos

644 1453 710 1515 in
758 1453 987 1540 Papia,
1035 1455 1145 1518 ubi
1193 1456 1362 1542 cepit
1409 1455 1821 1521 Desiderium
1866 1477 2088 1542 regem
2134 1462 2199 1521 et
2245 1477 2407 1520 uxo-

644 1582 780 1625 rem
818 1563 980 1645 ejuS,
1017 1584 1176 1648 quos
1210 1564 1471 1650 capiens
1512 1565 1795 1651 portavit
1826 1565 1892 1628 in
1923 1564 2288 1628 Franciam.
2323 1562 2411 1627 Et

644 1669 922 1733 reddidit
970 1672 1185 1753 omnia
1233 1694 1357 1757 (1116
1406 1680 1590 1758 pater
1637 1674 1778 1757 ejus
1825 1673 2095 1758 Pipinus
2143 1671 2412 1736 dederat

644 1775 834 1839 beato
883 1777 1100 1860 Petro,
1152 1779 1456 1863 adjuncto
1505 1801 1759 1866 quoque
1805 1780 1867 1844 ei
1914 1780 2151 1843 ducatu
2199 1779 2407 1865 spole-

644 1889 796 1949 tano
844 1893 908 1950 et
954 1886 1425 1952 beneventano.
1476 1887 1577 1953 Ob
1624 1890 1747 1953 hoc
1792 1896 1856 1952 et
1902 1889 2040 1974 ipse
2085 1887 2409 1952 Patricius

643 1990 1085 2058 Romanorum
1132 2002 1231 2059 est
1277 1995 1504 2060 dictus.

771 2099 1205 2165 Praemittitur
1261 2105 1399 2167 item
1443 2105 1628 2168 series
1671 2106 2115 2188 imperatorum
2160 2126 2201 2168 a
2249 2106 2409 2168 nati-

645 2209 822 2271 vitate
874 2206 1103 2273 Christi
1142 2231 1334 2295 usque
1363 2211 1449 2274 ad
1485 2210 1928 2294 Constantium,
1961 2211 2244 2276 Heraclii
2267 2212 2409 2294 fra-

645 2322 799 2378 trem
846 2322 900 2380 et
939 2316 1165 2399 filium,
1210 2318 1445 2382 adiecta
1488 2320 1745 2403 insuper
1787 2340 2098 2383 annorum
2131 2320 2409 2404 peri0d0,

647 2443 769 2507 qua
802 2423 1047 2508 quilibet
1081 2426 1411 2508 imperator
1440 2410 1737 2511 reynavit,
1764 2448 1919 2511 911αο
1949 2429 2154 2490 omnia
2185 2429 2408 2492 exscri-

637 2538 750 2614 pta
795 2539 941 2595 sunt
987 2553 1061 2596 ea:
1104 2533 1386 2596 chronica
1432 2533 1640 2598 Bedae
1683 2533 2035 2619 presbyteri.

770 2637 916 2702 Post-
959 2639 1103 2704 haec
1135 2662 1284 2725 paq.
1318 2640 1410 2705 I.⁰
1454 2640 1828 2706 Collectionis
1878 2640 2200 2705 Canonum
2241 2642 2424 2707 exhi*

648 2743 823 2808 betur
867 2746 1006 2809 idea
1065 2750 1249 2811 totius
1304 2751 1502 2833 operis
1545 2751 1614 2812 in
1657 2749 1803 2813 haec
1850 2749 2022 2813 rerba
2043 2799 2061 2832 ,
2110 2771 2265 2834 quae
2310 2770 2410 2814 ea:-

644 2852 963 2916 scribenda
1008 2854 1329 2918 ducimus:

769 2959 1004 3045 Incipit
1046 2961 1420 3046 capitulatio
1453 2961 1783 3045 librorum,
1820 2984 1978 3049 quos
2013 2964 2240 3028 beatus
2273 2965 2409 3028 An-

645 3067 905 3149 661111116,
942 3068 1218 3133 lucensis
1253 3070 1612 3156 episcopus,
1640 3070 1718 3135 de
1751 3071 2165 3156 coequalibus
2199 3073 2409 3136 causis

645 3173 935 3258 singulos
986 3176 1047 3239 in
1095 3176 1217 3241 hoc
1261 3178 1587 3242 volumine
1636 3178 1834 3243 libros
1881 3180 2273 3265 composuit:

780 3280 833 3344 I.
883 3282 983 3346 De
1031 3290 1349 3368 potestate
1398 3292 1463 3349 et
1504 3286 1782 3371 primatu
1816 3288 2167 3373 apostolice
2201 3288 2406 3352 Sedis.

745 3390 833 3453 II.
887 3390 983 3454 De
1031 3392 1329 3456 libertate
1377 3394 1853 3479 appellationis.

715 3496 841 3561 III.
890 3496 990 3562 De
1039 3499 1261 3564 ordine
1310 3501 1676 3584 accusandi,
1710 3502 2098 3566 testificandi
2131 3511 2196 3567 et
2236 3503 2409 3588 judi·

1041 3607 1249 3670 candi.

722 3710 838 3775 IV.
887 3713 988 3776 De
1036 3715 1521 3800 privilegiorum
1569 3718 1973 3782 auctoritate.

757 3818 838 3883 V.
888 3819 988 3884 De
1037 3822 1546 3889 ordinationibus
1580 3825 1996 3890 ecclesiarum
2030 3837 2094 3891 et
2125 3826 2204 3890 de
2238 3827 2412 3892 omni

1031 3931 1179 4014 jure
1228 3952 1303 3996 ac
1350 3939 1522 3997 statu
1572 3933 1850 3998 illarum.

717 4036 835 4102 VI.
885 4037 984 4103 De
1032 4039 1344 4104 electione
1392 4047 1457 4104 et
1504 4040 1935 4125 ordinatione,
1983 4064 2060 4106 ac
2107 4042 2186 4108 de
2237 4044 2410 4108 omni

1033 4153 1354 4233 potestate
1403 4148 1539 4211 sive
1587 4155 1761 4212 statu
1809 4145 2277 4236 episcoporum.

684 4251 838 4317 VII.
888 4253 987 4318 De
1035 4255 1170 4319 vita
1218 4262 1281 4319 et
1328 4256 1730 4321 ordinatione
1779 4258 2177 4323 clericorum.

647 4359 839 4424 VIII.
886 4360 987 4424 De
1034 4362 1253 4449 lapsis,

713 4467 833 4531 IX.
882 4468 982 4532 De
1030 4472 1471 4535 sacramentis.

750 4575 834 4639 X.
882 4576 983 4640 De
1030 4578 1370 4663 conjugiis.
1423 4667 1428 4670 ,

711 4682 834 4747 XI.
881 4685 984 4750 De
1030 4675 1406 4771 penitentia.

676 4791 835 4855 XII.
884 4791 984 4857 De
1032 4795 1650 4860 excomunicatione.

646 4899 840 4964 XIII.
887 4902 989 4966 De
1036 4903 1320 4967 vindicta
1366 4912 1431 4968 et
1476 4905 1922 4991 persecutione
1963 4906 2160 4989 justa.

770 5008 1057 5094 Explicit
1102 5010 1434 5075 adnotatio
1482 5011 1963 5098 precedentium
2009 5013 2341 5078 librorum.

771 5115 944 5181 Hinc
991 5119 1336 5183 immediate
1378 5122 1693 5205 sequitur:

617 5307 620 5310 A
773 5225 1007 5311 Incipit
1040 5227 1365 5291 autentica
1398 5234 1462 5292 et
1494 5227 1949 5315 compendiosa
1981 5229 2275 5294 collectio
2308 5251 2410 5295 re-

645 5332 947 5417 gularum
994 5340 1059 5397 et
1105 5335 1570 5398 sententiarum
1618 5342 1987 5400 sanctorum
2033 5336 2303 5400 Patrum
2345 5343 2413 5402 et

648 5440 1142 5504 auctorabilium
1189 5440 1641 5525 Conciliornm,
1685 5442 1857 5506 facta
1917 5449 2205 5529 tempore
2252 5443 2408 5509 VII.

649 5547 791 5611 GG.
827 5548 1213 5612 sanctissimi
1258 5548 1439 5636 Pape
1487 5571 1526 5613 a
1565 5549 1936 5614 beatissimo
1968 5550 2279 5616 Anselmo
2311 5552 2410 5616 lu-

611 5647 822 5719 censi
870 5657 1169 5742 episcopo
1218 5658 1359 5740 ejus
1407 5657 1701 5743 diligenti
1746 5658 2068 5722 imitatore
2111 5667 2176 5723 et
2223 5659 2411 5724 disci-

646 5764 821 5849 pulo,
871 5765 1053 5847 cujus
1095 5765 1388 5848 jussione
1456 5772 1521 5829 et
1574 5773 1878 5852 precepto
1927 5814 2409 5832 ........

647 5920 1061 5935 .......
1111 5871 1233 5936 hoc
1281 5894 1462 5958 opus.

772 5979 953 6043 Libri
972 5983 1173 6064 primi
1202 5981 1471 6065 capitula
1501 5989 1919 6045 numerantur
1941 5980 2200 6047 XCIII.
2239 5980 2410 6047 Non·-

647 6089 824 6151 nulla
870 6108 943 6151 ex
988 6088 1208 6152 eisdem
1257 6096 1470 6152 notatu
1515 6088 2053 6173 diqriavidentur.
2111 6130 2120 6140 -

775 6194 936 6258 Sunt
981 6203 1183 6259 autem
1231 6195 1621 6259 huiusmodi:

770 6301 1076 6366 LXXVI.
1125 6301 1225 6365 De
1275 6302 1636 6366 constantia
1681 6324 1849 6389 pape
1881 6302 2151 6389 Agapiti
2186 6309 2413 6367 contra

646 6408 688 6473 J
693 6409 1090 6472 ustinianum
1121 6409 1512 6494 Augustum,
1547 6431 1738 6495 quem
1777 6409 2037 6474 tandem
2086 6410 2169 6473 ad
2214 6410 2412 6496 pedes

646 6538 795 6580 suos
842 6516 1252 6580 humiliatum
1299 6516 1479 6580 vidit.

880 6654 1014 6691 Tou.
1055 6654 1120 6692 11.

4143 638 4287 707 281

2660 809 3007 874 LXXVII.
3065 811 3165 875 De
3230 811 3595 875 obedientia
3656 820 3721 875 et
3780 811 4058 893 honore,
4109 833 4299 897 quem

2539 916 2838 980 Tiberius
2886 917 3236 1004 imperator
3283 918 3532 983 exibuit
3579 941 3745 1005 pape
3794 918 4237 983 Constantino.

2662 1023 2974 1088 LXXIX.
3025 1025 3298 1100 Quando
3335 1025 3687 1112 Gregorius
3726 1048 3897 1113 papa
3944 1048 4214 1112 regnum
4262 1049 4301 1091 a

2538 1130 2757 1196 Leone
2806 1132 3193 1219 imperatore
3242 1135 3569 1220 separavit
3606 1142 3869 1221 propter
3901 1136 4042 1218 ejus
4074 1135 4299 1221 impie-

2537 1245 2760 1304 tatem.

2665 1346 2909 1411 Similia
2951 1348 3086 1430 fere
3130 1356 3308 1431 sunt,
3356 1352 3475 1414 sive
3522 1352 3787 1415 eiusdem
3830 1354 4099 1435 qeneriS,
4147 1373 4303 1436 quae

2536 1463 2885 1539 sequuntur
2928 1458 3194 1540 capitula
3240 1479 3431 1543 usque
3474 1459 3560 1522 ad
3603 1480 3776 1522 num.
3812 1457 4210 1523 LXXXIX.

2669 1561 2869 1646 Caput
2891 1564 3222 1628 secu-ndum
3250 1568 3509 1630 continet
3532 1567 3799 1650 capitula
3824 1565 4091 1630 n.LXX
4108 1565 4297 1630 VIII.

2537 1670 2599 1732 in
2652 1669 2872 1754 quibus
2912 1672 3054 1754 fuse
3097 1672 3172 1735 de
3215 1674 3351 1735 iure
3394 1674 3817 1757 appellationis
3853 1675 3939 1737 ad
3971 1695 4296 1738 romanum

2531 1778 2874 1861 pontificem
2928 1780 3271 1844 disseritur.
3321 1780 3744 1846 Exscribimus
3804 1782 3901 1845 11ἰο
3960 1785 4298 1867 capitulum

2537 1884 2873 1968 LXXII.‚
2913 1888 2968 1951 si
3014 1888 3165 1972 quid
3207 1889 3293 1952 ad
3334 1889 3651 1954 historiam
3716 1898 4102 1955 ravennatem
4161 1912 4299 1955 con-

2531 1993 2704 2077 ferre
2745 1996 3008 2077 poterit,
3058 1996 3220 2080 quod
3277 2004 3479 2060 tamen
3539 2019 3677 2061 cum
3748 2000 4012 2062 vaticani
4085 1999 4303 2061 codicis

2538 2102 2875 2185 exemplari
2925 2102 3363 2186 conferendum
3423 2103 3493 2167 ob
3539 2105 3761 2168 menda
3826 2126 3981 2190 quae
4046 2108 4115 2170 in
4174 2108 4303 2189 ipso
4381 2174 4387 2179 ,

2536 2216 2868 2271 occurrunt
2886 2232 2907 2271 .·

2666 2312 3145 2399 Constantinus,
3196 2317 3455 2381 natione
3506 2317 3727 2404 Syrus,
3769 2319 4090 2383 ordinavit
4129 2320 4300 2383 Feli-

2537 2441 2676 2485 cem
2724 2422 3277 2509 archiepiscopum
3325 2434 3764 2508 ravennatem,
3800 2427 3908 2512 qui
3946 2427 4296 2491 secundum

2539 2576 2820 2592 .....
2871 2552 3133 2601 suorum
3180 2531 3401 2595 solitas
3450 2532 3655 2597 noluit
3702 2534 3765 2596 in
3816 2534 4049 2598 scrinio
4089 2534 4302 2599 facere

2538 2638 2889 2718 cautiones,
2925 2638 3090 2702 sicut
3121 2660 3236 2724 per
3276 2640 3629 2726 potentiam
3654 2641 3943 2724 judicum
3979 2641 4298 2727 exposuit,

2537 2752 2609 2807 nt
2654 2746 2949 2830 pontifex
2997 2747 3243 2811 maluit.
3299 2747 3497 2811 Venit
3539 2756 3753 2811 autem
3802 2756 3866 2812 et
3914 2750 4302 2814 Benedictus

2539 2851 3062 2939 archiepiscopus
3110 2854 3607 2919 mediolanensis
3664 2856 3970 2920 orationis
4026 2866 4175 2921 voto
4239 2865 4304 2920 et

2539 2980 2655 3023 suo
2718 2982 2787 3022 se
2854 2961 3137 3045 pontifici
3199 2970 3595 3046 presentare.
3662 2963 4022 3027 Altercavit
4085 2973 4302 3028 autem

2538 3074 2603 3130 et
2648 3088 2765 3152 pro
2806 3067 3103 3132 Ecclesia
3150 3070 3443 3133 ticinensi
3492 3072 3658 3134 sicut
3705 3072 4033 3135 convictus
4082 3082 4178 3135 est
4226 3094 4302 3136 eo

2539 3175 2710 3260 quod
2756 3197 2796 3237 a
2844 3176 3068 3260 priscis
3110 3177 3503 3262 temporibus
3539 3178 3693 3242 Sedi
3740 3179 4089 3264 apostolice
4132 3180 4303 3263 ejus-

2537 3281 2681 3345 dem
2730 3283 3057 3346 ticinensis
3105 3282 3393 3347 Ecclesie
3444 3286 3762 3349 antistites
3812 3286 3895 3348 ad
3928 3307 4304 3350 consecran-

2538 3389 2690 3453 dum
2736 3390 3103 3475 pertinebat
3149 3398 3213 3454 et
3260 3392 3557 3476 pertinet,
3608 3401 3728 3456 etc.

2664 3497 2844 3561 Libri
2872 3497 3005 3562 ΙΙΙ.
3032 3499 3303 3583 capitula
3334 3508 3749 3564 numerantur
3777 3500 4098 3565 CXXIII.
4138 3502 4298 3580 Quo-

2538 3628 2682 3670 rum
2730 3604 3128 3670 LXXXIV.
3172 3610 3481 3691 pertinent
3524 3609 3609 3671 ad
3653 3610 3781 3672 loca
3834 3613 4181 3673 commun-ia
4227 3612 4301 3675 de

2537 3714 2753 3778 ordine
2797 3715 3130 3778 accusandi
3174 3724 3228 3779 et
3273 3716 3669 3800 testificandi,·
3714 3719 3954 3802 reliqua
4000 3739 4157 3801 vera,
4206 3741 4301 3782 re-

2538 3823 2656 3886 luti
2699 3845 2737 3887 a
2773 3824 3005 3907 primis
3049 3824 3342 3908 sejuncta,
3377 3827 3442 3889 in
3488 3845 3736 3909 corpore
3769 3848 3889 3911 per
3932 3826 4077 3891 llaec
4124 3826 4301 3891 verba

2537 3931 2930 3995 indicantur:

2663 4039 2990 4125 Incipiunt
3036 4040 3319 4125 capitula
3362 4058 3490 4125 'que
3548 4062 3631 4104 ex
3686 4041 3895 4126 grecis
3958 4049 4022 4105 et
4084 4042 4300 4105 latinis

2539 4146 2893 4211 canonibus
2956 4155 3020 4211 et
3084 4146 3360 4232 Synodis
3422 4149 3735 4230 romanis,
3787 4156 3979 4233 atque
4028 4149 4300 4213 decretis

2538 4255 2867 4340 presulum
2916 4276 2992 4319 ac
3031 4256 3391 4341 principum
3424 4277 3834 4320 romanorum
3867 4257 4138 4342 sparsim
4172 4257 4301 4320 col-

2538 4362 2706 4425 lecta
2761 4370 2928 4426 sunt.
2977 4361 3063 4426 Et
3109 4364 3533 4448 Angelranno
3587 4362 4072 4428 Mediomatrice
4127 4364 4302 4428 urbis

2539 4469 2876 4555 episcopO,
2926 4469 3131 4534 Rome
3180 4492 3219 4533 a
3264 4471 3454 4535 beato
3502 4492 3673 4557 papa
3728 4471 4019 4536 Adriano
4066 4472 4303 4535 tradita

2537 4584 2687 4641 sunt
2754 4577 2951 4641 XIII.
3020 4578 3335 4642 kalendas
3412 4579 3711 4662 octobris,
3767 4579 4113 4644 indictione
4183 4580 4302 4644 IX.

2539 4685 2797 4770 quando
2845 4707 2962 4771 pro
3010 4685 3111 4749 sui
3160 4686 3410 4770 negocii
3460 4707 3656 4750 causa
3703 4686 4042 4771 agebatur.

2666 4793 3025 4878 Capitulum
3091 4802 3335 4875 autem,
3384 4794 3548 4879 quod
3614 4794 3958 4858 immediate
4025 4797 4304 4880 sequitur

2536 4922 2711 4964 num.
2763 4900 3041 4964 LXXX
3056 4901 3162 4984 V.,
3210 4909 3293 4966 est
3338 4901 3724 4965 luiiusmodi:

2663 5007 2849 5082 Quod
2899 5009 3023 5073 Dei
3072 5008 3540 5073 ordinationem
3585 5015 3865 5090 accusat,
3901 5010 4010 5093 qui
4057 5008 4301 5094 episco-

2535 5137 2653 5203 pos
2703 5123 2986 5181 accusat.

2662 5223 2871 5288 Multa
2918 5245 3053 5289 vero
3097 5227 3163 5288 in
3210 5224 3305 5288 his
3350 5224 3631 5308 capitulis
3674 5223 4036 5306 afferuntur
4082 5245 4155 5288 ex
4187 5224 4302 5308 Sy-

2536 5334 2693 5396 110ᾱο
2738 5332 3229 5414 chalcedonensi,
3262 5333 3631 5416 praesertim
3669 5330 3779 5394 sub
3820 5331 3979 5413 fine,
4028 5353 4134 5395 nec
4179 5353 4304 5395 non

2539 5461 2613 5505 ex
2659 5440 2905 5526 Synodo
2953 5461 3208 5503 romana
3254 5439 3364 5503 sub
3411 5437 3628 5520 Felice,
3662 5445 3790 5502 tum
3838 5459 3974 5502 cero
4021 5441 4201 5503 etiam
4234 5461 4307 5502 ex

2537 5548 2874 5613 actionibus
2912 5547 3024 5611 VI.
3051 5548 3282 5631 Synodi
3310 5545 3812 5610 CCLXXXIX.
3841 5545 4303 5631 Episcoporum,

2540 5679 2614 5723 ex
2660 5656 2936 5741 ephesino
2988 5653 3275 5737 ConciliO,
3320 5655 3599 5739 aliisque.

2664 5765 3082 5828 Amanuensis
3114 5764 3253 5827 vitio
3282 5784 3541 5827 canones
3565 5769 3618 5826 et
3641 5762 3879 5826 decreta
3901 5762 4046 5826 haec
4075 5765 4303 5844 omnia,

2541 5894 2696 5957 quae
2737 5874 3338 5936 commemoravimus
3360 5921 3377 5952 ‚
3423 5870 3678 5952 confusa
3737 5877 3913 5952 sunt,
3963 5891 4155 5954 neque
4197 5890 4308 5933 suo

2538 5980 2660 6044 loco
2704 5981 2927 6063 posita.
2986 5978 3165 6043 Inter
3222 5978 3683 6062 subscriptiones
3741 5980 4047 6041 actionum
4108 5985 4307 6041 sea-tae

2543 6086 2779 6173 Synodi
2822 6087 2966 6151 haec
3013 6089 3314 6150 occurrit:

2665 6195 3043 6258 Theodorus
3106 6193 3364 6257 humilis
3413 6193 3730 6278 presbiter
3792 6199 4013 6255 sancte
4076 6212 4305 6255 raven-

2539 6302 2708 6366 natis
2751 6301 3041 6366 Ecclesie
3084 6301 3296 6365 locum
3329 6321 3561 6385 gerens
3595 6299 3918 6364 Theodori
3951 6298 4306 6363 beatissimi

2541 6408 3030 6494 archiepiscopi.

2666 6515 2790 6581 Sed
2834 6516 2908 6580 de
2950 6515 3048 6578 his
3095 6517 3159 6578 in
3214 6514 3437 6578 Concil.
3481 6536 3687 6599 9011ον.
3740 6512 4022 6577 Labbaei.

4080 6640 4146 6689 36
