5542 7775
1327 607 1480 678 204
2896 626 3377 678 MONUMENTA

1326 782 1561 847 debeat
1609 782 1964 865 contrairc3
1999 782 2171 869 quod
2220 783 2329 867 qui
2377 782 2590 847 facere
2637 783 3140 869 attemptaverit,
3175 790 3288 846 aut
3320 783 3536 869 aliquo
3569 784 3758 848 niodo
3792 785 4238 848 contravenire
4270 786 4750 872 presumpserit,
4785 786 4954 851 mille

1328 896 1760 953 trecentarum
1810 890 2120 953 librarum
2167 889 2340 971 boni,
2375 891 2521 975 puri
2568 890 2708 953 auri
2758 898 3121 976 componat,
3156 889 3568 954 medictatem
3601 889 3869 955 Camere
3918 899 4153 974 nostre,
4195 891 4517 977 aliamque
4550 893 4954 958 medietatem

1333 997 1631 1081 injuriam
1682 996 1886 1083 passis
1934 996 2297 1061 soluturus:
2335 996 2417 1059 ad
2449 997 2633 1080 cujus
2666 996 2758 1060 rei
2795 1004 3033 1060 certam
3082 996 3493 1079 evidentiam,
3530 997 3744 1079 robur,
3779 1019 3855 1061 ac
3902 999 4277 1062 memoriam
4321 999 4442 1063 hoc
4490 1000 4795 1086 scriptum
4830 1002 4952 1086 pri-

1326 1104 1634 1189 vilegium
1698 1103 1758 1167 ei
1820 1103 2189 1166 induximus
2252 1124 2450 1167 aurea
2516 1103 2694 1166 bulla
2757 1109 2973 1167 nostre
3037 1104 3395 1189 majestatis
3436 1105 3939 1168 communitum.
3989 1104 4117 1178 Qui
4162 1104 4616 1171 Bertholoctus
4663 1106 4742 1171 de
4788 1107 4952 1193 Ripa

1327 1211 1532 1274 insule
1583 1210 1848 1275 Suzarie
1897 1217 1960 1273 ct
2007 1210 2320 1291 Bardine,
2371 1231 2583 1274 comes
2631 1211 2959 1297 palatinus
3007 1210 3071 1275 in
3119 1210 3547 1292 Lombardia,
3597 1211 3767 1275 dicto
3817 1212 4074 1276 domino
4120 1211 4466 1277 Frederico
4513 1213 4795 1278 secundo
4843 1215 4953 1278 im-

1326 1318 1608 1404 peratori
1650 1317 1898 1402 juravit
1945 1317 2320 1381 fidelitatem
2370 1325 2592 1381 contra
2641 1339 2896 1381 omnem
2942 1317 3267 1382 hominem
3314 1317 3393 1381 de
3441 1318 3700 1401 mundo,
3734 1326 4006 1404 excepto
4054 1318 4382 1383 dominum
4427 1320 4678 1406 Papam
4727 1328 4790 1384 et
4836 1321 4952 1387 Ec-

1325 1425 1587 1489 clesiam
1622 1424 2070 1507 romanam(¹),
2105 1424 2456 1488 secundum
2492 1424 2662 1510 quod
2695 1424 2758 1488 in
2795 1424 3094 1510 capitulis
3127 1424 3453 1488 fidelitatis
3486 1425 3550 1488 in
3586 1425 3880 1489 omnibus
3913 1432 3977 1489 et
4008 1447 4124 1512 per
4156 1427 4370 1490 omnia
4402 1427 4786 1511 continetur,
4821 1450 4952 1493 cor-

1326 1532 1634 1618 poraliter
1681 1531 1764 1595 ab
1811 1533 1951 1618 ipso
1999 1532 2265 1618 prestito
2314 1542 2740 1614 sacramentO,
2784 1533 2993 1596 eidem
3035 1532 3249 1597 delato
3297 1554 3413 1619 per
3458 1553 3561 1596 me
3611 1532 3978 1597 Conradum
4026 1540 4378 1598 metensem
4417 1534 4809 1621 episcopum,
4844 1536 4954 1599 im·

1326 1640 1587 1727 perialis
1637 1641 1784 1705 aule
1831 1641 2285 1721 canzelarium,
2320 1639 2459 1702 vice
2495 1639 2734 1704 domini
2777 1640 3082 1726 Sigifredi
3130 1640 3423 1725 magistri
3472 1640 3938 1727 archiepiscopi
3986 1642 4191 1706 tocius
4241 1641 4587 1706 Germanic
4633 1650 4698 1706 et
4744 1643 4957 1708 Ytalie

1327 1747 1856 1831 archicancelarij
1902 1747 2316 1833 infrascripti.

1500 1857 1604 1928 (Π
1628 1854 1846 1939 Hujus
1880 1853 1971 1917 rei
2004 1862 2200 1917 testes
2233 1862 2380 1918 sunt
2417 1854 2834 1935 Guttulanus,
2869 1854 3003 1917 dux
3035 1854 3115 1917 de
3150 1853 3502 1938 Gragonia,
3538 1855 3883 1936 Robertus,
3918 1876 4131 1919 comes
4177 1854 4257 1919 de
4302 1855 4537 1939 Rudio,
4573 1856 4957 1921 Guillelmus

1324 1961 1405 2024 de
1453 1961 1752 2043 Calvara,
1802 1982 2035 2044 001003,
2085 1960 2534 2047 Raymundus,
2585 1983 2798 2025 comes
2846 1961 2925 2025 de
2972 1960 3207 2043 Rudio,
3240 1961 3527 2026 Ubertus
3572 1962 4017 2044 Pelavixinus,
4065 1962 4373 2044 marchi0,
4405 1962 4654 2028 Boxius
4702 1963 4780 2027 de
4827 1963 4957 2028 Do·

1325 2069 1528 2148 varia,
1576 2067 1902 2132 Henricus
1949 2068 2028 2131 de
2077 2068 2443 2132 Lambertis
2492 2068 2572 2131 de
2620 2068 2945 2149 Ferraria,
2981 2068 3402 2132 Ravenninus
3449 2069 3527 2132 de
3576 2068 3885 2150 Dovaria,
3920 2067 4319 2151 Gandionus,
4354 2071 4495 2154 ejus
4541 2070 4764 2154 frater,
4798 2071 4955 2154 Aac,

1325 2175 1631 2257 marchio,
1680 2175 1828 2261 Ugo
1875 2174 2128 2261 Lupus,
2177 2176 2525 2239 Ansclmus
2572 2175 2651 2239 de
2705 2176 3033 2260 Stringut,
3085 2176 3323 2260 regalis
3369 2176 3515 2239 aule
3563 2176 4007 2257 mariscalcus,
4057 2176 4469 2263 Montelupus
4514 2177 4593 2241 de
4637 2176 4955 2261 Hulivito,

1323 2281 1618 2346 Yzilinus
1664 2282 1742 2346 de
1791 2282 2108 2365 Romano,
2157 2282 2456 2347 Ubaldus
2503 2283 2581 2347 de
2634 2282 3019 2347 Carlaxanis
3065 2283 3144 2347 dc
3191 2283 3649 2365 LectobelanO,
3698 2283 4033 2348 Johannes
4089 2290 4153 2347 et
4199 2283 4510 2348 Albertus
4572 2286 4834 2350 comites
4894 2294 4958 2350 et

1325 2392 1578 2472 fratrea,
1627 2398 1691 2455 et
1739 2391 1850 2454 alii
1900 2413 2094 2476 00001
2142 2392 2380 2477 plures.

1505 2498 1775 2583 Signum
1823 2520 2053 2562 manus
2101 2498 2430 2562 Frederici
2477 2498 2744 2562 secundi
2791 2499 3195 2585 imperatoris
3245 2499 3666 2563 invictissimi.

2520 2605 2715 2687 (Loc.
2765 2605 3117 2691 imperialis
3166 2606 3777 2691 monogrammatis)

1499 2712 1643 2798 Ego
1691 2713 2035 2794 CorraduS,
2074 2713 2422 2777 mathensis
2472 2713 2831 2799 episcopus,
2881 2713 3232 2800 imperialis
3281 2714 3426 2778 aule
3478 2713 3897 2795 canzelarius,
3932 2714 4072 2778 vice
4114 2713 4355 2777 domini
4405 2713 4713 2800 Sigifredi
4756 2715 4962 2800 magi·

1324 2821 1440 2884 stri
1488 2820 1954 2906 archiepiscopi
2003 2820 2207 2884 tocius
2256 2821 2602 2885 Germanic
2651 2829 2716 2884 et
2764 2821 2981 2885 Ytalie
3031 2820 3616 2906 archicancellarij,
3663 2821 4031 2906 recognovi.
4080 2821 4249 2886 Acta
4305 2830 4454 2885 sunt
4498 2822 4617 2885 hec
4666 2844 4834 2885 anno
4882 2822 4965 2886 ab

1324 2928 1766 2992 incarnatione
1829 2927 2093 2990 Domini
2155 2928 2494 2991 millesimo
2559 2928 2997 2991 ducentesimo
3061 2927 3555 3013 quadragesimo
3628 2927 3886 3013 quint0,
3939 2927 4288 2992 indictione
4336 2936 4602 3013 quarta,
4652 2935 4967 3013 regnante

1326 3034 1583 3099 domino
1632 3035 1977 3099 Frederico
2027 3035 2344 3117 secundo,
2394 3058 2804 3099 romanorum
2867 3037 3253 3121 imperatore
3317 3036 3814 3120 gloriosissimO,
3863 3057 4032 3099 anno
4097 3043 4162 3099 et
4221 3037 4406 3121 regni
4464 3037 4606 3120 ejus
4654 3036 4966 3121 vigesimo

1328 3152 1534 3225 sext0,
1585 3143 1836 3228 imperii
1887 3165 2038 3207 vero
2087 3144 2398 3227 vigesimo
2447 3143 2749 3226 secundO,
2799 3143 3233 3229 Hyerusalem
3282 3152 3345 3207 01
3396 3144 3649 3207 Scicilie
3696 3164 3871 3229 rege.

1505 3251 1723 3313 Primo
1773 3250 1922 3313 data
1973 3251 2206 3313 Parme
2257 3251 2347 3334 iij.
2398 3250 2561 3336 ydus
2611 3252 2836 3336 marzij
2886 3272 3002 3336 per
3048 3272 3309 3313 manum
3356 3250 3647 3333 IIenrici,
3696 3250 4121 3337 protonotarij
4172 3250 4521 3336 imperialis
4568 3251 4737 3314 aule.

1503 3464 1694 3528 Anno
1742 3463 2006 3528 Domini
2055 3464 2396 3527 millesimo
2454 3464 2892 3529 ducentesimo
2957 3465 3393 3549 octuagesimo
3457 3486 3661 3547 nono,
3712 3464 4059 3528 indictione
4122 3464 4433 3547 secunda,
4482 3464 4585 3529 die
4649 3466 4966 3551 vigesimo

1323 3571 1605 3635 secundo
1653 3572 1934 3635 intrante
1982 3571 2242 3634 marzi0.
2293 3571 2456 3635 Cum
2501 3593 2767 3656 presens
2816 3572 3187 3656 exemplum
3236 3580 3561 3658 sumptum
3609 3594 3693 3635 ex
3740 3571 4039 3656 originali
4088 3594 4204 3635 suo
4249 3572 4506 3658 publico
4554 3573 4858 3637 videlicet
4904 3582 4968 3638 et

1324 3680 1686 3743 auctentico
1737 3679 2160 3742 instrumento
2211 3679 2461 3763 integro
2511 3686 2574 3742 et
2623 3679 2991 3764 incorrupto
3038 3686 3103 3742 ct
3152 3679 3213 3742 in
3263 3680 3440 3742 nulla
3489 3701 3606 3742 sua
3652 3686 3836 3765 parte
3884 3680 4145 3761 vitiosO,
4194 3688 4259 3742 ct
4304 3680 4441 3744 sine
4489 3681 4965 3766 vituperatione

1324 3786 1542 3871 aliqua
1592 3793 1965 3872 apparente,
2003 3808 2120 3850 nec
2170 3808 2294 3850 non
2345 3786 2630 3871 sigillato
2680 3786 2895 3870 sigillo
2944 3808 3139 3850 aureo
3190 3808 3471 3869 cesareO,
3508 3787 3825 3873 pendente
3874 3787 3955 3851 ad
3990 3787 4321 3851 cordulam
4355 3787 4646 3870 sericam,
4681 3788 4747 3851 in
4780 3790 4968 3874 cujus

1323 3896 1489 3959 facie
1537 3895 1746 3980 prima
1795 3895 2036 3958 inserta
2084 3896 2391 3979 majestas
2441 3894 2794 3980 imperialis
2842 3894 3082 3958 domini
3132 3894 3459 3959 Frederici
3507 3894 3789 3959 sedentis
3837 3896 3901 3958 in
3964 3896 4232 3977 throno,
4281 3903 4344 3958 et
4406 3916 4655 3959 ramum
4716 3897 4837 3960 lilii
4900 3898 4967 3961 in

1322 4002 1540 4066 (lestra
1588 4023 1783 4065 manu
1830 4002 2164 4084 habentis,
2215 4024 2300 4065 ex
2346 4002 2474 4065 alio
2525 4024 2678 4065 vero
2726 4002 2929 4065 latere
2980 4002 3289 4087 scriptum
3338 4010 3468 4066 est:
3520 4002 3886 4066 Fredericus
3930 4001 4054 4066 Dei
4093 4005 4299 4087 qratia
4346 4001 4693 4087 Imperator
4738 4003 4969 4068 Roma-

1320 4129 1548 4172 norum
1597 4116 1650 4172 et
1695 4130 1929 4193 semper
1975 4111 2313 4194 Anqustus,
2362 4109 2444 4172 ab
2479 4109 2892 4194 infrascripto
2927 4108 3187 4173 domino
3222 4109 3583 4173 Thomaxio
3632 4116 3694 4172 et
3745 4108 4171 4195 infrascriptis
4204 4109 4474 4173 testibus
4506 4110 4969 4175 tabellionibus

1324 4217 1738 4302 introspectO,
1775 4217 2180 4280 considerato
2228 4224 2292 4280 et
2337 4217 2498 4299 viso,
2543 4217 2791 4299 fuisset,
2841 4238 3056 4281 coram
3105 4216 3362 4280 domino
3410 4218 3695 4281 Antonio
3743 4217 3821 4280 de
3870 4217 4242 4302 Fuxaraga,
4284 4224 4603 4303 potestate
4650 4218 4969 4303 Bononie,

1322 4331 1386 4386 et
1433 4324 1692 4386 domino
1743 4323 2104 4387 Thomaxio
2151 4322 2231 4386 de
2282 4323 2498 4387 Casali
2552 4323 2830 4387 Sichono
2878 4324 3020 4408 ejus
3061 4322 3280 4407 judice
3329 4324 3721 4387 insinuatum
3753 4324 4064 4408 legitime,
4098 4332 4162 4387 et
4195 4345 4309 4410 per
4341 4345 4441 4387 me
4473 4325 4969 4389 Lambertinum

1323 4431 1650 4495 Gualandi
1700 4430 2020 4494 notarium
2069 4430 2550 4516 infrascriptum
2599 4438 2662 4494 et
2707 4431 2869 4494 alios
2918 4431 3189 4516 scriptos
3238 4432 3521 4495 notarios
3555 4430 3635 4494 ad
3671 4431 3985 4516 originale
4019 4453 4093 4494 ac
4135 4432 4568 4495 auctenticum
4600 4454 4787 4495 suum
4820 4432 4969 4496 dili-

1322 4546 1550 4622 genter
1597 4546 1660 4602 et
1708 4538 2126 4623 solempniter
2172 4538 2407 4602 lectum
2457 4544 2520 4601 et
2568 4538 2977 4619 ascultatum,
3011 4545 3075 4601 et
3121 4537 3312 4624 plene
3361 4560 3504 4601 cum
3549 4538 3686 4623 ipso
3720 4537 4023 4623 originali
4052 4559 4168 4623 per
4200 4539 4414 4602 omnia
4448 4538 4838 4603 concordare
4874 4540 4970 4602 in·

1324 4652 1608 4728 ventum,
1643 4645 1939 4710 dominus
1974 4645 2341 4709 Anthonius
2375 4644 2700 4731 predictus
2733 4652 3020 4731 potestas
3050 4645 3363 4726 Bononie,
3398 4652 3462 4708 et
3492 4645 3784 4732 prefatus
3833 4645 4128 4708 dominus
4160 4645 4559 4709 Thomaxius
4591 4647 4732 4731 ejus
4759 4646 4973 4729 judex

1321 4757 1388 4814 et
1420 4773 1726 4834 assessor,
1760 4752 1970 4838 ipsum
2004 4752 2373 4838 exemplum
2407 4752 2489 4815 ab
2522 4751 2882 4837 exemplari
2914 4772 3028 4814 suo
3064 4752 3128 4814 in
3162 4752 3360 4834 nu110,
3395 4751 3565 4837 quod
3597 4773 3857 4815 sensum
3887 4751 3991 4814 vel
4026 4751 4421 4815 intellectum
4454 4758 4684 4832 mutet,
4720 4752 4968 4818 discor-

1321 4859 1477 4922 dare
1526 4859 1897 4945 plenissime
1946 4868 2442 4945 cognoscentes,
2476 4867 2541 4923 et
2589 4859 2801 4945 ipsum
2848 4859 3163 4943 originale
3210 4861 3535 4944 integrum
3582 4866 3646 4922 et
3694 4859 4135 4945 incorruptum
4184 4865 4248 4922 et
4297 4859 4360 4922 in
4406 4859 4588 4923 nulla
4633 4860 4731 4922 sui
4778 4867 4973 4946 parte

1320 4967 1652 5048 vitiosum,
1705 4967 2111 5030 attendentes
2160 4966 2370 5030 eidem
2418 4966 2717 5052 exemplo
2766 4973 2837 5029 ut
2882 4965 2961 5030 de
3010 4973 3223 5030 cetero
3272 4967 3557 5051 legitime
3607 4965 4055 5029 insinuationis
4097 4968 4244 5050 jure
4293 4965 4578 5049 fruatur,
4627 4973 4693 5030 et
4738 4966 4974 5031 eodem

1321 5096 1446 5159 quo
1496 5074 1812 5159 originale
1862 5096 2069 5156 suum,
2105 5074 2329 5159 vigore
2379 5075 2683 5159 potiatur,
2719 5081 2781 5137 et
2831 5073 3021 5137 fidem
3070 5096 3253 5137 suam
3301 5081 3365 5137 et
3410 5074 3697 5138 comunis
3745 5072 4038 5137 Bononie
4079 5073 4531 5138 auctoritatem
4562 5074 4971 5159 interposue-

1319 5187 1469 5245 runt
1517 5191 1711 5264 atque
1761 5181 2110 5244 decretum.
2162 5181 2416 5245 Notarii
2460 5204 2614 5246 vero
2664 5189 2727 5245 et
2780 5189 2996 5263 testes,
3031 5182 3139 5266 qui
3185 5181 3473 5267 predicto
3521 5180 3819 5267 exemplo
3868 5180 3952 5244 ad
4000 5181 4315 5266 originale
4363 5203 4548 5244 suum
4589 5181 4871 5266 legendo
4907 5188 4973 5245 et

1321 5289 1703 5354 ascultando
1753 5298 2084 5375 presentes
2134 5289 2416 5371 fuerunt,
2464 5296 2614 5352 sunt
2663 5289 3089 5375 infrascripti:

1499 5397 1614 5479 (L.
1656 5399 1699 5479 †
1735 5399 1829 5480 S.)
1877 5397 2021 5481 Ego
2069 5398 2522 5484 Henrigiptus,
2569 5398 2739 5460 filius
2788 5397 3111 5482 quondam
3158 5396 3500 5480 Felicianj,
3542 5397 3872 5483 jmperialj
3921 5396 4305 5461 auctoritate
4347 5395 4555 5481 judex
4601 5397 4973 5461 ordinarius

1319 5514 1383 5569 et
1417 5506 1728 5586 notariae,
1763 5505 1884 5568 hoc
1919 5506 2288 5591 exemplum
2321 5527 2404 5568 ex
2438 5504 2846 5568 auctheiitico
2880 5504 3223 5589 privilegio
3257 5504 3497 5568 domini
3524 5503 3872 5586 Frederici,
3902 5504 4054 5568 olim
4078 5503 4521 5568 Romanorum
4547 5503 4973 5589 Imperatoris

1322 5619 1647 5697 sumptum
1698 5633 1813 5697 per
1859 5612 2350 5675 Lambertinum
2399 5611 2726 5675 Gualandi
2775 5612 3096 5675 notarium
3147 5611 3624 5697 infrascriptum
3674 5633 3889 5674 coram
3924 5611 4124 5675 nobili
4172 5611 4309 5675 viro
4344 5609 4601 5674 domino
4633 5610 4973 5675 Anthonio

1319 5721 1398 5785 de
1447 5721 1784 5804 FixiragO,
1835 5728 2153 5807 potestate
2204 5719 2515 5800 Bononie,
2551 5728 2614 5783 et
2663 5718 2921 5782 domino
2972 5719 3333 5782 Thomaxio
3381 5721 3519 5802 ejus
3563 5717 3781 5804 judice
3828 5725 3892 5782 ct
3940 5740 4284 5801 assessore,
4319 5717 4401 5781 ad
4449 5717 4692 5781 dictum
4739 5725 4972 5781 auten-

1319 5829 1515 5893 ticum
1562 5828 1978 5915 privilegium
2027 5850 2156 5891 una
2205 5849 2349 5890 cum
2398 5826 2825 5912 infrascriptis
2872 5825 3186 5890 Mathiolo
3235 5826 3313 5889 de
3354 5825 3737 5907 Romncorc,
3772 5825 3968 5889 Petro
4000 5825 4349 5910 Ugutionis
4382 5825 4460 5888 de
4495 5823 4971 5910 Bambaglolis,

1318 5937 1611 6001 Gerardo
1660 5937 1739 6001 de
1785 5936 2119 6001 Plastellis
2168 5943 2233 6000 et
2280 5936 2537 6000 domino
2585 5935 2937 5999 Lamberto
2985 5934 3256 6016 notari0,
3305 5933 3649 6018 diligenter
3695 5941 3760 5997 et
3804 5933 4080 5997 fideliter
4126 5932 4506 5997 abscultavi.
4540 5932 4624 5996 Et
4659 5933 4974 6018 quoniam

1319 6044 1482 6108 illud
1528 6045 1891 6109 invenimus
1939 6066 2084 6109 cum
2133 6045 2302 6108 dicto
2366 6043 2729 6107 auctentico
2792 6064 2908 6128 per
2971 6042 3186 6106 omnia
3248 6041 3671 6123 concordare,
3721 6049 3792 6104 ut
3853 6041 4061 6105 cidem
4108 6040 4406 6126 exemplo
4454 6040 4839 6103 adhibeatur
4888 6040 4973 6104 de

1318 6161 1532 6218 cetero
1581 6152 1777 6240 plena
1824 6152 2005 6237 fides,
2054 6153 2133 6216 de
2183 6152 2487 6216 mandato
2536 6151 2689 6215 dicti
2736 6149 2978 6214 domini
3024 6150 3381 6235 potcstatis,
3430 6171 3531 6212 me
3581 6149 3645 6212 in
3693 6154 3923 6211 testem
3971 6147 4339 6234 subscripsi.

1498 6261 1614 6344 (L.
1651 6261 1694 6341 †
1729 6260 1824 6342 S.)
1871 6260 2015 6346 Ego
2062 6260 2299 6325 Petrus
2340 6257 2723 6344 Uguicionis
2757 6257 2837 6321 de
2869 6256 3336 6342 BambagloliS,
3365 6255 3694 6342 jmperiali
3727 6255 4108 6319 auctoritate
4136 6254 4341 6338 judex
4374 6255 4734 6318 ordinarius
4768 6260 4971 6340 atque

1480 6494 1557 6560 (1)
1598 6494 1702 6546 sic.
