5542 7775
1617 626 2079 677 SPEGTANTIA
2134 626 2236 676 AD
2293 624 2804 675 PBOFESSORES
2861 624 3072 674 JURIS
3126 621 3391 673 CIVILIS
4216 600 4305 670 71

684 780 788 843 vel
835 779 1153 844 tradenda
1199 780 1563 845 continetur
1610 780 1716 845 vel
1764 780 2236 864 continebatur,
2284 780 2388 844 vel
2435 779 2895 866 equipolentia.
2946 784 3052 857 (13‘
3077 778 3244 843 Item
3300 776 3465 841 dixit
3526 775 3840 841 contineri
3888 776 3954 840 in
4000 775 4170 841 dicto
4224 785 4318 842 te-

687 893 1006 951 stamento
1056 886 1538 974 infrascriptum
1585 887 1895 973 legatum,
1943 887 2007 951 in
2053 887 2224 951 hunc
2270 887 2560 951 modum:

863 1000 973 1071 (Π
997 994 1165 1058 Item
1211 994 1504 1080 relinquo
1556 1001 1879 1059 trecentas
1925 994 2126 1058 libras
2169 994 2319 1058 bon.
2368 994 2448 1058 de
2496 1014 2689 1058 avere
2734 1014 2880 1058 meo
2927 1014 3044 1079 pro
3100 993 3268 1057 male
3316 992 3604 1078 quesitis,
3653 991 3933 1075 incertis,
3967 992 4320 1058 secundum

685 1100 858 1186 quod
921 1101 1287 1165 continetur
1347 1101 1452 1166 vel
1499 1100 1933 1166 continebitur
1977 1101 2044 1164 in
2101 1100 2331 1165 cedula
2391 1100 2546 1164 data
2610 1121 2724 1164 seu
2787 1099 3001 1164 danda
3064 1099 3368 1186 predictis
3430 1099 3618 1164 fratri
3675 1099 3872 1164 Petro
3935 1106 4003 1164 et
4060 1099 4319 1165 domino

684 1205 971 1290 Juliano,
1006 1207 1268 1294 sigilata
1301 1207 1515 1294 sigillo
1550 1229 1713 1290 meo,
1741 1208 1846 1271 vel
1892 1207 2349 1294 equipolentia.
2384 1214 2491 1285 (13‘
2516 1207 2827 1271 Preterea
2874 1207 3039 1271 dixit
3083 1207 3397 1272 contineri
3441 1208 3507 1271 in
3555 1207 3725 1272 dicto
3772 1229 3887 1272 suo
3935 1214 4320 1272 testamento

683 1314 750 1377 in
799 1314 971 1379 hunc
1017 1315 1315 1379 modum:

861 1428 968 1499 (13⁴
993 1421 1164 1486 Item
1228 1421 1689 1487 Bartholomeo
1739 1443 1883 1486 meo
1933 1422 2151 1508 nepoti
2199 1428 2265 1486 et
2310 1422 2531 1487 heredi
2596 1429 2876 1487 tutorem
2921 1427 2987 1486 et
3030 1421 3616 1486 administratorem
3673 1423 3958 1487 omnium
4005 1423 4321 1487 bonorum

684 1550 973 1593 meorum
1043 1529 1338 1616 relinquo
1407 1529 1739 1594 dominum
1800 1529 2138 1593 «Iulianum
2202 1529 2445 1594 domini
2506 1529 2760 1595 Cambii
2820 1528 3188 1616 Graciadey
3249 1529 3328 1594 de
3374 1535 3579 1594 strata
3632 1530 3839 1594 sancti
3881 1529 4140 1595 Vitalis.
4192 1529 4321 1595 Sed

687 1637 995 1722 quoniam
1041 1657 1247 1721 usque
1294 1635 1378 1700 ad
1425 1636 1675 1700 exitum
1737 1635 1870 1701 vite
1932 1635 2235 1701 recedere
2298 1636 2450 1701 licet
2516 1657 2556 1700 a
2618 1636 3079 1723 cuiuscumque
3140 1636 3287 1722 lege
3330 1637 3555 1701 ultime
3616 1637 3970 1702 voluntatis
4015 1643 4081 1701 et
4126 1636 4322 1701 etiam

687 1742 1000 1829 disposita
1061 1743 1415 1825 declarare,
1465 1749 1531 1807 et
1587 1748 1854 1830 propter
1915 1743 2354 1808 conditionum
2416 1749 2482 1808 et
2527 1764 2743 1807 rerum
2791 1763 3125 1808 successus
3170 1742 3400 1807 varios.
3433 1750 3729 1829 oporteat
3788 1765 3937 1808 eum
3996 1750 4322 1809 remutare

688 1849 1056 1934 consilium3
1091 1849 1329 1915 idcirco
1379 1850 1550 1915 idem
1596 1851 1892 1915 dominus
1941 1850 2394 1934 Francischus,
2428 1850 2717 1914 infirmus
2758 1871 3047 1937 corpore,
3095 1871 3292 1914 sanus
3336 1857 3554 1916 tamen
3587 1873 3781 1916 sensu
3813 1858 3878 1916 et
3907 1858 4143 1935 mente,
4176 1873 4321 1938 prc-

685 1963 898 2021 sentes
945 1963 1094 2043 post
1139 1956 1352 2043 ipsum
1398 1963 1857 2022 testamentum
1902 1979 2052 2022 suos
2101 1958 2420 2044 disposuit
2465 1957 2795 2023 codicillos
2842 1958 2907 2022 in
2954 1959 3127 2023 hunc
3173 1958 3457 2042 modum,
3491 1959 3560 2023 in
3603 1959 3836 2045 quibus
3883 1958 4161 2044 quedam
4205 1980 4322 2045 per

688 2084 840 2127 eum
884 2063 1198 2150 disposita
1255 2064 1611 2129 declaravit
1656 2071 1722 2130 et
1768 2064 2046 2150 quedam
2093 2066 2223 2129 alia
2270 2065 2493 2129 adidit.
2530 2071 2636 2144 (13‘
2659 2065 2883 2130 Primo
2917 2066 3175 2152 quidem
3208 2067 3451 2131 dictum
3484 2067 3771 2153 legatum
3801 2065 3977 2130 mille
4010 2065 4321 2130 librarum

682 2171 1171 2236 bononenorum
1219 2171 1284 2235 in
1329 2171 1502 2236 dicta
1556 2173 1698 2256 ejus
1744 2172 1973 2236 ultima
2031 2172 2365 2236 voluntate
2413 2173 2882 2259 conscriptum,
2931 2194 3062 2238 non
3117 2173 3413 2239 obstante
3461 2194 3538 2238 eo
3587 2173 3758 2260 quod
3819 2173 3985 2238 dixit
4038 2173 4101 2236 in
4149 2173 4320 2238 dicto

686 2299 802 2342 suo
849 2285 1259 2362 testamento,
1311 2278 1484 2359 quod
1531 2277 1841 2343 deberent
1890 2278 2189 2343 distribui
2234 2279 2590 2343 secundum
2636 2279 2809 2365 quod
2855 2279 2922 2343 in
2969 2281 3251 2376 quadam
3295 2281 3524 2345 cedula
3570 2280 3831 2366 sigilata
3862 2280 4051 2366 sigilo
4085 2281 4226 2365 ejus
4258 2286 4323 2344 et

685 2384 945 2468 tradita,
980 2406 1096 2450 seu
1127 2385 1444 2449 tradenda
1490 2385 1847 2471 predicti[s]
1896 2385 2085 2450 fratri
2130 2387 2328 2451 Petro
2376 2393 2442 2451 et
2486 2386 2745 2451 domino
2793 2387 3059 2452 «Iuliano
3104 2394 3298 2476 prout
3342 2389 3409 2452 in
3455 2388 3625 2453 dicto
3672 2388 3889 2474 legato
3937 2389 4321 2470 continetur,
4442 2463 4450 2469 ³

685 2492 855 2578 quod
904 2492 1196 2575 verbum,
1249 2492 1422 2578 quod
1465 2492 1721 2557 dixerat
1751 2492 1831 2558 de
1881 2493 2110 2557 cedula
2156 2493 2468 2580 predicta,
2517 2494 2687 2580 quod
2735 2494 3047 2559 deberent
3089 2495 3390 2559 distribui
3435 2495 3788 2560 secundum
3834 2495 4006 2581 quod
4051 2495 4117 2559 in
4150 2495 4323 2560 dicta

686 2599 917 2664 cedula
964 2600 1329 2663 continetur
1375 2599 1480 2663 vel
1529 2599 1981 2682 continebitur,
2017 2621 2308 2705 esprespe
2354 2600 2684 2666 revocavit
2727 2622 2845 2688 per
2880 2607 3212 2688 presentes
3245 2602 3602 2685 codicillos,
3637 2609 3702 2666 et
3733 2602 4063 2667 declarare
4096 2602 4321 2666 volens

691 2706 969 2770 formam
1012 2706 1308 2770 solvendi
1353 2705 1559 2770 dictas
1606 2707 1782 2770 mille
1814 2706 2014 2770 libras
2060 2708 2549 2772 bononenorum
2578 2730 2695 2794 pro
2729 2709 2871 2792 ejus
2910 2709 3128 2772 anima
3174 2709 3239 2772 in
3273 2708 3442 2773 dicto
3475 2731 3591 2773 suo
3624 2714 4010 2773 testamento
4043 2709 4324 2792 relictas,

686 2821 751 2879 et
798 2813 1031 2899 quibus
1079 2820 1144 2879 et
1189 2835 1306 2899 per
1353 2835 1513 2899 quas
1562 2822 1779 2900 partes
1827 2814 2183 2879 declaravit
2229 2822 2293 2879 et
2341 2815 2658 2902 disposuit
2705 2816 2871 2881 solvi
2919 2815 2983 2880 in
3031 2816 3203 2880 hunc
3250 2816 3554 2881 modum:

872 2928 980 2999 (15
1004 2922 1084 2986 In
1129 2922 1354 3009 primis
1402 2922 1661 3008 quidem
1709 2923 1913 2987 voluit
1959 2930 2022 2987 et
2084 2923 2419 2987 mandavit
2464 2924 2629 2987 solvi
2675 2930 2740 2988 et
2788 2923 2932 2988 dari
2976 2923 3211 2989 debere
3257 2945 3374 3011 pro
3408 2924 3625 2988 anima
3656 2947 3775 2989 sua
3806 2925 3885 2989 de
3934 2925 4119 2989 dictis
4152 2925 4328 2989 mille

691 3028 870 3092 libris
918 3029 1406 3093 bononenorum
1452 3029 1576 3093 filis
1626 3029 1933 3095 Gandulfi
1965 3030 2043 3094 de
2080 3030 2655 3116 Scarechaglaxini
2687 3031 2789 3096 sui
2835 3030 3064 3095 famuli
3096 3031 3320 3096 decem
3351 3031 3551 3096 libras
3580 3032 4070 3097 bononenorum
4102 3032 4330 3096 dandis

688 3135 929 3200 eisdem
978 3135 1047 3199 in
1093 3135 1344 3200 duobus
1391 3137 1578 3201 annis
1625 3137 1693 3201 in
1739 3136 2083 3202 furmento.
2132 3145 2240 3215 (ιζ
2266 3137 2435 3201 Item
2495 3137 2644 3201 filiis
2689 3137 3057 3224 Paparonis
3102 3139 3336 3224 viginti
3381 3138 3582 3203 libras
3628 3140 4136 3222 bononenorum,
4170 3161 4332 3225 quas

686 3243 851 3308 solvi
905 3243 1103 3308 voluit
1147 3243 1390 3308 eisdem
1437 3243 1501 3307 in
1549 3244 1799 3308 duobus
1848 3244 2033 3308 annis
2082 3244 2146 3307 in
2195 3244 2518 3309 frumento
2566 3252 2630 3308 et
2661 3245 2833 3310 vino.
2871 3251 2977 3322 (Π
3003 3245 3170 3310 Item
3202 3246 3393 3311 uxori
3424 3245 3835 3311 Cavalcantis
3866 3246 4099 3332 viginti
4129 3246 4331 3311 libras

689 3349 1199 3433 bononenorum,
1251 3372 1410 3436 quas
1468 3351 1634 3415 solvi
1694 3351 1900 3415 voluit
1962 3351 2170 3416 eidem
2233 3352 2299 3414 in
2362 3351 2614 3416 duobus
2671 3353 2858 3417 annis
2905 3353 2972 3416 in
3019 3352 3343 3417 frumento
3392 3360 3457 3416 et
3503 3353 3675 3417 vino,
3727 3360 3834 3431 (L‘
3860 3354 4028 3418 Item
4074 3354 4332 3420 domine

690 3457 1130 3539 Lambertine,
1179 3457 1414 3522 nutrici
1462 3457 1617 3522 olim
1677 3457 2007 3522 Castelani
2060 3458 2161 3522 sui
2204 3459 2342 3542 filii,
2397 3465 2540 3524 octo
2589 3459 2789 3524 libras
2835 3460 3237 3524 bononerum
3282 3460 3758 3547 compensando
3814 3460 3882 3524 id
3941 3461 4112 3546 quod
4164 3483 4364 3540 uxor,

693 3565 847 3630 olim
893 3564 1095 3651 ipsius
1144 3564 1387 3629 domini
1432 3564 1811 3629 Francischi
1858 3564 2067 3629 eidem
2113 3566 2411 3651 reliquid.
2460 3573 2567 3644 (Ῑῖ
2594 3566 2763 3631 Item
2793 3566 2990 3631 Petro
3022 3566 3292 3631 Feranti
3337 3567 3562 3632 decem
3592 3567 3791 3631 libras
3822 3567 4328 3652 bononenorum,

689 3694 849 3760 quas
897 3694 1047 3738 eum
1091 3672 1335 3737 habere
1382 3672 1587 3737 voluit
1634 3673 1700 3736 in
1763 3673 2086 3738 furmento
2148 3682 2212 3738 et
2259 3674 2430 3739 vino.
2496 3682 2603 3753 (13‘
2628 3674 2796 3739 Item
2850 3674 3155 3761 hospitali
3201 3674 3406 3739 Beate
3454 3675 3659 3740 Marie
3707 3676 3787 3739 de
3837 3674 4023 3740 Senis
4069 3676 4331 3762 viginti·

688 3781 971 3867 quinque
1016 3780 1221 3845 libras
1267 3780 1777 3846 bononenorum.
1826 3787 1934 3858 <12⁴
1960 3780 2130 3846 Item
2175 3781 2485 3868 hospitali
2530 3782 2738 3847 sancti
2788 3781 2939 3846 Gali
2985 3781 3064 3846 de
3123 3781 3520 3865 F[l]orentia
3580 3782 3803 3847 decem
3860 3783 4063 3848 libras
4123 3784 4325 3849 bono-

688 3911 1023 3955 nenorum.
1076 3893 1183 3965 (Ῑῖ
1210 3888 1378 3952 Item
1420 3888 1728 3975 hospitali
1774 3889 1973 3953 stanti
2020 3889 2086 3953 in
2134 3889 2391 3976 alpibus
2439 3890 2518 3954 de
2563 3889 2899 3955 Florentia
2944 3889 3178 3976 viginti
3221 3891 3438 3956 soldos
3470 3890 3977 3956 bononenorum.
4026 3898 4132 3969 (Π
4159 3892 4326 3957 Item

685 3996 995 4084 hospitali
1049 3996 1250 4060 stanti
1280 3995 1346 4059 in
1402 3996 1658 4082 alpibus
1704 3996 1940 4061 montis
1987 3996 2194 4061 sancti
2241 3996 2563 4061 Bernardi
2607 3996 2832 4062 decem
2877 3998 3077 4062 libras
3123 3997 3633 4063 bononenorum.
3680 4005 3787 4076 (Ῑῖ
3811 3999 3980 4063 Item
4025 3999 4334 4085 hospitali

692 4104 942 4170 Domus
988 4103 1114 4186 dei,
1167 4124 1293 4188 que
1340 4110 1439 4167 est
1483 4103 1789 4168 Parixius
1837 4103 2007 4168 iusta
2054 4103 2316 4169 domum
2362 4111 2578 4169 nostre
2626 4104 2928 4187 Domine,
2963 4105 3186 4170 decem
3232 4104 3432 4169 libras
3478 4104 3986 4171 bononenorum.
4034 4114 4140 4185 (ξ’
4165 4107 4335 4171 Item
4387 4127 4393 4134 ’

689 4211 999 4299 hospitali
1058 4210 1268 4274 sancti
1332 4210 1650 4295 Anthonij
1714 4211 1794 4275 de
1855 4210 2116 4276 Vienna
2177 4211 2387 4297 posito
2449 4212 2515 4275 in
2577 4211 2961 4298 Burgundia
3026 4212 3498 4298 quinquaginta
3559 4213 3758 4277 libras
3825 4214 4331 4280 bononenorum.

692 4326 797 4396 (Ῑῖ
823 4319 991 4383 Item
1036 4316 1347 4404 hospitali
1394 4317 1607 4403 posito
1656 4318 1723 4381 in
1769 4318 2014 4403 Anglia
2059 4318 2232 4382 ultra
2280 4318 2723 4402 Cantauriam,
2758 4318 2824 4383 in
2866 4318 3045 4383 Villa
3079 4341 3202 4405 que
3234 4326 3504 4384 vocatur
3537 4319 3779 4406 Ospizi,
3813 4321 4095 4406 quinque
4135 4322 4336 4386 libras

685 4426 1196 4491 bononenorum.
1244 4430 1351 4501 (ιζ’
1378 4424 1548 4488 Item
1598 4425 1905 4511 hospitali
1952 4425 2160 4510 posito
2210 4424 2274 4489 in
2317 4425 2563 4511 Anglia
2610 4426 2675 4490 in
2721 4425 3102 4511 Londonijs,
3138 4426 3323 4512 quasi
3364 4427 3430 4491 in
3464 4426 3730 4492 introitu
3764 4428 4042 4492 civitatis
4075 4429 4333 4514 quando

689 4534 946 4598 venitur
993 4533 1072 4597 de
1120 4531 1402 4596 Francia
1448 4538 1515 4596 et
1560 4532 1688 4595 itur
1735 4532 1802 4595 in
1853 4532 2118 4618 Anglia,
2154 4533 2436 4618 quinque
2469 4533 2667 4597 libras
2697 4524 3339 4611 bononenorum.(];‘
3359 4534 3523 4599 Item
3556 4534 3863 4621 hospitali
3894 4536 4029 4600 sive
4061 4536 4332 4620 Domus,

686 4662 811 4728 que
869 4647 1140 4705 vocatur
1203 4646 1465 4704 sanctus
1531 4638 1832 4703 Thomax
1894 4639 1973 4704 de
2019 4639 2199 4723 Acri,
2240 4641 2453 4726 posito
2501 4640 2566 4704 in
2614 4640 2859 4726 Anglia
2908 4641 2973 4704 in
3022 4642 3282 4706 civitate
3327 4642 3683 4707 Londoniis
3737 4643 3805 4706 in
3851 4650 4146 4708 contrata
4210 4666 4334 4730 que

693 4747 931 4814 dicitur
994 4746 1309 4833 Guazapa
1370 4746 1847 4832 quinquaginta
1907 4747 2107 4811 libras
2176 4748 2684 4812 bononenorum.
2747 4754 2854 4825 (Π
2873 4748 3040 4813 Item
3103 4749 3406 4836 hospitali
3471 4749 3681 4835 posito
3745 4771 3891 4815 cum
3952 4752 4208 4815 venitur
4255 4751 4334 4817 de

690 4854 1041 4919 Alamania
1089 4875 1316 4919 versus
1366 4852 1829 4917 Lombardiam
1865 4853 1930 4916 in
1963 4859 2180 4918 monte
2214 4854 2422 4918 sancti
2455 4853 2733 4918 Gutardi
2766 4855 3200 4941 quadraginta
3231 4855 3446 4920 soldos
3478 4856 3984 4920 bononenorum.
4034 4865 4139 4934 (15
4165 4857 4335 4923 Item

690 4961 1061 5048 Malgarite,
1099 4960 1335 5025 nutrici
1364 4959 1832 5047 Bartholomey
1864 4961 1966 5025 sui
2011 4962 2287 5048 nepotis,
2335 4961 2508 5025 ultra
2555 4961 2867 5025 salarium
2914 4963 3082 5048 quod
3115 4962 3357 5027 habere
3390 4962 3602 5046 debet,
3651 4985 3770 5028 sex
3801 4963 4001 5028 libras
4049 4964 4332 5030 bonone·

694 5090 944 5134 norum.
994 5074 1102 5146 (Ῑῖ
1122 5068 1289 5132 Item
1323 5066 1580 5132 domine
1615 5067 1933 5133 Ghisiline
1966 5069 2155 5133 uxori
2188 5069 2514 5154 quondam
2553 5068 2796 5133 domini
2826 5069 3245 5154 Bonacurxii‚
3279 5070 3562 5156 quinque
3594 5070 3795 5134 libras
3825 5070 4333 5138 bononenorum.

692 5175 861 5241 Item
892 5174 1260 5240 Richildine
1293 5174 1600 5239 servienti
1633 5174 1799 5239 dicte
1833 5175 2089 5240 domine
2123 5174 2464 5260 Ghisiline,
2492 5176 2925 5261 quadraginta
2957 5176 3173 5241 soldos
3204 5177 3711 5242 bononenorum.
3745 5185 3851 5256 (12²
3876 5178 4044 5242 Item
4076 5179 4333 5245 domine

691 5283 1039 5369 Pelegrine
1108 5281 1238 5346 filie
1288 5281 1533 5346 domini
1577 5282 1749 5347 Nevi
1792 5282 2103 5369 Rainery,
2151 5283 2255 5347 vel
2303 5268 2445 5367 ejus
2491 5284 2621 5348 filie
2685 5283 2972 5348 nundum
3046 5291 3281 5371 nupte,
3330 5306 3476 5349 cum
3521 5283 3722 5349 nubet
3785 5285 3892 5350 vel
3952 5287 4336 5373 religionem

693 5412 810 5455 seu
856 5388 1318 5455 monasterium
1360 5388 1646 5471 intrabit,
1680 5389 1911 5474 viginti
1957 5390 2157 5454 libras
2204 5389 2710 5455 bononenorum.
2759 5399 2865 5468 (15
2892 5391 3058 5455 Item
3106 5391 3414 5456 fratribus
3461 5399 3526 5456 et
3572 5394 3917 5457 conventui
3947 5394 4223 5459 fratrum
4254 5395 4334 5459 de

695 5497 915 5563 Servis
988 5496 1225 5562 Sancte
1291 5495 1498 5560 Marie
1547 5497 2015 5561 comorantium
2083 5497 2416 5581 Bononie,
2463 5519 2581 5586 pro
2652 5498 2974 5563 laborerio
3020 5499 3247 5563 domus
3294 5499 3527 5585 viginti
3573 5499 3772 5564 libras
3828 5501 4335 5568 bononenorum.

694 5611 801 5683 (13‘
824 5604 994 5669 Item
1040 5603 1246 5669 voluit
1292 5610 1357 5668 et
1403 5604 1735 5669 mandavit
1783 5604 1954 5690 quod
2024 5605 2199 5669 omni
2251 5627 2420 5671 anno
2470 5628 2674 5692 usque
2736 5607 2820 5671 ad
2877 5607 3374 5693 quadriennium
3433 5608 3784 5672 induantur
3849 5616 4105 5673 centum
4176 5632 4335 5696 pau-

691 5732 901 5798 peres,
951 5711 1162 5775 silicet
1209 5710 1729 5797 vigintiquinque
1776 5734 1893 5798 pro
1945 5712 2234 5798 quolibet
2279 5715 2626 5798 quarterio,
2674 5713 3137 5800 espen[den]do
3185 5721 3251 5779 et
3296 5713 3508 5779 dando
3555 5715 3621 5779 in
3668 5716 3957 5780 vestibus
3991 5718 4337 5801 cujuslibet

692 5819 998 5906 pauperis
1047 5817 1281 5903 viginti
1325 5817 1542 5883 soldos
1588 5819 2097 5884 bononenorum.
2150 5826 2258 5897 <ff
2277 5820 2447 5884 Item
2492 5820 2711 5885 domui
2758 5820 3156 5885 misellorum
3216 5821 3296 5885 de
3341 5821 3595 5887 Mutina
3641 5822 4075 5909 quadraginta
4120 5824 4337 5890 soldos

694 5926 1203 5990 bononenorum.
1253 5931 1360 6002 (Ῑῖ
1385 5925 1575 6009 Item,
1625 5948 1740 6012 pro
1811 5927 2255 5992 anniversario
2304 5949 2420 5992 suo
2468 5926 2788 6010 faciendo,
2837 5928 3147 5992 fratribus
3194 5928 3550 5993 minoribus
3611 5929 3691 5994 de
3759 5929 4058 5994 Bononia
4104 5932 4337 6016 viginti

697 6034 980 6119 quinque
1027 6032 1228 6096 libras
1276 6032 1782 6116 bononenorum,
1832 6033 1898 6097 in
1948 6034 2179 6119 quibus
2227 6041 2634 6121 computetur
2678 6036 2867 6122 panis
2913 6044 2978 6099 et
3022 6035 3246 6100 vinum
3290 6036 3370 6100 de
3417 6057 3535 6101 suo
3581 6036 3813 6101 dando.
3864 6045 3970 6114 (Π
3992 6038 4158 6102 Item
4192 6059 4332 6103 car-

695 6140 929 6206 ceratis
981 6139 1060 6203 de
1110 6160 1370 6204 camara
1417 6140 1734 6227 superiori
1798 6147 1863 6205 et
1924 6141 2003 6205 de
2067 6141 2259 6206 Turri
2322 6143 2401 6207 de
2448 6142 2676 6206 subtus
2724 6143 3096 6208 Communis
3142 6143 3435 6208 Bononie
3483 6164 3686 6229 usque
3735 6143 3819 6208 ad
3865 6143 4086 6208 decem
4133 6166 4337 6210 annos

695 6248 871 6312 omni
939 6268 1132 6328 anno,
1181 6247 1493 6312 solvendo
1562 6248 2043 6333 particulariter
2104 6249 2277 6313 omni
2324 6270 2495 6314 anno
2543 6249 2766 6314 decem
2813 6250 3039 6314 corbes
3088 6250 3394 6315 furmenti
3440 6250 3507 6314 in
3554 6271 3723 6337 pane
3785 6257 3849 6314 et
3910 6251 4132 6316 decem
4180 6252 4335 6317 vini.

696 6361 803 6432 (Ῑῖ
823 6354 993 6418 Item
1038 6353 1465 6441 infrascriptis
1524 6354 1833 6418 fratribus
1904 6355 2146 6420 ordinis
2207 6356 2699 6421 Predicatorum
2760 6356 2841 6421 de
2887 6357 3207 6439 Bononia,
3255 6357 3559 6421 videlicet
3604 6356 3793 6422 fratri
3851 6358 4209 6423 Bertholdo
4258 6359 4336 6424 de

693 6460 961 6543 Ferara,
994 6459 1197 6546 priori
1241 6460 1559 6526 dictorum
1605 6460 1879 6525 fratrum
1925 6462 2403 6549 predicatorum
2451 6463 2529 6527 de
2575 6462 2894 6547 Bononia,
2929 6471 3036 6542 (L‘
3062 6463 3248 6528 fratri
3298 6463 3547 6529 Simoni
3594 6465 3672 6530 de
3719 6465 3957 6530 Fracta
4007 6465 4340 6552 Superiori
