5542 7775
1485 680 1946 730 sPEc'rANTlA
1989 681 2091 728 AD
2132 678 2345 729 Pnor.
2387 678 2624 749 pum,
2665 677 2962 727 HUMAN.
3007 676 3153 725 ΜΤ.
3194 675 3288 724 ΕΤ
3327 672 3597 724 TflnoL.
4207 652 4359 722 245

726 838 830 901 vel
880 859 1025 900 cum
1075 836 1368 918 relativo,
1404 836 1457 899 si
1496 837 1568 900 fit
1614 835 1908 917 latinum,
1941 833 2045 896 vel
2079 833 2236 897 sine.
2287 832 2356 895 Si
2405 832 2476 894 fit
2520 830 2792 894 latinum
2844 852 2988 894 cum
3034 828 3325 911 relativo,
3360 828 3415 891 si
3447 827 3918 892 substantivum
3953 826 4123 891 illius
4164 829 4361 914 parti-

722 944 879 1029 cipij
929 965 1043 1030 per
1095 942 1265 1029 quod
1313 943 1505 1007 datur
1552 943 1790 1023 thema,
1829 940 2026 1004 habet
2071 947 2430 1026 respectum
2480 937 2560 1000 ad
2610 937 2785 1000 aliud
2827 936 3097 1001 verbum
3138 958 3330 1021 quam
3364 934 3445 999 ad
3476 934 3907 1020 participium,
3939 933 4050 998 fiet
4089 935 4361 999 latinum

724 1050 1114 1114 substantivi
1162 1049 1459 1135 ponendo
1513 1049 1856 1113 relativum
1904 1067 2050 1109 cum
2096 1045 2207 1109 illo
2259 1044 2504 1108 infinito
2555 1043 2724 1106 illius
2771 1042 3096 1129 participij
3143 1042 3283 1106 loco
3324 1041 3658 1127 suppositi,
3693 1041 3744 1104 si
3786 1049 3883 1107 est
3915 1042 4183 1106 verbum
4213 1063 4361 1127 pas·

726 1160 958 1240 sivum,
1006 1156 1111 1220 vel
1162 1157 1302 1221 loco
1350 1154 1843 1238 terminationis,
1893 1154 1947 1216 si
1996 1159 2092 1217 est
2141 1152 2315 1216 aliud
2367 1172 2558 1238 quam
2605 1151 2955 1236 passivum,
3002 1156 3074 1213 ut
3118 1150 3182 1212 in
3230 1150 3351 1213 isto
3398 1149 3702 1214 themate.
3746 1175 3775 1206 α
3812 1149 3905 1214 Lo
3946 1152 4198 1214 maistro
4234 1171 4362 1215 ser-

721 1269 838 1331 vito
885 1287 958 1328 va
1004 1287 1044 1328 a
1090 1265 1153 1329 Ia
1189 1266 1399 1362 piazag
1453 1262 1749 1348 Mayister
1793 1263 1895 1325 cul
1954 1261 2220 1345 aliquem
2277 1259 2406 1341 fuit
2466 1260 2722 1340 servire,
2770 1257 2891 1322 hoc
2953 1265 3157 1321 totum
3220 1264 3317 1320 est
3378 1256 3519 1320 loco
3582 1256 3930 1343 suppositi,
3980 1259 4070 1321 vel
4128 1259 4230 1322 cui
4287 1256 4364 1321 ab

718 1374 929 1458 aliquo
970 1373 1098 1455 fuit
1142 1373 1399 1453 serviri,
1447 1371 1568 1434 hoc
1618 1377 1716 1433 cst
1763 1368 2204 1454 suppositum,
2252 1367 2419 1429 radit
2463 1367 2549 1429 ad
2578 1367 2852 1451 plateam
2901 1388 2975 1447 »3
3024 1364 3126 1428 vel
3174 1364 3237 1427 in
3286 1364 3408 1428 isto
3457 1363 3619 1428 alio:
3666 1390 3695 1421 α
3735 1363 3829 1428 Lo
3865 1368 4117 1429 maistro
4160 1372 4364 1429 amalo

729 1504 800 1545 ra
847 1503 887 1544 a
936 1481 999 1544 la
1034 1482 1261 1565 piaza:
1309 1477 1628 1563 Mayister‚
1677 1497 1853 1561 quem
1893 1476 2022 1558 fuit
2067 1475 2293 1555 amari,
2345 1474 2510 1537 vadit
2555 1473 2640 1537 ad
2676 1473 2951 1557 plateam
2993 1494 3053 1553 »3
3097 1470 3202 1534 vel
3249 1472 3385 1534 sine
3433 1471 3727 1554 relativo,
3775 1471 3830 1535 si
3889 1472 4364 1537 substantivum

728 1586 1052 1674 participij
1101 1595 1229 1650 non
1276 1584 1541 1649 habebit
1589 1590 1952 1669 respectum
2001 1581 2123 1645 nisi
2171 1580 2254 1643 ad
2310 1579 2470 1644 illud
2524 1579 2934 1666 participium
2987 1578 3050 1642 in
3106 1578 3389 1642 themate
3445 1578 3742 1664 ponendo
3797 1578 3955 1642 illud
4017 1580 4364 1644 substanti·

721 1717 874 1758 vum
922 1694 1063 1757 loco
1113 1692 1427 1778 suppositi
1477 1691 1648 1754 illius
1697 1689 1953 1770 infiniti,
1988 1689 2042 1752 si
2088 1696 2186 1752 est
2234 1687 2584 1774 passivum,
2617 1687 2721 1750 vel
2769 1687 2911 1750 loco
2958 1685 3448 1767 terminationis,
3482 1685 3536 1748 si
3584 1685 3705 1749 erit
3753 1685 3931 1750 aliud
3975 1708 4168 1772 quam
4215 1708 4363 1772 pas-

720 1802 955 1882 sivum,
990 1808 1054 1865 et
1088 1799 1387 1864 ordinare
1436 1797 1597 1861 illud
1646 1797 1966 1860 infinitum
2019 1796 2102 1859 ad
2148 1794 2549 1881 suppositum
2595 1794 2768 1857 illius
2812 1793 2992 1857 verbi
3032 1792 3173 1874 fuit,
3209 1800 3277 1856 ut
3313 1793 3375 1856 in
3411 1791 3531 1856 isto
3566 1793 3881 1857 themate:
3926 1818 3959 1851 ‹
3991 1793 4084 1858 Lo
4115 1797 4365 1859 maistro

719 1910 751 1972 ὲ
797 1915 1082 1993 aprezato
1128 1907 1210 1970 cla
1256 1908 1303 1969 li
1348 1907 1609 1970 scolari..-
1647 1904 2022 1989 Maye'strum
2061 1903 2189 1985 fuit
2236 1904 2412 1967 licere
2455 1924 2496 1965 a
2538 1900 2871 1965 scolaribus
2904 1924 2964 1983 ιι,
3000 1900 3102 1964 vel
3153 1901 3272 1963 isto
3320 1899 3542 1963 modo:
3588 1924 3618 1957 «ι
3654 1898 3747 1963 Lo
3777 1903 4030 1965 maistro
4060 1903 4090 1965 ἑ
4119 1903 4366 1967 assalito

715 2016 799 2079 da
845 2017 892 2078 li
941 2014 1240 2078 scholari:
1292 2013 1609 2077 Scholares
1649 2012 1779 2094 fuit
1823 2010 2078 2097 aqyredi
2121 2011 2484 2095 mayisttwn
2532 2034 2595 2071 ».

903 2208 1194 2315 Explicit
1239 2227 1537 2292 Donatus
1584 2248 1702 2313 per
1749 2225 1972 2289 modos
2020 2223 2425 2310 significandi
2471 2223 2884 2310 compositus.
2932 2222 3073 2287 Deo
3118 2222 3384 2308 gratias.
3433 2222 3667 2286 Amen.

906 2336 1029 2420 [In
1070 2335 1271 2420 fine:]

905 2443 1282 2529 Expliciunt
1330 2442 1556 2506 Flores
1604 2441 1896 2505 veritatis
1945 2439 2298 2525 gramatice
2347 2438 2683 2524 compositi
2729 2459 2768 2501 a
2816 2438 3126 2523 magistro
3173 2437 3555 2522 Bertolutio,
3590 2438 3790 2502 fratre
3830 2438 4123 2524 magistri
4169 2438 4363 2504 Guic-

723 2551 901 2614 zardi
948 2549 1404 2632 Bononiensis,
1442 2549 1553 2633 qui
1594 2549 1656 2611 in
1707 2547 2001 2633 partibus
2048 2546 2344 2610 omnibus
2390 2545 2986 2629 Lonibardequess)
3020 2544 3251 2609 Tuscie
3291 2545 3513 2609 doctor
3544 2544 3879 2609 doctorum
3910 2546 3973 2608 in
4007 2546 4366 2631 gramatica

730 2665 1085 2745 reputatur.

908 2767 1244 2833 Johannes
1292 2765 1372 2829 de
1424 2764 1688 2851 Spoleto
1735 2770 2005 2828 vocatur
2052 2784 2091 2826 a
2139 2761 2393 2827 Christo
2441 2760 2879 2825 benedicatur.

905 2872 1193 2960 Explicit

904 3176 985 3242 (ι)
1029 3174 1135 3227 sse.
