5542 7775
1192 620 1221 688 1
1245 620 1336 691 16
2756 643 3240 693 MONUMENTA

1171 794 1438 879 prefatis
1486 793 1876 877 nivernensi,
1925 802 2076 858 tnnc
2123 795 2523 877 bononiensi,
2558 802 2623 859 et
2664 796 3074 881 mirapicensi
3122 797 3438 883 episcopis
3487 797 3868 862 dicebantur
3915 799 4120 882 illata,
4155 821 4512 881 commune,
4542 802 4820 888 populns

1170 907 1234 964 et
1282 902 1669 965 universitas
1714 902 2141 966 bononienses
2189 902 2461 988 predicti
2507 910 2753 966 starent
2799 910 2864 966 et
2909 912 3213 988 parerent
3261 926 3404 968 eum
3451 905 3684 970 effectu
3733 906 4051 970 voluntati
4097 913 4163 970 et
4204 906 4592 972 ordinationi
4625 930 4817 973 vene-

1166 1008 1389 1071 rabilis
1436 1007 1657 1071 fratris
1706 1008 1909 1071 nostri
1954 1008 2288 1072 Ainibaldi
2337 1008 2619 1094 episcopi
2667 1010 2995 1073 tusculani
3042 1032 3236 1096 snper
3294 1011 3374 1095 ijs
3432 1011 3495 1074 in
3553 1033 3821 1075 romana
3884 1011 4081 1076 Curia
4141 1013 4471 1096 faciende,
4521 1022 4586 1079 et
4649 1016 4817 1101 quod

1166 1137 1361 1200 super
1407 1114 1658 1179 damnis
1707 1123 1770 1179 et
1820 1116 2110 1199 injuriis,
2161 1137 2283 1201 que
2345 1116 2775 1180 familiaribus
2823 1117 3115 1201 ejusdem
3161 1118 3445 1204 episcopi
3493 1119 3790 1183 ostiensis
3839 1127 3904 1183 et
3951 1122 4241 1206 personis
4288 1121 4436 1205 alijs
4484 1131 4636 1187 tuno
4680 1125 4816 1186 exi-

1170 1223 1488 1286 stentibus
1552 1223 1617 1286 in
1674 1244 1792 1287 suo
1853 1224 1956 1287 vel
2014 1223 2303 1287 Ecclesie
2368 1245 2631 1287 romane
2695 1224 2957 1288 servitio
3025 1246 3140 1310 per
3186 1225 3358 1311 ipsos
3408 1226 3835 1291 bononienses
3883 1228 4171 1313 irrogata
4227 1229 4522 1311 fuerunt,
4573 1238 4818 1294 starent

1170 1330 1597 1394 effectualiter
1642 1337 1706 1394 et
1750 1338 2056 1416 parerent
2102 1331 2289 1395 totali
2337 1331 2724 1396 ordinationi
2781 1340 2846 1396 et
2907 1333 3225 1396 voluntati
3289 1340 3539 1415 nostre,
3591 1335 3693 1398 vel
3751 1334 3959 1418 illius,
4008 1357 4121 1399 seu
4194 1336 4484 1419 illorum,
4536 1338 4639 1401 cui
4709 1340 4811 1402 vel

1166 1438 1419 1522 quibus,
1468 1445 1532 1501 et
1582 1438 1714 1519 ubi,
1764 1438 1885 1502 hoc
1933 1438 2312 1502 duceremus
2362 1440 2912 1503 committendum.

1340 1545 1647 1610 Promisit
1696 1546 1959 1631 insuper
2006 1552 2071 1610 et
2112 1547 2360 1631 juravit
2422 1547 2589 1610 idem
2651 1547 2935 1611 sindicus
2984 1549 3240 1612 nomine
3288 1555 3353 1612 et
3407 1549 3475 1612 in
3522 1549 3770 1612 animas
3818 1551 4343 1615 constituentium
4400 1553 4809 1636 eorumdem,

1172 1653 1344 1737 quod
1391 1653 1629 1717 damna
1678 1654 1895 1717 omnia
1943 1660 2007 1718 et
2054 1654 2312 1738 singula
2360 1676 2475 1739 per
2520 1654 2693 1740 ipsos
2735 1676 3092 1737 commune,
3127 1656 3437 1742 populum
3470 1663 3536 1718 et
3567 1657 4053 1721 universitatem
4086 1658 4254 1722 dicte
4288 1659 4568 1722 civitatis
4603 1659 4812 1724 eidem

1166 1759 1456 1824 Ecclesie
1505 1758 1789 1842 romane,
1824 1762 1928 1824 vel
1977 1761 2124 1845 alijs
2173 1761 2464 1845 ecclesijs
2512 1768 2577 1825 et
2622 1761 2915 1848 personis
2956 1762 3407 1827 ecclesiasticis
3456 1762 3753 1845 civitatis,
3798 1765 4138 1827 comitatus
4185 1774 4248 1829 et
4297 1765 4623 1830 districtus
4666 1788 4811 1852 pre-

1168 1868 1489 1933 dictorum
1538 1868 1602 1932 in
1649 1868 1842 1932 rebus
1894 1868 2327 1932 immobilibus
2382 1868 2484 1932 vel
2550 1869 2897 1932 mobilibus
2944 1890 3018 1933 ac
3061 1869 3317 1953 juribus
3373 1891 3486 1933 seu
3537 1870 3720 1933 bonis
3769 1871 4277 1958 quibuscumque
4327 1873 4813 1959 quomodolibet

1171 1975 1478 2061 irrogata,
1513 1976 1666 2040 dicti
1715 1998 2071 2059 commune,
2108 1976 2494 2040 universitas
2542 1984 2607 2039 et
2654 1977 2931 2062 populns
2978 1976 3407 2041 bononienses
3454 1977 3662 2040 eidem
3709 1978 3998 2042 Ecclesie
4049 2000 4311 2043 romane
4359 1987 4424 2044 et
4465 1981 4612 2064 alijs
4659 1981 4811 2045 lesis

1167 2084 1457 2168 ecclesijs
1506 2092 1569 2147 et
1618 2084 1908 2169 personis
1957 2084 2408 2148 ecclesiasticis
2456 2084 2645 2169 plene
2696 2084 3100 2166 resarcirent,
3150 2091 3215 2147 et
3255 2084 3426 2148 bona
3474 2107 3590 2171 per
3637 2085 3809 2170 ipsos
3856 2085 4097 2149 eisdem
4130 2108 4394 2151 romane
4428 2096 4492 2151 et
4527 2089 4675 2173 alijs
4708 2110 4811 2152 ec-

1167 2192 1382 2275 clesijs
1430 2199 1493 2255 ct
1540 2193 1832 2277 personis
1880 2191 2333 2255 ecclesiasticis
2381 2191 2601 2253 ablata
2656 2191 2760 2254 vel
2809 2200 3122 2277 occupata
3170 2214 3283 2256 seu
3322 2192 3586 2256 detenta
3634 2215 3749 2278 per
3796 2215 3906 2257 eos
3953 2194 4196 2258 eisdem
4245 2217 4506 2258 romane
4553 2204 4618 2260 et
4661 2196 4810 2280 alijs

1166 2301 1457 2384 ecclesijs
1504 2307 1567 2363 et
1610 2301 1902 2385 personis
1950 2299 2402 2364 ecclesiasticis
2453 2321 2595 2363 eum
2647 2299 3016 2383 integritate
3071 2300 3505 2383 restituerent,
3555 2307 3618 2364 et
3668 2301 3730 2364 in
3778 2322 3938 2387 pace
3987 2302 4413 2385 dimitterent,
4463 2312 4527 2367 et
4573 2304 4810 2367 damna

1163 2408 1345 2471 illata
1403 2414 1467 2472 et
1528 2407 1695 2470 bona
1745 2407 2117 2491 hujusmodi
2163 2414 2476 2492 occupata
2540 2429 2656 2492 per
2717 2406 3080 2491 singulares
3127 2429 3436 2492 personas
3495 2408 3778 2493 ipsorum
3826 2408 4115 2473 facerent
4164 2418 4476 2495 quantum
4523 2411 4805 2496 pertine-

1167 2524 1309 2579 rent
1355 2515 1435 2578 ad
1487 2515 1745 2578 eosdem
1793 2515 2301 2595 universitatem,
2354 2534 2689 2577 commune
2736 2521 2800 2577 et
2849 2513 3159 2600 populum
3208 2514 3612 2598 integraliter
3658 2516 3954 2580 resarciri
4003 2524 4067 2580 et
4115 2518 4386 2599 restitui,
4421 2525 4485 2581 et
4534 2519 4596 2581 in
4650 2540 4809 2604 pace

1168 2623 1402 2687 dimitti
1451 2623 1691 2686 eisdem
1741 2644 2005 2686 romane
2055 2629 2119 2685 et
2166 2621 2312 2705 alijs
2362 2622 2652 2705 ecclesijs
2699 2628 2763 2685 et
2811 2622 3101 2706 personis
3149 2622 3600 2686 ecclesiasticis
3655 2624 4053 2705 memoratis,
4103 2624 4405 2710 ipsasque
4471 2647 4806 2689 romanam

1166 2740 1228 2794 et
1277 2731 1440 2794 alias
1488 2731 1794 2794 ecclesias
1842 2740 1907 2793 et
1952 2751 2262 2816 personas
2311 2729 2780 2792 ecclesiasticas
2825 2730 2888 2791 in
2921 2729 3054 2792 suis
3087 2729 3515 2811 libertatibus,
3549 2730 3733 2794 bonis
3770 2751 3846 2794 ac
3872 2732 4128 2815 juribus
4161 2738 4225 2795 et
4251 2733 4808 2816 jurisdictionibus

1165 2839 1675 2923 quibuscumque
1725 2845 2203 2917 conservarent,
2253 2858 2459 2922 eaque
2506 2836 2767 2899 minime
2817 2844 3240 2922 usurparent;
3275 2844 3340 2900 et
3385 2838 3439 2899 si
3487 2837 3877 2901 contrarium
3924 2860 4040 2924 per
4088 2839 4370 2924 aliquem
4403 2840 4506 2903 vel
4555 2841 4807 2925 aliquos

1167 2946 1330 3010 foret
1380 2954 1787 3027 attentatum,
1823 2945 1908 3027 id,
1945 2967 2088 3008 cum
2136 2945 2218 3007 ad
2268 2944 2553 3030 ipsorum
2603 2944 2900 3008 notitiam
2944 2946 3341 3030 perveniret,
3377 2944 3663 3009 facerent
3711 2947 3824 3027 eis,
3859 2946 3942 3009 ad
3988 2968 4149 3031 quos
4196 2947 4568 3032 pertineret,
4612 2969 4807 3033 quam

1166 3055 1353 3118 citius
1402 3062 1684 3139 possent,
1735 3052 2066 3117 commode
2113 3053 2465 3116 emendari.

1340 3162 1644 3224 Promisit
1692 3161 1887 3224 etiam
1936 3160 2192 3224 nomine
2242 3159 2769 3223 constituentium
2817 3159 3287 3245 predictorum,
3339 3160 3509 3245 qnod
3556 3160 3677 3245 ipsi
3723 3161 4170 3245 permitterent
4216 3162 4417 3226 libere
4467 3164 4636 3248 quod
4693 3185 4806 3226 ex-

1160 3271 1330 3356 pulsi
1377 3269 1455 3332 de
1505 3269 1765 3332 civitate
1815 3290 1928 3332 seu
1977 3268 2283 3332 comitatu
2341 3268 2446 3331 vel
2493 3267 2785 3331 districtu
2835 3267 3169 3353 predictiS,
3221 3268 3468 3332 ratione
3516 3269 3929 3354 partialitatis
3994 3268 4362 3351 dumtaxat,
4413 3292 4538 3333 non
4588 3278 4806 3334 tamen

1162 3377 1412 3441 banniti
1458 3384 1724 3462 propter
1770 3398 2074 3440 excessus
2122 3376 2225 3439 vel
2273 3376 2591 3438 maleficia
2637 3376 3031 3455 eorumdem,
3083 3399 3206 3461 que
3255 3384 3518 3462 propter
3565 3377 4030 3461 partialitatem
4083 3378 4188 3440 vel
4248 3398 4332 3440 ex
4396 3378 4607 3441 causis
4656 3399 4806 3442 con-

1160 3486 1323 3549 fictis
1371 3487 1464 3549 eis
1513 3485 1813 3571 imposita
1860 3505 1989 3547 non
2038 3484 2330 3565 fuissent,
2365 3491 2824 3569 recuperarent
2871 3484 3042 3548 bona
3090 3506 3228 3567 sua,
3264 3506 3338 3548 ac
3386 3485 3792 3570 perciperent
3838 3484 4062 3567 libere,
4097 3492 4161 3548 et
4192 3487 4524 3571 percipere
4558 3485 4805 3549 fructus

1161 3602 1224 3657 et
1272 3594 1559 3657 redditus
1610 3613 2158 3677 quorumcumque
2207 3592 2522 3655 bonorum
2570 3613 2854 3675 suorum,
2889 3600 2954 3656 et
3000 3593 3197 3657 etiam
3245 3594 3384 3678 ipsa
3431 3592 3622 3673 bona,
3658 3613 3781 3676 que
3830 3601 4117 3678 tempore
4152 3593 4549 3678 expulsionis
4583 3593 4807 3677 hujus-

1162 3702 1334 3764 modi
1384 3701 1797 3765 obtinuerant
1847 3701 1911 3763 in
1959 3700 2240 3780 civitate,
2275 3700 2582 3763 comitatu
2627 3709 2690 3763 et
2738 3701 3030 3764 districtu
3073 3701 3377 3786 predictis
3411 3710 3999 3793 quantumcumque
4034 3700 4205 3764 dicta
4238 3701 4408 3764 bona
4442 3701 4808 3765 extitissent

1159 3810 1510 3896 publicata,
1546 3809 1667 3872 nisi
1714 3809 1933 3873 forsan
1982 3808 2045 3871 in
2095 3808 2208 3890 eis,
2243 3829 2371 3871 non
2417 3808 2665 3871 ratione
2714 3809 3169 3895 publicationis
3219 3809 3607 3893 hujusmodi,
3643 3808 3757 3872 sed
3805 3809 3967 3871 alias
4014 3808 4203 3872 alteri
4249 3808 4500 3894 private
4533 3830 4806 3894 persone

1158 3920 1387 3982 fuisset
1436 3918 1722 4000 legitime
1765 3919 1873 4002 jus
1922 3916 2263 4002 quesitum,
2299 3915 2469 3979 dnm·
2499 3923 2716 3980 tamen
2763 3917 2919 3981 dicti
2964 3918 3219 4002 expulsi
3268 3917 3747 3981 contribuerent
3797 3917 3860 3980 in
3908 3917 4210 3980 oneribus
4253 3917 4607 3980 communis
4639 3917 4807 3980 dicte

1160 4025 1440 4090 civitatis
1490 4024 1935 4106 bononiensis,
1984 4024 2149 4087 sient
2197 4024 2309 4107 alij
2361 4025 2533 4087 cives
2580 4025 2801 4110 ipsius,
2846 4024 3209 4109 dictamque
3274 4025 3601 4088 civitatem
3649 4026 3711 4088 in
3762 4025 3979 4109 aliquo
4028 4046 4154 4088 non
4205 4024 4680 4109 impugnarent,
4732 4044 4807 4087 ac

1162 4132 1482 4197 mandatis
1532 4133 1683 4195 dicti
1732 4132 2087 4196 communis
2130 4133 2323 4215 juxta
2371 4139 2613 4195 statuta
2660 4138 2725 4195 ct
2772 4132 3269 4196 consuetudines
3319 4132 3728 4195 rationabilia
3775 4131 4054 4195 civitatis
4088 4130 4379 4215 ejusdem
4413 4131 4806 4217 parerentin

1160 4241 1464 4325 injunctis
1512 4241 1633 4304 sibi
1682 4239 2039 4303 confinibus
2087 4246 2150 4303 et
2198 4239 2486 4303 terminis
2535 4239 2975 4322 observandis,
3025 4248 3089 4303 et
3138 4240 3337 4325 quod,
3387 4240 3441 4303 si
3489 4239 3698 4303 redire
3755 4239 3838 4302 ad
3901 4239 4228 4302 civitatem
4278 4238 4481 4324 ipsam
4531 4237 4805 4320 vellent,

1161 4355 1423 4434 possent
1471 4368 1614 4409 cnm
1664 4366 1823 4431 pace
1871 4353 1935 4408 et
1982 4345 2327 4408 securitate
2374 4344 2730 4407 communis
2779 4351 2843 4408 et
2891 4345 3128 4408 civium
3174 4345 3453 4409 civitatis
3501 4345 3698 4431 ipsius
3746 4344 3992 4426 redire,
4043 4351 4108 4408 et
4158 4344 4219 4406 in
4270 4343 4498 4407 eadem
4545 4342 4807 4407 civitate

1161 4477 1385 4518 secure
1433 4455 1596 4518 sicut
1644 4454 1815 4516 cives
1864 4452 2061 4515 ceteri
2108 4451 2511 4532 commorari,
2547 4451 2637 4513 ita
2683 4459 2900 4514 tamen
2952 4451 3122 4535 quod
3173 4451 3389 4514 omnia
3436 4458 3500 4514 et
3549 4451 3807 4534 singula
3848 4471 4044 4535 supra
4091 4458 4156 4513 et
4201 4449 4372 4512 infra
4421 4471 4536 4535 per
4567 4449 4810 4513 dictum

1161 4563 1477 4626 sindicum
1539 4560 1883 4624 sindicario
1931 4567 1995 4622 et
2043 4558 2484 4644 procuratorio
2550 4559 2806 4622 nomine
2871 4559 3394 4622 constituentium
3460 4559 3895 4644 predictorum
3954 4563 4136 4639 acta,
4184 4563 4404 4640 gesta,
4453 4556 4804 4642 promissa,

1160 4672 1399 4750 oblata,
1449 4670 1622 4751 data,
1659 4651 2005 4732 constituta
2053 4673 2117 4730 et
2157 4668 2407 4750 jurata,
2441 4667 2621 4729 velut
2668 4667 2822 4730 boni
2869 4667 3041 4730 cives
3090 4674 3155 4729 et
3200 4666 3418 4731 devoti
3464 4666 3754 4751 ejusdem
3804 4665 4072 4729 ecclesie
4119 4665 4535 4746 ratificarent,
4571 4686 4805 4750 appro-

1158 4779 1409 4858 barent,
1462 4777 1952 4856 confirmarent3
1986 4782 2051 4838 et
2095 4774 2285 4859 quod,
2320 4774 2456 4837 sive
2505 4780 2692 4838 extra
2740 4775 3068 4839 civitatem
3115 4774 3472 4861 predictam
3521 4775 3584 4838 in
3634 4774 3938 4859 injunctis
3985 4773 4108 4836 sibi
4155 4773 4444 4836 terminis
4499 4793 4614 4836 seu
4655 4792 4805 4836 con-

1159 4886 1392 4949 finibus
1442 4891 1881 4964 morarentur,
1931 4882 2067 4945 sive
2128 4883 2193 4944 in
2257 4881 2495 4945 dictam
2559 4882 2886 4946 civitatem
2952 4883 3228 4967 regressi
3289 4882 3503 4946 forent
3549 4889 3613 4945 et
3661 4881 3943 4963 reducti,
3987 4882 4429 4965 juramentum
4475 4879 4804 4943 fidelitatis

1158 4994 1346 5057 nobis
1395 4999 1458 5056 et
1506 4991 1982 5056 successoribus
2032 4990 2266 5054 nostris
2315 4998 2378 5053 et
2427 5012 2691 5054 romane
2738 4989 3028 5055 Ecclesie
3072 4992 3264 5075 juxta
3312 4989 3586 5054 formam
3634 4989 3931 5075 superius
3980 5009 4391 5074 expressam,
4442 5009 4635 5072 qnam
4690 4987 4804 5070 alij

1158 5103 1332 5166 cives
1380 5100 1809 5164 bononienses
1872 5081 2057 5162 nobis
2119 5098 2432 5182 dictisque
2483 5098 2961 5162 successoribus
3007 5106 3072 5161 ct
3118 5098 3327 5161 eidem
3373 5098 3663 5163 Ecclesie
3710 5103 4000 5182 prestare
4050 5095 4322 5177 debent,
4372 5117 4495 5180 que
4543 5094 4802 5180 incipit:

1169 5237 1197 5266 «
1250 5209 1383 5294 qu
1433 5254 2593 5271 ..................
2641 5208 2786 5270 ciris
2834 5213 2936 5270 etc,
2975 5231 3035 5288 »,
3083 5211 3374 5292 prestare
3423 5213 3800 5286 teneantur,
3836 5202 4130 5267 addendo
4165 5223 4470 5288 expresse
4518 5202 4584 5265 in
4625 5202 4806 5285 jura-

1156 5325 1372 5381 mento
1419 5315 1728 5402 predictO,
1774 5314 1943 5399 qnod
1990 5313 2321 5377 Lndovico
2371 5313 2449 5376 de
2498 5313 2804 5395 Bavaria,
2856 5315 3125 5398 ejusque
3175 5314 3592 5399 complicibus
3640 5321 3705 5376 et
3752 5311 4135 5396 sequacibus
4170 5331 4245 5373 ae
4293 5310 4440 5393 alijs
4486 5308 4804 5372 indevotis

1158 5423 1450 5509 ejusdem
1500 5421 1786 5486 Ecclesie
1836 5420 2205 5484 nullatenus
2253 5421 2639 5484 adhererent
2686 5420 2943 5505 publice
2989 5421 3095 5484 vel
3143 5421 3429 5503 occulte,
3480 5441 3597 5483 nec
3645 5420 3736 5482 eis
3784 5424 4147 5504 prestarent
4202 5417 4547 5498 auxilium,
4596 5416 4801 5479 consi·
4863 5457 4868 5462 -

1155 5533 1315 5594 lium
1362 5531 1462 5593 vel
1518 5530 1828 5593 favorem.

1336 5638 1519 5702 Idem
1569 5659 1823 5723 quoqne
1873 5637 2156 5700 sindicus
2204 5637 2497 5722 promisit
2544 5644 2608 5700 et
2652 5636 2935 5720 juravit,
2986 5643 3049 5699 et
3095 5636 3162 5699 in
3209 5636 3459 5698 animas
3522 5633 4049 5698 constituentium
4112 5632 4581 5719 predictorum,
4631 5630 4804 5717 quod

1054 5788 1066 5802 ·
1158 5769 1353 5833 super
1400 5746 1695 5810 omnibus
1744 5752 1808 5808 et
1855 5743 2126 5828 singulis
2175 5744 2426 5807 damnis
2474 5751 2539 5807 et
2586 5744 2839 5827 injuriis
2884 5743 2951 5805 in
2998 5743 3377 5828 expulsione
3426 5742 3745 5828 predicta,
3793 5741 3900 5805 vel
3947 5740 4281 5805 occasione
4329 5739 4567 5825 ipsius,
4618 5738 4803 5802 nobis

1155 5855 1260 5918 vel
1308 5855 1478 5918 dicto
1527 5853 1967 5938 predecessori
2014 5859 2232 5915 nostro
2289 5873 2403 5916 seu
2452 5872 2715 5914 romane
2764 5850 3054 5915 Ecclesie
3102 5872 3218 5937 per
3250 5850 3453 5914 dictos
3488 5871 3843 5930 commune,
3879 5849 4365 5912 universitatem
4397 5854 4461 5910 et
4493 5846 4804 5932 populum

1156 5962 1436 6026 civitatis
1484 5960 1756 6046 prefate,
1801 5960 1905 6023 vel
1954 5981 2069 6045 per
2116 5959 2479 6043 singulares
2528 5980 2836 6044 personas
2886 5958 3105 6044 ipsius,
3142 5959 3244 6021 vel
3294 5958 3634 6022 comitatus
3682 5963 3747 6020 et
3794 5955 4121 6019 districtus
4167 5954 4600 6040 predictorum
4650 5974 4805 6037 quo-

1156 6070 1506 6134 modolibet
1556 6068 1880 6153 irrogatis,
1929 6067 2202 6154 predicti
2250 6067 2497 6149 civitas,
2550 6088 2908 6148 commune,
2957 6066 3345 6129 universitas
3394 6073 3459 6130 et
3505 6065 3781 6151 populus
3828 6064 4262 6146 bononiensis,
4313 6084 4387 6126 ao
4436 6061 4802 6125 communia

1155 6185 1218 6242 et
1266 6176 1754 6258 universitates,
1804 6175 2147 6239 comitatus
2207 6183 2271 6238 et
2334 6174 2660 6238 districtus
2722 6173 3159 6259 predictorum
3221 6182 3285 6238 et
3342 6173 3705 6258 singulares
3768 6192 4041 6257 persone
4105 6171 4390 6255 ipsorum
4437 6167 4801 6233 omnimode

1154 6284 1564 6362 ordinationi,
1599 6283 1937 6364 voluntati,
1973 6282 2375 6368 dispositioni
2422 6288 2487 6345 et
2533 6281 2955 6367 beneplacitis
3005 6281 3260 6363 nostris,
3293 6281 3399 6345 vel
3447 6300 3890 6344 successorum
3939 6284 4300 6341 nostrorum
4352 6276 4481 6338 alte
4515 6283 4580 6338 et
4612 6275 4800 6338 basse

1154 6414 1299 6457 enm
1345 6391 1579 6456 effectu
1627 6397 1932 6477 parerent
1979 6396 2044 6453 et
2089 6395 2364 6472 starent,
2415 6410 2798 6474 omnemque
2847 6410 3120 6475 penam,
3170 6389 3477 6451 mulctam
3526 6409 3601 6451 ac
3648 6385 4110 6472 penitentiam,
4161 6405 4353 6469 quam
4400 6390 4466 6445 et
4513 6403 4674 6466 quas
4722 6381 4802 6444 ob

1153 6501 1469 6587 premissa
1516 6507 1580 6562 et
1626 6499 1916 6585 ipsorum
1964 6498 2249 6562 omnium
2296 6505 2360 6561 et
2407 6496 2811 6580 singulorum
2853 6496 3136 6560 omnium
3172 6496 3505 6559 occasione
3540 6495 4038 6581 imponeremus,
4072 6492 4175 6555 vel
4211 6490 4363 6554 dicti
4402 6509 4804 6553 successores
