5542 7775
1242 633 1285 700 8
2522 651 2621 700 m:
2679 649 2944 700 'mom
3001 649 3600 702 D1P120vx'rxcclo

1547 827 1755 893 neque
1803 804 1982 870 aliud
2028 806 2307 892 probant
2350 803 2638 869 Neandri
2685 804 2920 887 verba,
2969 803 3202 889 quibus
3263 804 3488 869 nititur
3547 804 3898 870 Fabritius.
3949 804 4077 870 Sed
4128 827 4229 869 res
4277 805 4514 869 clarius
4579 813 4872 871 constare

1544 921 1756 1000 potest
1802 935 1887 978 ex
1931 911 2311 977 Alexandro
2359 911 2728 994 Gaboardo,
2762 911 2874 997 qui
2922 911 2987 974 in
3035 910 3309 997 epistola
3355 911 3438 975 ad
3487 912 3804 977 Thomam
3851 912 4060 999 ipsum
4090 911 4673 999 Diplovataccium,
4707 935 4873 999 quae

1542 1029 1641 1085 est
1687 1020 1770 1086 ad
1816 1020 2061 1085 calcem
2106 1019 2407 1084 editionis
2454 1018 2765 1083 Arrianni
2810 1018 3070 1083 Pisauri
3116 1039 3287 1082 anno
3337 1018 3703 1102 MDVIII„
3752 1020 3844 1083 ita
3907 1019 4162 1084 scribit:
4221 1047 4252 1076 «ι
4299 1020 4605 1085 Judicent
4657 1027 4874 1086 tamen

1539 1128 1894 1210 doctiores,
1942 1135 2007 1192 et
2052 1134 2159 1209 tu,
2206 1126 2306 1191 vir
2360 1125 2821 1210 jurisconsulto
2881 1125 3283 1207 doctissime,
3332 1126 3442 1211 qui
3497 1126 3699 1190 vitam
3744 1126 4054 1191 Arrianni
4108 1134 4175 1191 et
4220 1126 4496 1191 aliorum
4550 1127 4869 1212 juriscon-

1539 1235 1854 1299 sultorum
1916 1234 2215 1320 legaliter
2261 1240 2326 1298 et
2380 1232 2682 1297 historice
2729 1232 3105 1318 complexus
3151 1253 3220 1296 es
3268 1232 3332 1295 in
3382 1253 3575 1319 opere
3619 1241 3732 1297 tuo
3779 1232 3879 1297 De
3911 1235 4296 1318 praestantia
4342 1233 4678 1298 Doctorum
4689 1258 4712 1319 ;
4757 1235 4868 1320 qni

1543 1364 1581 1406 a
1628 1342 1970 1407 Phoroneo
2015 1340 2265 1423 Inachi,
2299 1340 2693 1426 Argivorum
2739 1361 2916 1425 rege,
2951 1339 3031 1402 ad
3080 1339 3241 1403 haec
3287 1361 3491 1425 usque
3539 1347 3760 1404 nostra
3806 1347 4099 1426 tempora
4144 1339 4552 1424 defluxerint,
4586 1341 4650 1404 in
4699 1363 4868 1407 nono

1538 1450 1839 1515 videlicet
1882 1450 2070 1532 libro,
2104 1450 2217 1513 ubi
2262 1448 2342 1513 de
2389 1448 2581 1513 claris
2622 1447 3123 1532 jurisconsultis,
3157 1447 3330 1534 quod
3377 1449 3604 1512 merito
3636 1447 3878 1513 Joanni
3926 1447 4207 1513 Sfortiae
4255 1448 4705 1532 illustrissimo,
4738 1450 4867 1515 cle-

1542 1557 1938 1622 mentissimo
1984 1556 2243 1622 Pisauri
2289 1555 2569 1636 domiuo,
2616 1554 2930 1619 dedicasti
2979 1580 3040 1619 ν.

1234 1665 1364 1730 Sed
1412 1686 1721 1752 magnum
1766 1665 1889 1730 hoc
1938 1686 2121 1751 opus,
2170 1662 2343 1751 quod
2407 1662 2724 1727 interiisse
2784 1662 2891 1726 vel
2935 1662 3154 1726 invitis
3199 1661 3404 1726 Musis
3458 1662 3716 1726 latitare
3763 1661 4069 1727 dolebant
4113 1662 4348 1727 eruditi
4396 1685 4652 1747 omnes,
4699 1663 4868 1728 redi-

1540 1772 1780 1854 vivum,
1814 1772 2046 1836 saltem
2094 1770 2307 1857 quoad
2354 1769 2733 1834 nobiliorem
2781 1769 2883 1832 sui
2927 1776 3207 1855 partem,
3236 1768 3486 1853 jamdiu
3535 1769 3862 1833 laetantur
3907 1768 4121 1834 iidem.
4167 1769 4380 1855 Igitur
4425 1770 4591 1835 liber
4635 1792 4862 1854 nonus,

1537 1881 1649 1966 qui
1691 1888 1791 1945 est
1835 1879 1935 1944 De
1985 1878 2198 1943 Claris
2243 1877 2733 1961 Juriscousultis,
2764 1883 2951 1941 extat
2993 1898 3158 1964 pene
3207 1878 3458 1962 integer
3504 1876 3677 1963 apud
3724 1877 3970 1941 clarum
4002 1877 4380 1960 Oliverium,
4413 1878 4523 1964 qui
4557 1878 4622 1942 in
4654 1877 4863 1942 fronte

1537 1987 1773 2052 codicis
1828 1987 1991 2051 haec
2052 2007 2169 2049 sua
2234 2006 2431 2048 manu
2493 1983 2868 2070 adscripsit:
2927 2009 2958 2042 ι
3007 1983 3296 2048 Thomae
3355 1983 3818 2070 Diplovatatii,
3868 1984 3978 2070 qui
4041 1984 4298 2049 Pisauri
4352 1985 4862 2072 Diplovatatiam

1535 2101 1796 2180 gentem
1842 2115 1878 2158 e
1928 2093 2206 2158 Graecia
2251 2091 2597 2179 profugam
2642 2091 3006 2173 collocavit,
3040 2113 3200 2179 opus
3246 2091 3346 2156 De
3378 2093 3766 2176 praestantia
3809 2091 4146 2156 Doctorum
4157 2116 4180 2177 ;
4226 2113 4388 2179 opus
4434 2092 4862 2157 luculentissi-

1534 2224 1710 2266 mum
1758 2201 1938 2265 initio
1984 2199 2226 2265 saeculi
2258 2199 2444 2264 XVI.
2478 2199 2582 2263 vel
2616 2199 2736 2262 sub
2784 2199 2978 2263 finem
3025 2198 3173 2262 XV.
3202 2199 3341 2283 jam
3380 2199 3709 2284 scriptum,
3743 2205 3936 2284 atque
3969 2198 4251 2263 dicatum
4284 2199 4325 2263 J
4331 2200 4524 2264 oanni
4558 2199 4859 2284 Sfortiae,

1530 2309 1788 2374 Pisauri
1835 2308 2132 2390 domino,
2180 2306 2471 2372 ducentis
2519 2307 2601 2370 ab
2647 2306 2798 2371 hinc
2861 2306 3047 2370 annis
3112 2306 3304 2393 plane
3358 2305 3797 2392 deperditum,
3847 2306 4171 2392 insperato
4218 2306 4748 2392 diligentissimus
4794 2317 4859 2373 et

1532 2415 2078 2481 fortunatissimus
2125 2414 2463 2478 Passerius
2510 2421 2747 2496 noster,
2797 2412 3090 2477 doctrina
3136 2413 3522 2498 ingenioque
3571 2413 3859 2477 Thomas
3907 2413 4030 2499 ipsi
4091 2412 4282 2478 facile
4343 2414 4861 2500 anteponendus,

1532 2523 1738 2610 pridie
1785 2521 2100 2586 kalendas
2147 2521 2447 2586 Octobris
2494 2521 2577 2585 A.
2610 2520 2693 2586 D.
2728 2518 3431 2585 MDOOXXXXVIII.
3466 2519 3709 2584 invenit
3757 2544 3818 2584 ν.
3861 2519 4162 2584 Codicem
4209 2520 4376 2585 hunc
4425 2520 4595 2585 idem
4642 2521 4860 2586 Olive-

1531 2632 1665 2694 rius
1712 2629 2066 2694 transmisit
2105 2627 2495 2715 jampridem
2540 2628 2756 2693 comiti
2804 2627 3046 2692 Joanni
3091 2627 3582 2713 Elephantutio,
3633 2627 3824 2712 hujus
3871 2649 4052 2692 meae
4100 2628 4348 2714 patriae
4395 2629 4677 2692 senatori
4723 2650 4859 2692 am-

1532 2737 1821 2824 plissimo
1868 2744 1933 2800 et
1980 2737 2367 2822 optimarum
2414 2735 2649 2799 artium
2689 2734 2923 2799 cultori
2953 2734 3211 2816 eximi0,
3246 2734 3356 2820 qui
3388 2734 3684 2798 eumdem
3716 2755 3966 2799 summa
3995 2734 4332 2820 diligentia
4363 2735 4856 2800 exscribendum

1528 2844 1815 2926 curavit,
1864 2850 1936 2908 ut
1981 2843 2046 2906 in
2094 2842 2438 2907 secretiore
2489 2842 2918 2906 Scientiarum
2980 2840 3268 2905 Instituti
3323 2841 3714 2906 bibliotheca
3773 2841 4241 2906 immortalitati
4287 2849 4601 2907 servetur.
4650 2843 4858 2918 Quale

1529 2959 1747 3016 autem
1792 2951 1988 3015 fuerit
2034 2949 2404 3035 hujusmodi
2452 2971 2612 3036 opus
2659 2948 3152 3035 Diplovataccii,
3201 2969 3329 3013 non
3376 2949 3625 3030 melius,
3669 2971 3862 3035 qnam
3910 2970 3993 3013 ex
4041 2948 4202 3035 ipso,
4235 2949 4579 3034 dijudicari
4624 2958 4856 3037 potest,

1530 3060 1640 3145 qui
1687 3059 1753 3122 in
1800 3057 2129 3145 prooemio
2176 3056 2466 3142 ejusdem
2522 3056 2614 3120 ita
2660 3056 2984 3120 Joannem
3040 3055 3383 3139 Sfortiam,
3431 3056 3536 3121 cui
3599 3077 3759 3143 opus
3822 3077 4010 3120 suum
4072 3055 4555 3143 infrascriptum
4616 3058 4855 3140 voluit,

1528 3166 1912 3252 alloquitur:
1957 3190 1988 3223 α
2021 3164 2394 3229 Laudemus
2440 3164 2612 3228 viros
2659 3163 2975 3249 gloriosos
3024 3171 3088 3227 et
3132 3169 3434 3250 parentes
3466 3170 3587 3228 etc.
3619 3163 3867 3228 Eccles.
3901 3163 4288 3228 mxlv.
4321 3163 4678 3251 Propterea
4711 3187 4857 3230 cum

1524 3275 1694 3339 hanc
1741 3274 1949 3361 ipsam
1997 3281 2217 3338 tantae
2265 3272 2675 3337 authoritatis
2723 3272 3111 3336 sententiam
3158 3271 3465 3354 imitatus,
3511 3272 3823 3359 Princeps
3869 3272 4303 3358 magnanime,
4347 3272 4716 3338 doctoratus
4760 3275 4857 3338 di-

1527 3381 1842 3468 gnitatem
1890 3381 2230 3467 insignem,
2281 3379 2677 3466 amplissima
2724 3378 3057 3443 doctorum
3104 3378 3475 3465 privilegia,
3509 3400 3860 3465 eorumque
3902 3379 4142 3465 gradus
4189 3380 4683 3466 praecedentiae
4729 3403 4853 3446 nou

1529 3488 1969 3576 aspernandos
2023 3487 2334 3575 proximis
2394 3488 2588 3571 hujus
2653 3486 2866 3573 operis
2927 3488 3130 3550 nostri
3193 3486 3628 3551 voluminibus
3690 3488 4125 3569 exaraverim,
4175 3487 4382 3551 visum
4449 3495 4546 3552 est
4602 3510 4856 3575 quoque

1526 3596 2007 3662 florentissimos
2055 3616 2342 3681 quosque
2390 3594 2592 3676 viros,
2641 3594 2751 3681 qui
2800 3615 2840 3657 a
2883 3593 3225 3658 Phoroneo
3273 3594 3522 3678 Inachi,
3568 3594 3963 3680 Argivorum
4027 3596 4223 3679 regis,
4267 3602 4556 3682 tempore
4605 3596 4689 3660 ad
4734 3597 4856 3661 hoc

1526 3725 1731 3790 usque
1764 3704 1996 3768 aet-atis
2029 3709 2287 3767 nostrae
2321 3701 2709 3766 curriculum
2742 3701 3034 3766 nonnihil
3068 3701 3413 3765 memoriae
3444 3700 3710 3787 dignum
3742 3701 4162 3788 prodiderunt
4193 3722 4311 3787 per
4341 3723 4545 3768 annos
4578 3703 4854 3767 termille

1526 3818 1871 3894 trecent08,
1904 3819 2236 3898 tamquam
2285 3829 2580 3896 gemmae
2627 3808 3073 3893 electissimae,
3106 3808 3363 3872 diversa
3409 3809 3473 3872 in
3521 3808 3675 3874 orbe
3722 3809 4062 3896 gymnasia
4108 3817 4174 3873 et
4220 3811 4514 3897 proprias
4562 3811 4856 3876 civitates

1526 3918 1933 4001 illustrand0,
1982 3926 2175 4005 prout
2226 3917 2715 4003 diligentissime
2761 3924 3006 4003 poter0,
3055 3917 3338 3981 breviter
3383 3938 3707 4004 exponere
3756 3944 3816 3983 ».

1225 4029 1464 4115 Incipit
1511 4029 1709 4114 igitur
1754 4048 1794 4090 a
1838 4026 2183 4090 Phoroneo
2231 4024 2485 4107 Inachi,
2533 4024 2936 4110 Argivorum
2983 4024 3191 4109 regis,
3239 4032 3376 4088 tum
3424 4024 3502 4089 de
3562 4025 3884 4091 Mercurio
3940 4026 4212 4113 aliisque
4260 4027 4531 4091 subinde
4579 4028 4860 4092 omnium

1527 4136 1818 4220 gentium
1866 4156 1941 4198 ac
1989 4133 2369 4220 praesertim
2416 4131 2817 4196 Graecorum
2863 4139 2927 4195 et
2971 4131 3414 4196 Romanorum
3459 4132 3938 4218 legislatoribus
4001 4134 4346 4221 legumque
4410 4134 4633 4220 peritis
4689 4135 4855 4200 cele-

1525 4242 1848 4306 brioribus
1897 4240 1981 4304 ad
2027 4262 2145 4305 sua
2193 4261 2396 4326 nsque
2443 4246 2755 4325 tempora.
2803 4238 3008 4303 Porro
3057 4239 3122 4303 in
3178 4239 3298 4303 hoc
3363 4261 3556 4326 opere
3623 4241 4066 4306 concinnando
4131 4262 4334 4306 annos
4395 4242 4560 4306 bene
4621 4242 4856 4307 multos

1527 4348 1913 4436 impendisse
1962 4347 2205 4412 debuit.
2253 4346 2517 4411 Infinita
2560 4346 2733 4410 enim
2778 4346 3108 4410 volumina
3153 4346 3390 4411 vidisse
3437 4355 3503 4412 et
3548 4347 3872 4434 expilasse
3921 4350 4238 4435 oportuit:
4289 4371 4438 4413 nam
4486 4350 4652 4414 hauc
4699 4351 4854 4415 scri-

1523 4456 1719 4521 bendi
1765 4456 2081 4520 rationem
2127 4462 2439 4542 perpetuo
2486 4460 2743 4518 secutus
2791 4460 2908 4535 est,
2956 4462 3028 4518 ut
3075 4454 3231 4519 nihil
3284 4454 3599 4541 proferat,
3650 4455 3819 4542 quod
3867 4457 4250 4521 auctoritate
4298 4457 4682 4543 scriptorum
4730 4479 4853 4521 uon

1525 4566 1806 4645 nitatur:
1855 4563 1945 4626 ita
1994 4570 2065 4626 ut
2112 4562 2271 4626 nihil
2319 4561 2499 4625 aliud
2547 4561 2677 4625 sint
2722 4561 3071 4648 pleraeque
3129 4562 3303 4627 Vitae
3348 4562 3967 4647 Juriscmisultort¹m‚
4015 4586 4208 4649 quam
4255 4574 4560 4629 centones
4606 4566 4854 4629 consuti

1523 4695 1609 4738 ex
1652 4680 1948 4736 veterum
1994 4669 2270 4756 scriptis,
2305 4690 2389 4733 ex
2436 4668 2670 4754 quibus
2716 4668 3022 4733 historiae
3071 4670 3310 4733 veritas
3342 4670 3603 4735 mirifice
3639 4670 4113 4757 comprobatur.
4147 4671 4223 4735 In
4261 4672 4669 4736 recensendis
4699 4693 4853 4737 vero

1518 4779 1791 4865 singulis
1838 4778 2162 4842 clarorum
2203 4775 2813 4860 jurisconsultorum
2845 4775 3025 4839 libris
3060 4776 3450 4840 incredibilis
3483 4778 3676 4861 hujus
3709 4778 3984 4843 hominis
4017 4778 4356 4863 diligentia
4389 4779 4669 4844 emicuit.
4701 4779 4854 4844 Fuit

1522 4888 1589 4951 in
1636 4888 1756 4951 hoc
1803 4906 2041 4971 genere
2091 4883 2484 4970 perdiligens
2534 4881 2745 4946 Guido
2793 4882 3210 4965 Pancirolus3
3245 4882 3359 4948 sed
3405 4884 3563 4948 nihil
3610 4883 3694 4947 ad
3738 4884 4323 4972 Diplovataccium,
4359 4887 4469 4971 qui
4516 4887 4854 4952 innumera

1522 4995 1857 5058 doctorum
1906 4991 2236 5055 volumina
2284 4998 2593 5069 recenset,
2642 4988 2897 5071 additis,
2933 4998 3244 5076 quantum
3288 4991 3591 5076 colligere
3639 4992 3866 5078 potuit,
3902 5000 4262 5080 temporum
4306 4994 4851 5077 annotationibus,

1524 5123 1653 5188 quo
1699 5083 1968 5186 quisque
2016 5098 2182 5162 liber
2229 5119 2269 5161 a
2315 5097 2447 5162 suis
2494 5097 2864 5160 auctoribus
2911 5098 3185 5184 scriptus
3232 5097 3373 5179 fuit,
3408 5099 3675 5185 prolatis
3715 5101 3910 5164 etiam
3945 5101 4166 5187 primis
4199 5109 4264 5165 et
4297 5102 4605 5166 extremis
4636 5102 4850 5167 verbis

1522 5208 1895 5273 eorumdem
1947 5206 2298 5289 librorum,
2345 5227 2617 5291 quorum
2660 5206 2799 5289 jam
2847 5213 3057 5269 aetate
3124 5214 3342 5270 nostra
3402 5206 3619 5293 plures
3682 5207 4063 5272 interierunt
4123 5209 4228 5273 vel
4290 5209 4460 5295 quod
4524 5231 4850 5295 nunquam

1522 5316 1694 5402 typis
1742 5314 1898 5379 editi
1944 5313 2205 5395 fuerint,
2239 5313 2345 5376 vel
2386 5313 2595 5399 quoad
2646 5313 2885 5400 passim
2935 5313 3211 5399 neglecti
3258 5314 3386 5378 sint
3431 5321 3496 5377 et
3540 5335 3579 5378 a
3627 5315 3810 5379 novis
3856 5315 4036 5379 libris
4083 5317 4328 5380 extrusi
4379 5316 4459 5380 ad
4499 5317 4851 5381 salsamen-

1521 5423 1835 5487 tariorum
1882 5421 2191 5485 officinas.

1214 5532 1442 5597 Plures
1488 5552 1573 5595 ex
1622 5529 1769 5593 vitis
1817 5527 2164 5591 illustrium
2208 5526 2850 5610 jurisconsultorum,
2899 5548 3060 5613 quas
3121 5527 3186 5591 in
3247 5549 3414 5592 nono
3482 5529 3646 5594 libro
3695 5530 3906 5617 operis
3953 5530 4049 5595 De
4082 5534 4470 5617 praestantia
4517 5532 4846 5596 Doctorum

1521 5634 1862 5701 adornavit
1894 5633 2445 5720 DiplovatacciuS,
2480 5633 2687 5697 lucem
2722 5634 3159 5720 adspexerant
3191 5635 3257 5699 in
3288 5636 3475 5700 editis
3508 5637 3809 5723 operibus
3842 5638 4268 5703 celebriorum
4293 5640 4846 5725 jurisperitorum:

1520 5741 2061 5832 quemadmodum
2110 5740 2246 5804 vita
2292 5740 2536 5804 Bartoli
2582 5741 2647 5805 in
2698 5742 3000 5827 operibus
3046 5741 3336 5825 ejusdem
3383 5743 3730 5828 (Venetiis,
3773 5765 3943 5810 anuo
3995 5746 4621 5827 MDLXXXXVI.),
4654 5767 4846 5832 quam

1518 5860 1744 5939 postea
1807 5851 2042 5914 iterum
2092 5848 2293 5913 edidit
2338 5847 2704 5931 Fabritius3
2752 5849 2888 5912 vita
2935 5849 3131 5912 etiam
3180 5849 3368 5914 Pauli
3411 5851 3486 5914 cle
3537 5851 3770 5933 CastrO,
3819 5853 3993 5917 edita
4040 5852 4346 5919 Coloniae
4395 5853 4621 5918 eodem
4675 5875 4846 5918 auno

1516 5955 2135 6037 MDLXXXXVI.‚
2170 5958 2353 6041 cujus
2400 5958 2790 6022 mentionem
2837 5955 2994 6020 facit
3037 5955 3421 6022 Fontanella
3469 5958 3531 6022 iu
3580 5980 3698 6022 sua
3745 5959 4112 6025 Bibliotheca
4158 5961 4414 6045 Leyali;
4446 5961 4579 6024 vita
4625 5963 4848 6047 Anqeli

1516 6066 1830 6147 Arretini,
1879 6084 2046 6149 quae
2108 6062 2380 6149 prodiit,
2430 6085 2561 6128 una
2620 6086 2765 6128 cum
2831 6063 3123 6149 ejusdem
3182 6065 3421 6151 Angeli
3477 6065 3766 6131 Tractatu
3812 6067 3887 6131 de
3931 6068 4275 6150 maleficiis,
4320 6067 4612 6132 Venetiis
4676 6089 4845 6133 anuo

1513 6172 1822 6254 MDLV„
1858 6192 2153 6258 quaeque
2191 6169 2473 6256 praefert
2518 6170 2687 6236 hunc
2734 6171 3028 6235 titulum:
3067 6173 3293 6257 Anqeli
3336 6174 3622 6238 Arretini
3674 6173 3814 6238 Vita
3848 6196 3971 6258 per
4014 6174 4332 6239 dominum
4387 6174 4684 6239 Thomam
4729 6174 4846 6239 Di-

1506 6281 1957 6366 plomtaccium
2003 6279 2740 6362 constantinopolitanam,
2756 6279 2933 6363 juris
2961 6281 3286 6364 utriusque
3330 6280 3646 6363 doctorem,
3677 6282 3764 6345 ad
3795 6281 4162 6346 Lodoeicam
4197 6290 4251 6346 et
4284 6283 4558 6347 Paulum
4592 6283 4846 6347 Paduae

1517 6391 1717 6473 Ieyum
1754 6387 2133 6472 professores
2179 6393 2233 6450 et
2276 6386 2556 6467 sororios,
2582 6386 2743 6468 filios
2789 6387 3267 6450 excellentissimi
3309 6389 3542 6451 artium
3589 6396 3641 6451 et
3687 6389 4021 6453 medicinae
4065 6390 4321 6453 doctoris
4365 6391 4600 6454 dotne'ni
4629 6392 4844 6476 Anqu-

1516 6498 1665 6559 stini
1709 6496 1784 6559 de
1832 6495 2102 6578 Anyelis,
2132 6495 2534 6577 pisaurensis.
2573 6493 2701 6557 Sed
2747 6492 3022 6558 fortasse
3073 6495 3420 6558 nonnullae
3467 6495 3633 6559 aliae
3681 6495 3745 6560 iu
3793 6496 3937 6560 aliis
3984 6497 4165 6561 libris
4213 6498 4480 6584 reperiri
4521 6506 4841 6584 poterunt.
