5542 7775
1597 660 2060 711 SPEOTANTIA
2114 660 2216 708 An
2274 657 2786 709 Pnonnssonns
2843 657 3055 708 smus
3112 656 3379 707 CIVILIS
4158 635 4304 705 149

890 821 999 893 De
1060 820 1313 917 quibus
1370 818 1716 913 omnibuS,
1776 817 2193 890 necessariis
2251 816 2551 889 testibus
2608 816 3123 913 praesentibuS,
3173 815 3440 887 sactum
3499 814 3737 886 extitit
3791 815 3926 887 hoc
3979 824 4311 888 exactum

675 946 1037 1019 relationis
1094 945 1618 1039 istrumentum,
1679 942 1864 1039 quod
1922 928 2277 1038 reperitur
2330 941 2676 1013 insertum
2730 940 2804 1012 in
2863 940 3183 1038 Reqistro
3243 939 3784 1036 Privileyiorum
3814 938 3913 1013 (¹).

888 1194 1236 1292 Mayistro
1301 1193 1615 1290 Guiyom·
1672 1192 1755 1264 de
1815 1191 2071 1265 Sancto
2136 1190 2527 1286 Germane,
2578 1191 2973 1287 praeposito
3033 1188 3379 1261 Ecclesiae
3435 1188 3802 1285 NicensiS,
3863 1193 4140 1263 notario
4196 1215 4315 1263 no-

670 1327 810 1392 stro
867 1327 928 1392 et
983 1319 1396 1416 apostolicae
1457 1316 1664 1389 Sedis
1719 1319 1996 1389 nuncia.

884 1444 1292 1540 Injungitur
1349 1443 1414 1515 ei
1479 1442 1666 1539 quod
1736 1442 1806 1513 in
1865 1466 2034 1514 casu
2090 1442 2466 1513 dumtaxat
2531 1440 2602 1512 in
2661 1463 2799 1535 quo
2854 1438 3339 1512 Bononienses
3396 1442 3813 1513 concordiae
3872 1450 3942 1513 et
3998 1443 4312 1515 reconci-

673 1569 981 1642 liationis
1038 1568 1349 1666 capitula
1406 1568 1760 1664 accipiant
1807 1575 1880 1638 et
1934 1566 2311 1659 ratificent,
2356 1574 2524 1637 tunc
2562 1589 2777 1663 super
2833 1565 3440 1638 commissionibus
3496 1565 3628 1638 sibi
3683 1565 3893 1639 factis
3949 1568 4311 1664 procedat,

673 1694 985 1790 alioquin
1041 1695 1132 1766 ad
1191 1693 1637 1765 Avenionem
1696 1690 1991 1765 sollicite
2050 1691 2319 1763 redeat.
2380 1689 2647 1762 Datum
2708 1689 3064 1762 Avenioni
3119 1689 3257 1763 IX.
3315 1689 3657 1763 kalendas
3714 1690 4076 1787 februarii,
4131 1717 4316 1765 anno

676 1818 922 1913 quinto
952 1814 1053 1890 (2).

894 2069 1360 2164 BeltraminO,
1419 2070 1724 2165 episcopo
1789 2064 2129 2161 Cumana,
2188 2066 2600 2162 apostolicae
2660 2063 2866 2138 Sedis
2919 2066 3199 2138 nuncio,

894 2195 1285 2290 Postquam
1344 2193 1684 2288 magister
1742 2190 1978 2286 Guigo
2053 2191 2140 2264 de
2215 2190 2478 2263 Sancto
2556 2189 2951 2286 Germano,
3011 2189 3335 2262 Nuncius
3409 2190 3810 2287 pontificius
3883 2190 3955 2262 in
4031 2190 4318 2263 civitate

676 2319 1062 2416 Bononiae,
1104 2319 1295 2392 haud
1344 2326 1679 2416 potuerat
1735 2316 2220 2390 Bononienses
2277 2315 2610 2388 inducere
2668 2317 2759 2389 ad
2818 2317 3260 2412 acceptanda
3298 2324 3370 2389 et
3408 2316 3826 2389 ratificanda
3864 2316 4160 2411 triginta
4199 2340 4317 2388 ca-

678 2444 901 2540 pitula
974 2469 1155 2541 quae
1213 2445 1302 2516 ab
1361 2443 1679 2539 ejusdem
1739 2441 2048 2514 civitatis
2105 2441 2506 2513 oratoribus
2561 2441 2911 2538 promissa
2968 2441 3276 2537 fuerant,
3327 2449 3399 2513 et
3455 2450 3832 2538 postquam
3889 2442 3979 2514 ad
4038 2465 4318 2539 compe-

679 2570 1013 2642 scendam
1070 2569 1390 2641 Thadaei
1447 2569 1532 2640 de
1590 2566 1880 2664 Pepulis
1938 2591 2021 2639 ac
2078 2566 2629 2639 Bononiensium
2689 2566 3004 2638 omnium
3043 2566 3585 2661 contumaciam,
3627 2591 3942 2639 summus
3982 2567 4318 2640 Pontifex

680 2718 1016 2767 censuras
1057 2692 1573 2766 ecclesiasticas
1611 2701 1682 2765 et
1721 2691 2177 2764 interdictum
2219 2691 2306 2761 in·
2329 2690 2762 2787 amplissima
2801 2691 3031 2763 forma
3068 2690 3581 2788 publicaverat,
3616 2692 3904 2765 tandem
3943 2690 4322 2788 aliquando

679 2821 768 2893 ad
826 2819 1062 2892 lumen
1122 2818 1446 2890 veritatis
1503 2818 1777 2891 sincero
1844 2818 2055 2890 corde
2128 2817 2358 2889 redire
2424 2816 2831 2913 cupienteS,
2891 2816 3376 2889 Bononienses
3449 2818 3794 2890 miserunt
3864 2819 3954 2890 ad
4033 2816 4321 2889 Curiam

681 2946 1100 3041 magistrum
1157 2945 1452 3017 Petrum
1512 2943 1597 3015 de
1655 2943 2059 3041 BonpetriS,
2116 2966 2248 3014 nec
2305 2967 2446 3013 non
2503 2942 2925 3036 magistrum
2977 2941 3561 3014 Bonaventuram
3617 2942 4044 3015 Jacobinum
4100 2943 4322 3015 bono-

677 3070 938 3143 niensis
998 3069 1255 3142 Curiae
1315 3069 1641 3141 doctores
1681 3076 1751 3141 et
1809 3068 2161 3164 syndicOS,
2204 3067 2712 3140 Universitatis
2750 3067 3159 3163 praedictae
3198 3067 3502 3163 nomine,
3545 3066 3905 3139 humiliter
3943 3076 4323 3140 exorantes

679 3204 758 3269 ut
814 3196 1156 3268 sanctitas
1214 3219 1342 3267 sua
1400 3195 1816 3289 dignaretur
1872 3194 1963 3265 ad
2017 3192 2366 3287 gremium
2425 3201 2713 3265 sanctae
2772 3192 2974 3265 Sedis
3031 3217 3150 3265 eos
3201 3193 3539 3290 recipere,
3579 3193 3966 3289 eodemque
4007 3201 4324 3290 tempore

681 3321 1044 3394 declarare
1103 3329 1174 3392 et
1230 3318 1585 3393 moderari
1641 3319 1877 3391 omnia
1934 3318 2148 3391 dubia
2207 3318 2497 3414 quaein
2541 3317 2785 3414 primis
2841 3317 3434 3390 reconciliationis
3481 3316 3705 3390 literis
3756 3318 4325 3391 continebantur.

684 3446 1020 3519 Pontifex
1078 3446 1317 3541 itaque
1373 3445 1447 3517 in
1502 3443 1637 3517 hac
1693 3442 1993 3541 epistola
2051 3443 2137 3516 de
2196 3442 2307 3514 his
2363 3443 2688 3515 omnibus
2761 3442 3278 3515 Beltraminum
3357 3441 3563 3540 plene
3637 3443 4034 3537 instruenS,
4094 3467 4179 3516 ac
4251 3443 4325 3515 in

680 3572 1025 3644 uberioris
1066 3570 1549 3643 instructionis
1602 3568 2252 3667 comprobationem
2303 3593 2564 3641 novam
2602 3567 2992 3665 promissae
3033 3567 3623 3641 reconciliationis
3662 3577 3733 3640 et
3771 3568 4020 3641 veniae
4060 3567 4325 3641 bullam

684 3695 967 3790 inferes,
1018 3695 1247 3767 eidem
1305 3694 1623 3767 districte
1680 3692 2059 3765 committit
2119 3700 2199 3765 ut
2256 3692 2441 3765 illico
2498 3692 2895 3766 Bononiam
2953 3716 3028 3764 se
3085 3693 3428 3788 conferat,
3477 3693 3714 3788 ibique
3772 3693 4077 3790 receptis
4122 3693 4325 3788 jura-

683 3821 938 3895 mentis
997 3829 1067 3893 et
1125 3819 1683 3894 confessionibus
1752 3842 1966 3917 super
2037 3818 2332 3915 antiqua
2399 3826 2470 3891 et
2528 3818 2869 3892 moderna
2924 3817 3362 3915 subjectione
3419 3817 3760 3911 civitatis,
3822 3818 4199 3891 comitatus
4257 3826 4328 3891 et

685 3947 1048 4019 districtus
1104 3945 1561 4019 bononiensis
1617 3969 1790 4040 erga
1847 3948 2168 4017 sanctam
2225 3944 2479 4017 Sedem
2536 3968 2668 4016 nec
2713 3968 2858 4017 non
2896 3968 3111 4041 super
3148 3944 3631 4042 praestatione
3670 3967 3946 4040 census,
3987 3969 4130 4016 una
4169 3968 4330 4016 cum

684 4072 1035 4145 contentis
1090 4071 1163 4143 in
1219 4069 1375 4142 aliis
1426 4069 1649 4142 literis
1688 4068 2093 4167 apostolicis
2133 4094 2314 4165 quae
2361 4068 2745 4166 incipiunt:
2802 4097 2836 4138 «
2880 4069 3229 4161 Quoniam
3266 4071 3446 4142 sicut
3483 4094 3556 4166 »,
3598 4093 3727 4166 pro
3766 4068 4015 4142 iisdem
4052 4068 4328 4142 actibus

684 4197 1218 4269 circumscribat
1274 4204 1345 4269 et
1402 4195 1750 4294 praefigat
1805 4203 2086 4292 tempus
2143 4195 2330 4268 infra
2384 4193 2727 4268 kalendas
2786 4194 3046 4267 mensis
3119 4194 3542 4291 septembris
3611 4194 3932 4291 proxime
4007 4193 4326 4290 futurae,

682 4348 815 4395 nec
871 4347 1013 4395 non
1068 4321 1572 4395 moderationis
1629 4320 1874 4393 literas
1931 4320 2280 4417 publicet,
2341 4320 2733 4394 sententias
2792 4344 3253 4393 censurarum
3309 4328 3380 4393 et
3435 4319 3795 4393 interdicti
3851 4318 4190 4416 inhibeat,
4247 4343 4332 4391 ac

684 4448 973 4521 tandem
1032 4447 1395 4520 civitatem
1452 4471 1535 4520 ac
1593 4446 1830 4519 omnia
1884 4445 2256 4542 privilegia
2295 4447 2706 4542 reintegret.
2746 4445 3017 4518 Datum
3054 4445 3435 4541 Avenioni,
3477 4445 3727 4518 XVII.
3770 4445 4112 4518 kalendas
4143 4443 4328 4542 julii,

689 4598 874 4646 anno
932 4582 1137 4646 sexto
1168 4570 1270 4645 (³).

898 4698 1188 4771 Eidem:
1250 4697 1427 4770 haec
1484 4704 1592 4770 est
1649 4696 1953 4794 epistola
2011 4720 2191 4792 quae
2249 4695 2537 4793 incipit:
2591 4724 2626 4766 «
2672 4696 3025 4788 Quoniam
3064 4699 3244 4770 sicut
3285 4724 3356 4793 »,
3398 4696 3471 4768 in
3528 4721 3668 4792 qua
3721 4697 4083 4793 Pontifex,
4125 4722 4214 4770 ne
4261 4698 4335 4769 in

686 4823 1028 4919 regimine
1084 4822 1501 4896 bononiensi
1555 4821 2126 4895 inconvenientia
2181 4822 2591 4917 succedant,
2643 4821 3029 4895 demandat
3086 4822 3316 4895 eidem
3370 4821 3653 4895 Nuncio
3712 4823 3900 4919 quod
3955 4831 4331 4919 postquam

689 4949 1073 5022 obtinuerit
1127 4948 1672 5021 ratificationem
1730 4947 2193 5044 possessionis
2252 4947 2563 5019 civitatis
2597 4946 2963 5020 Bononiae
2994 4948 3211 5043 juxta
3250 4947 3553 5021 formam
3592 4947 3891 5020 aliarum
3930 4948 4327 5044 literarum,

687 5073 902 5147 salvis
959 5098 1236 5171 semper
1293 5073 1716 5170 quibusdam
1774 5072 2370 5146 declarationibus
2417 5096 2631 5169 super
2668 5073 2883 5145 certis
2922 5072 3238 5145 articulis
3278 5073 3349 5144 in
3389 5074 3653 5146 eisdem
3692 5073 3916 5146 literis
3957 5075 4330 5169 contentiS,

687 5200 773 5272 de
834 5200 1088 5296 quibus
1142 5199 1352 5295 infra,
1415 5200 1672 5272 debeat
1727 5199 1889 5271 inde.
1948 5197 2286 5270 Thadaeo
2345 5198 2430 5269 de
2488 5197 2816 5295 Pepulis,
2876 5197 3113 5293 legum
3170 5198 3479 5295 doctori,
3536 5199 3885 5295 impertiri
3943 5197 4337 5295 plenariam

688 5324 1378 5397 administrationem
1426 5323 1697 5419 jurium
1755 5331 1827 5396 et
1881 5325 2229 5396 bonorum
2290 5323 2604 5395 omnium
2661 5322 2753 5395 ad
2810 5323 3109 5396 eandem
3166 5348 3536 5397 romanam
3591 5322 3986 5396 Ecclesiam
4041 5324 4112 5396 in
4162 5324 4333 5396 civi-

691 5458 864 5544 tate,
908 5448 1250 5520 comitatu
1307 5456 1377 5521 et
1436 5448 1763 5521 districtu
1819 5448 2199 5546 praedictis
2255 5448 2787 5545 pertinentium,
2830 5447 3209 5521 dummodo
3267 5457 3509 5521 tamen
3564 5448 3970 5544 hujusmodi
4026 5449 4333 5522 officium

687 5575 778 5647 ad
837 5573 1219 5646 triennium
1273 5581 1479 5668 gerat
1534 5574 1816 5646 nomine
1873 5572 2234 5646 Ecclesiae
2291 5596 2666 5668 romanae,
2726 5598 2811 5646 ac
2868 5597 2953 5646 ea
3008 5574 3292 5670 adjecta
3371 5574 3772 5647 conditione
3847 5574 4035 5670 quod
4107 5575 4180 5646 in
4250 5575 4335 5647 iis

691 5723 872 5795 quae
932 5698 1406 5794 Potestatem,
1468 5697 1938 5796 Capitaneum
1997 5723 2080 5771 ac
2137 5707 2456 5771 caeteros
2513 5697 2850 5772 officiales
2907 5699 3335 5797 respiciunt,
3397 5700 3468 5771 in
3525 5698 3821 5771 nihilum
3878 5723 3953 5771 se
4011 5700 4329 5795 ingerat,

693 5835 763 5896 et
820 5832 900 5896 ut
957 5823 1168 5897 latius
1226 5824 1493 5896 dictum
1551 5824 1685 5896 fuit
1744 5824 1812 5896 in
1870 5824 2116 5922 primis
2170 5824 2394 5896 literis
2451 5823 3066 5918 reconciliationis,
3109 5848 3292 5920 quae
3351 5833 3499 5896 tam
3555 5824 3624 5896 in
3682 5823 3816 5897 hac
3869 5834 4072 5922 parte
4123 5850 4336 5921 quam

693 5950 763 6021 in
821 5948 1072 6045 altera,
1115 5949 1186 6020 in
1245 5974 1385 6045 qua
1442 5949 1680 6045 agitur
1735 5950 1821 6022 de
1880 5973 2095 6022 censu
2151 5957 2222 6022 et
2279 5949 2365 6021 de
2403 5949 2715 6022 subsidio
2754 5948 3222 6022 ducentorum
3261 5958 3702 6022 armatorum
3740 5948 4127 6045 hominum,
4171 5975 4337 6023 con-

694 6072 975 6145 firmata
1033 6073 1543 6168 intelligantur,
1604 6073 1820 6147 salvis
1880 6083 2116 6147 tamen
2175 6075 2770 6148 declarationibus
2828 6083 2899 6148 et
2957 6073 3521 6172 suppletionibus
3560 6074 3631 6147 in
3670 6075 4068 6149 novissimis
4115 6075 4340 6148 literis

855 6394 932 6460 (1)
971 6392 1203 6459 Reyistr.
1237 6410 1435 6460 yross„
1475 6398 1606 6446 tom.
1644 6393 1714 6458 1.‚
1754 6410 1801 6447 c.
1842 6397 1936 6458 74,
1977 6395 2031 6447 in
2071 6395 2312 6447 Archivo
2349 6395 2465 6447 Ma·
2737 6397 2815 6462 (2)
2857 6396 3097 6448 Monam.
3136 6397 3276 6448 civit.
3316 6395 3554 6461 Bonon.7
3589 6397 3696 6449 vol.
3737 6399 3821 6462 80,
3861 6412 4006 6447 num.
4046 6395 4332 6447 LXXXII.

698 6481 842 6532 ximo
880 6482 1090 6534 Bonon.
2735 6487 2814 6553 (3)
2854 6487 3119 6552 Ronconi,
3157 6487 3263 6540 loo.
3302 6489 3426 6553 cit.,
3463 6503 3510 6540 c.
3550 6490 3655 6540 250
3694 6505 3735 6539 r.
3776 6491 3830 6541 et
3868 6505 3948 6552 ι,
3988 6491 4044 6540 et
4080 6490 4178 6539 251
4221 6505 4264 6539 r.
