5542 7775
2106 683 2486 734 APPENDIX
2541 682 2843 732 ALTERA

774 843 1071 907 Andreas
1105 843 1184 907 de
1216 842 1489 911 Bavello
1523 840 1877 905 inscribitur
1918 842 2005 904 ad
2041 840 2225 924 finem
2252 840 2409 925 yloe-

644 973 744 1015 sae
783 974 931 1036 paq.
995 952 1090 1031 17,
1141 953 1399 1034 itemque
1431 970 1579 1034 pay.
1630 949 1760 1012 204
1807 956 1989 1012 rctr0.

774 1058 1139 1122 Richardus
1188 1057 1267 1120 de
1318 1055 1527 1137 Senis,
1563 1078 1712 1142 pay.
1762 1057 1849 1118 30
1893 1063 2058 1119 retro
2104 1063 2158 1119 et
2201 1053 2367 1118 alibi.

773 1165 1138 1230 Richardus
1187 1164 1266 1228 de
1315 1163 1638 1249 Hispania
1683 1165 1910 1227 citatur
1942 1165 2008 1227 in
2034 1164 2160 1246 fine
2184 1163 2415 1248 ylossae

633 1296 780 1359 pay.
833 1274 919 1336 36
967 1280 1147 1337 retr0.

771 1380 1123 1445 Bartholus
1172 1379 1250 1443 de
1301 1380 1476 1445 Saxo
1525 1379 1818 1461 FerratO,
1853 1399 2003 1464 paq.
2039 1378 2144 1441 55.

775 1488 1083 1551 Nic-olaus
1130 1486 1429 1569 BufuluS,
1468 1508 1616 1572 pay.
1668 1486 1774 1549 50.

777 1593 1207 1675 Oddofrcdus,
1242 1616 1394 1679 pay.
1445 1594 1530 1657 41
1578 1601 1631 1658 et
1674 1592 1839 1656 alibi.

773 1702 1059 1766 Jacobus
1108 1701 1506 1783 Balduinus,
1631 1722 1692 1786 9.
1742 1700 1829 1762 40
1874 1708 1927 1764 et
1972 1698 2122 1764 alibi
2161 1700 2413 1784 passim.

775 1809 1068 1873 Barthol.
1105 1809 1184 1872 de
1219 1808 1464 1894 Capua.
1509 1810 1713 1893 Atque
1740 1807 1928 1871 huius
1975 1807 2218 1892 quidem
2258 1807 2416 1892 yios-

653 1919 836 1981 sellae
877 1919 1120 2000 saepius
1164 1923 1497 1980 occurrunt
1558 1918 1623 1978 in
1687 1922 1803 1978 toto
1865 1915 2184 1979 columine.
2234 1913 2418 1978 Modo

649 2032 855 2088 antem
905 2027 1036 2088 eins
1083 2044 1300 2088 nomen
1349 2025 1579 2109 inteyre
1622 2022 2000 2105 inscribitur,
2048 2022 2224 2086 modo
2283 2042 2420 2086 vero

654 2131 994 2196 initialibus
1038 2138 1280 2196 tantum
1328 2132 1521 2195 literis
1565 2129 1645 2194 B.
1700 2128 1767 2194 C.

772 2241 1062 2303 Aliorum
1112 2242 1251 2303 item
1300 2240 1552 2302 nomina
1598 2244 1960 2321 occurrunt,
2006 2258 2162 2321 quae
2214 2244 2418 2301 tamen

661 2352 892 2434 inteyre
937 2370 1058 2411 non
1093 2347 1492 2428 iscribuntur,
1523 2353 1593 2409 ut
1636 2346 1975 2430 superiora.
2007 2344 2132 2427 Ita,
2162 2345 2421 2428 exempli

644 2458 850 2541 qratia
868 2479 888 2518 .·

775 2563 1003 2627 Thom.
1054 2562 1133 2625 (16
1180 2560 1397 2625 Form.

774 2671 1006 2734 Franc.
1056 2670 1134 2733 de
1184 2668 1377 2733 Thes.

775 2777 951 2841 Pctr.
1001 2775 1080 2840 de
1127 2775 1206 2839 Β.
1255 2763 1454 2839 Ρᾘᾶεἶ.

779 2884 943 2947 Mar.
996 2883 1106 2969 Sy.
1158 2883 1350 2964 (idest
1395 2881 1713 2945 Martinus
1761 2880 2189 2963 Sulimanus).

772 2991 931 3055 Eius
979 3013 1196 3056 nomen
1240 2992 1467 3076 leyitur
1501 3012 1649 3074 pay.
1686 2990 1773 3053 56
1805 2991 1870 3053 in
1901 3010 2144 3053 summa
2177 2989 2418 3074 payina

642 3100 738 3163 his
785 3102 942 3163 notis
990 3101 1450 3185 consiqnatum:
1497 3097 1584 3161 M.
1622 3096 1731 3183 Sy.
1783 3097 1933 3183 Pay.
1971 3097 2058 3161 63
2086 3097 2172 3160 ad
2199 3097 2419 3160 calcem

648 3210 1051 3271 inveniuntur
1096 3207 1308 3270 literae
1352 3204 1517 3269 Mar.
1571 3204 1679 3291 Sy.
1726 3206 1909 3269 semel
1956 3212 2011 3269 et
2055 3207 2280 3267 iterum
2327 3206 2417 3266 tit.

647 3316 749 3381 De
781 3313 1210 3400 jurejurando
1243 3319 1507 3399 propter
1540 3312 1928 3376 calumniam
1962 3312 2195 3376 dand0.
2247 3310 2419 3375 Rur-

645 3444 782 3487 snm
821 3445 965 3507 paq.
1018 3422 1101 3484 65
1150 3429 1202 3485 et
1247 3420 1398 3485 alibi
1455 3421 1765 3505 deinceps,
1813 3427 1882 3483 ut
1918 3442 2064 3505 pay.
2121 3419 2268 3501 197,
2315 3418 2420 3483 nbi

651 3538 983 3595 occurrant
1031 3531 1210 3593 etiam
1257 3528 1402 3592 haec
1447 3528 1571 3591 duo
1617 3529 1908 3591 nomina.-

775 3638 1084 3701 Nicolaus
1132 3636 1211 3699 de
1259 3635 1678 3701 Mactarellis.

775 3746 879 3810 J0.
931 3746 1009 3808 de
1055 3743 1524 3830 Vigintimiliis.

775 3854 899 3918 His
946 3854 1106 3919 adde
1153 3852 1512 3918 Jordanum
1560 3850 1640 3916 de
1704 3850 1940 3916 Sancto
2003 3849 2262 3933 Felice,
2312 3850 2420 3936 qni

649 3984 925 4047 erpi-esse
995 3964 1357 4025 nominatur
1411 3982 1561 4047 paq.
1616 3962 1654 4023 1
1713 3966 1912 4043 retro,
1959 3960 2279 4024 Jacobum
2338 3957 2418 4022 de

647 4070 1043 4152 RaveniacO,
1067 4091 1216 4155 pay.
1251 4070 1340 4132 23
1384 4076 1567 4133 retr0.
1615 4067 2000 4131 Franciscus
2058 4088 2292 4152 quoqne
2336 4065 2416 4131 de

652 4177 965 4243 Accursio
1011 4198 1134 4240 non
1180 4176 1361 4240 semel
1403 4182 1799 4239 memoratur.

1470 4677 1597 4742 III.

655 4981 1150 5065 Monumentmn,
1199 4983 1361 5067 qnod
1399 4983 1462 5044 in
1511 4989 1651 5045 tom.
1694 4980 1789 5064 L,
1827 5003 1973 5067 paq.
2011 4981 2139 5044 186
2183 4987 2306 5045 not.
2341 4981 2419 5064 5,

768 5112 919 5174 pay.
975 5090 1100 5153 194
1149 5098 1270 5154 not.
1320 5091 1360 5152 7
1408 5096 1462 5154 et
1511 5111 1660 5176 pay.
1708 5088 1840 5152 248
1900 5096 2024 5153 not.
2069 5090 2113 5151 2
2172 5090 2420 5172 citatur,

778 5198 888 5263 snb
937 5198 1029 5262 ΙΙ.
1077 5198 1451 5262 antecedenti
1495 5219 1753 5262 numero
1797 5198 2227 5281 complectitur.

780 5914 857 5976 (1)
887 5911 1132 5980 Scriptus
1159 5912 1350 5981 procul
1377 5910 1539 5962 dubio
1565 5914 1693 5962 ante
1728 5910 2006 5962 saeculum
2034 5908 2134 5961 XI.
2160 5908 2421 5974 omnium,

655 6003 748 6071 qui
786 6003 1055 6066 viderunt,
1094 6002 1311 6053 iudicio.

783 6095 860 6154 (2)
899 6091 1140 6142 Litterae
1181 6090 1365 6142 minio.

783 6183 859 6246 (3)
899 6180 1134 6231 Notulae
1172 6194 1388 6244 omnes,
1427 6194 1568 6247 quae
1607 6183 1926 6248 sequuntur,
1964 6182 2091 6231 sunt
2127 6179 2181 6230 in
2221 6179 2423 6232 codicis

659 6271 921 6339 margine,
944 6273 996 6321 et
1018 6270 1276 6336 adjacent
1300 6268 1529 6337 singulis
1554 6269 1827 6337 capitulis.
1847 6299 1913 6307 —
1938 6267 2236 6321 Clementis
2260 6286 2422 6338 pape,

656 6361 784 6430 kap.
825 6360 867 6411 1.

781 6451 861 6514 (4)
903 6448 1158 6501 Anacleti
1195 6465 1358 6517 pape,
1395 6447 1449 6499 k.
1487 6447 1696 6499 XXIV.

783 6543 861 6605 (5)
901 6539 1100 6591 Felicis
1138 6555 1301 6607 pape,
1339 6538 1394 6590 k.
1429 6537 1561 6591 XII.

4144 657 4291 728 277

3363 944 3480 1008 IV.

2541 1159 2646 1223 Ex
2674 1159 2818 1224 Cocl.
2858 1160 3057 1224 Palat.
3102 1160 3291 1224 Vatic.
3325 1182 3388 1224 n.
3424 1160 3575 1245 580,
3607 1163 3943 1226 continente
3978 1160 4299 1226 Canonnm

2670 1267 3085 1333 Collectionem
3132 1271 3200 1332 in
3248 1268 3373 1333 IV.
3410 1277 3626 1354 partes
3670 1269 4063 1333 distributum
4091 1270 4189 1334 (1).

2667 1482 2996 1567 Incipiunt
3044 1483 3337 1569 kapitula
3383 1485 3585 1570 partis
3632 1485 3835 1570 prime
3861 1484 3960 1549 (2).

2665 1589 2720 1653 I.
2772 1589 2960 1664 Quod
3011 1590 3253 1676 Symon
3284 1591 3519 1656 Petrus
3552 1613 3701 1655 vere
3734 1592 3882 1656 fidei
3916 1594 4142 1659 merito
4175 1593 4303 1680 pri·

2540 1718 2682 1760 mus
2728 1696 2945 1781 fuerit,
2993 1705 3113 1762 ete.
3141 1698 3219 1763 (3)

2670 1803 2762 1868 II.
2814 1804 3001 1878 Quod
3051 1806 3114 1869 in
3156 1826 3324 1869 novo
3357 1806 3772 1872 Testamento
3804 1814 3950 1894 post
3982 1807 4307 1872 Christum

2548 1910 2901 1976 Dominum
2948 1920 3237 1977 nostrum
3284 1934 3321 1976 a
3366 1913 3563 1977 Petro
3609 1914 4028 1978 sacerdotalis
4067 1915 4310 2001 ceperit

2546 2017 2723 2084 Ordo
2739 2018 2839 2084 (4).

2670 2127 2799 2191 III.
2849 2126 3037 2200 Quod
3071 2149 3107 2191 a
3140 2127 3337 2191 Petro
3371 2128 3613 2214 ceperit
3660 2128 3996 2193 exordium
4043 2136 4108 2193 et
4155 2150 4308 2215 apo-

2551 2235 2827 2299 stolatus
2873 2244 2937 2299 et
2984 2235 3223 2321 episcol
3249 2241 3392 2299 atus
3441 2237 3505 2300 in
3554 2236 3809 2301 Christo
3835 2236 3932 2301 (5).

2671 2342 2789 2405 IV.
2837 2342 2940 2407 De
2987 2342 3212 2407 eadem
3262 2365 3330 2407 re
3356 2344 3455 2408 (6).

2666 2449 2749 2514 V.
2801 2449 2989 2524 Quod
3035 2450 3267 2514 Petrus
3316 2451 3712 2516 Clementem
3759 2451 4130 2540 episcopum
4176 2453 4307 2517 Ro-

2544 2557 2752 2621 manis
2802 2558 3195 2621 ordinaverit
3220 2558 3321 2622 (⁷).

2670 2664 2800 2729 Hic
2843 2667 3262 2731 animadverte
3300 2668 3464 2751 quod
3508 2670 3573 2731 in
3620 2670 3747 2752 ipso
3798 2668 4011 2733 Codice
4054 2668 4312 2732 habetur

2551 2771 2751 2857 Caput
2815 2773 2977 2858 quod
3044 2794 3167 2836 non
3247 2783 3329 2838 est
3394 2778 3459 2839 in
3525 2777 3722 2840 indice
3783 2778 3890 2860 qui
3937 2777 4313 2861 pi·aefi9itur

2545 2883 2787 2966 primae
2805 2884 2985 2965 parti
3017 2884 3208 2966 ipsius
3237 2882 3500 2948 Codicis:
3525 2891 3606 2948 est
3636 2892 3841 2949 autem
3872 2893 4054 2970 capnt
4078 2883 4223 2948 XX
4236 2884 4308 2948 Γ.

2541 2990 2628 3052 ita
2675 2991 3072 3074 inscriptum:

2679 3122 2708 3152 ι
2757 3095 2858 3160 Ι)6
2922 3097 3263 3183 privilegio
3324 3098 3530 3162 Beato
3595 3099 3791 3163 Petro
3845 3098 4107 3163 Domini
4170 3102 4309 3164 vice

2547 3203 2884 3268 solumodo
2934 3206 3293 3289 commisSO,
3327 3213 3392 3269 et
3437 3206 3516 3269 de
3559 3207 3942 3271 discretione
3973 3208 4309 3294 potestatis

2546 3332 2671 3396 que
2719 3311 2886 3375 inter
2932 3314 3280 3398 Apostolos
3328 3314 3447 3377 suit
3497 3338 3556 3377 ».

2666 3421 2895 3505 Incipit
2945 3422 3020 3485 ab
3065 3423 3162 3486 liis
3206 3422 3434 3487 verbis:

2681 3555 2709 3585 α
2759 3530 2975 3615 Atque
3023 3530 3145 3594 hoc
3191 3530 3624 3617 privilegium,
3673 3537 3794 3596 etc.
3845 3557 3905 3596 ».

2670 3636 2748 3701 In
2799 3641 3078 3723 maiyine
3122 3646 3327 3704 antem
3374 3641 3628 3725 leyitur:

2678 3772 2704 3799 ι
2755 3744 2925 3831 Kap.
2977 3745 3357 3810 Melchiadis
3406 3768 3572 3833 pape
3617 3746 3804 3811 LIII.
3852 3773 3910 3812 ».

2545 3901 4304 3921 000000000000000000000000000

2672 4178 2914 4242 CXIX.
2962 4179 3259 4265 Epistola
3314 4181 3510 4244 totius
3566 4180 3840 4245 africani
3908 4180 4180 4246 Concilii
4226 4180 4308 4244 ad

2542 4306 2782 4372 papam
2828 4285 3222 4351 Celestinum
3255 4288 3431 4352 urbis
3473 4288 3679 4353 Rome
3711 4289 4082 4375 episcopum
4109 4287 4208 4370 (8),
4243 4289 4309 4351 in

2545 4412 2674 4478 qua
2719 4392 3069 4479 postulant,
3105 4401 3175 4458 ut
3215 4394 3568 4459 secundum
3600 4395 3857 4460 decreta
3890 4396 4140 4478 nicena,
4175 4395 4310 4459 sive

2541 4499 2666 4586 ipsi
2718 4502 3023 4587 episcopi,
3072 4502 3208 4566 sive
3255 4501 3577 4567 inferioris
3625 4503 3865 4589 gradus
3907 4503 4125 4568 clerici
4164 4525 4308 4568 suo·

2544 4627 2690 4671 rum
2721 4607 3369 4694 Metropolitanorum
3390 4610 3634 4694 judicio
3668 4610 3980 4675 committi
4009 4611 4307 4675 debeant.

2668 4715 2836 4779 Item
2898 4738 2981 4780 ex
3051 4717 3326 4801 registro
3403 4717 3578 4781 beati
3657 4717 3958 4803 Gregorii
4034 4718 4307 4804 quedam

2542 4822 2695 4908 kap.
2731 4824 2814 4887 ad
2862 4822 3133 4887 eandem
3181 4824 3455 4910 primam
3501 4832 3750 4911 partem
3798 4826 4226 4912 respicientia.

2672 4930 2877 4995 CXX.
2925 4929 3026 4994 De
3073 4931 3427 5017 Privilegio
3474 4932 3824 5018 apostolice
3874 4931 4058 4997 Sedis
4083 4933 4182 4997 (9).

2547 5089 4305 5108 OOOOOOOOOOOOOOOOOOOOOOOOOOO

2671 5149 2839 5212 Item
2871 5147 3040 5234 Kap.
3068 5149 3265 5233 Legis
3291 5149 3583 5213 Romane
3617 5150 3699 5213 ad
3733 5150 4002 5215 eandem
4033 5152 4308 5237 primam

2545 5262 2798 5342 partem
2843 5256 3253 5342 pertinentia.

2672 5363 2980 5428 CXXIX.
3028 5363 3128 5428 De
3178 5364 3400 5428 ordine
3446 5363 4131 5430 PatriarcharumOO).

2671 5471 2856 5558 Papa
2912 5493 3216 5536 romanus
3277 5471 3453 5559 prior
3510 5472 3803 5537 omnibus
3866 5472 4181 5559 episcopis
4246 5484 4311 5538 et

2547 5579 2933 5666 patriarchis
2981 5579 3235 5661 sedeat3
3270 5588 3335 5642 et
3374 5588 3518 5665 post
3558 5580 3738 5643 illum
3773 5580 4309 5667 Constantinopo-

2545 5687 2745 5750 litane
2793 5687 3072 5750 civitatis
3120 5687 3661 5774 archiepiscopus.

2674 5903 2752 5965 (6)
2793 5902 2875 5952 Ex
2913 5901 3041 5969 kap.
3074 5900 3268 5954 Nic-eni
3308 5900 3547 5968 Concil.‚
3579 5919 3685 5972 que
3726 5903 3909 5954 addita
3947 5907 4074 5955 sunt
4111 5904 4179 5955 ab
4220 5921 4308 5956 eo-

2550 5994 2674 6045 dem
2715 5992 2900 6044 Felice
2938 6008 3101 6061 papa.

2677 6084 2754 6147 (7)
2795 6082 3093 6134 Clementis
3133 6099 3276 6151 pape
3316 6081 3393 6133 II.

2673 6176 2751 6238 (8)
2792 6172 3000 6225 Concil.
3040 6172 3318 6236 Africam,
3355 6172 3484 6240 kap.
3523 6171 3667 6225 CVI.

2673 6266 2752 6330 (9)
2793 6264 2876 6315 Ex
2913 6264 3142 6332 registro
3174 6263 3345 6331 partis
3371 6262 3661 6328 secundae,
3688 6262 3815 6331 kap.
3855 6262 4075 6315 CLXII.
4115 6264 4181 6315 ad
4221 6264 4309 6316 J0.

2546 6355 2802 6407 Subdiac.
2840 6355 2905 6405 de
2945 6369 3188 6405 consecr.
3227 6352 3445 6404 mediol.
3484 6351 3665 6420 Epise.

2637 6447 2751 6511 (lo)
2792 6443 2877 6494 Ex
2915 6443 3132 6495 novella
3170 6442 3315 6511 Lege
3355 6457 3597 6506 romana,
3634 6442 3730 6494 lib.
3770 6441 3845 6507 1.‚
3882 6443 3936 6495 k.
3973 6443 4155 6495 Dvll.
