5542 7775
1214 579 1364 652 232
2785 602 3266 652 Mommmtu

1385 754 1553 819 Item
1600 755 1772 841 quod
1822 762 2047 821 neuter
2093 755 2296 842 possit
2344 756 2741 820 recederem
2768 756 2848 819 de
2890 764 3063 819 terra
3098 777 3224 819 non
3257 778 3654 838 reversurae,
3688 755 3810 819 nisi
3846 755 4115 820 haberet
4145 754 4375 819 fortem
4408 762 4473 818 et
4505 762 4842 840 urgentem

1211 883 1495 927 causam.

1384 969 1551 1034 Item
1598 969 1716 1034 hec
1764 978 1954 1056 pacta
2003 991 2128 1034 non
2175 977 2439 1034 teneant
2485 969 2741 1055 legente
2791 970 2919 1033 alio
2968 971 3277 1054 magistro
3325 977 3671 1056 superante
3712 969 3952 1033 dictum
3985 969 4364 1054 magistrum
4401 969 4842 1033 Guillielmnm

1207 1077 1273 1139 in
1319 1076 1743 1159 scholaribus,
1792 1076 1883 1140 ita
1931 1076 2098 1161 quod
2147 1077 2419 1141 haberet
2465 1076 2875 1141 medietatem
2922 1076 3334 1159 scholarium,
3379 1078 3483 1140 vel
3532 1077 3727 1163 paulo
3776 1077 4015 1162 plures.

1381 1181 1548 1246 Item
1596 1182 1767 1269 quod
1813 1183 2191 1269 repetitores
2237 1183 2533 1269 magistri
2577 1183 2859 1266 Jeutilis,
2894 1183 3005 1269 qui
3051 1191 3284 1265 essent,
3318 1184 3422 1247 vel
3470 1183 3687 1247 velent
3734 1204 3874 1247 esse
3916 1184 3970 1246 si
4004 1183 4140 1269 ipse
4188 1183 4454 1268 legeret,
4488 1190 4843 1247 tractentur

1203 1310 1241 1351 a
1287 1288 1458 1353 dicto
1506 1290 1817 1375 magistro
1868 1289 2241 1354 Guillielmo
2290 1297 2602 1376 quantum
2652 1290 2732 1353 ad
2782 1290 3025 1354 honera
3074 1290 3254 1354 sicud
3301 1291 3399 1354 sui
3450 1291 3717 1376 proprij,
3765 1298 3829 1354 et
3876 1290 4203 1354 scholares
4249 1289 4475 1354 eodem
4522 1291 4731 1355 mode.

1269 1412 1276 1415 “
1381 1395 1549 1461 Item
1596 1398 1650 1460 si
1695 1397 2018 1462 videbitur
2066 1396 2252 1461 dictis
2299 1397 2625 1483 magistris
2673 1398 2951 1461 retinere
2999 1397 3253 1461 scholas
3299 1397 3596 1482 magistri
3640 1397 3936 1481 Gentilis,
3971 1396 4365 1462 rettinebunt
4409 1406 4473 1461 et
4509 1398 4841 1462 solvantur

1202 1502 1281 1566 de
1329 1504 1585 1568 comuni
1632 1504 1835 1571 lucro.

1379 1611 1546 1675 Item
1593 1611 1766 1697 quod
1812 1612 2120 1698 magister
2168 1611 2443 1676 Gentilis
2501 1612 2740 1676 habeat
2789 1612 3015 1676 horam
3061 1613 3126 1676 in
3174 1611 3411 1677 scholis
3461 1613 3755 1697 magistri
3803 1610 4157 1676 Guillielmi
4204 1620 4419 1697 preter
4466 1612 4689 1676 horam
4738 1634 4840 1677 or·

1201 1716 1519 1782 dinariam
1566 1740 2035 1805 quamcumque
2080 1720 2241 1784 vult.

1378 1825 1545 1890 Item
1591 1827 1648 1890 si
1693 1827 1928 1912 aliquis
1975 1827 2366 1891 scholarium
2422 1848 2548 1890 non
2616 1827 2977 1892 intenderet
3038 1836 3208 1891 stare
3272 1827 3543 1891 multum
3606 1826 3673 1890 in
3734 1826 3983 1907 studi0‚
4032 1826 4202 1911 quod
4264 1826 4471 1890 dictus
4531 1827 4840 1913 magister

1202 1930 1612 1998 Guillielmus
1661 1934 1876 2020 capiat
1921 1934 2001 1999 de
2049 1934 2218 1999 dicto
2265 1934 2545 1999 scholari
2592 1933 2654 1998 id
2727 1934 2901 2019 quod
2948 1935 3183 2020 poterit
3226 1934 3467 1998 habere
3514 1940 3579 1998 et
3624 1933 3778 1998 dare
3825 1933 4081 1997 tertiam
4128 1940 4380 2020 partem
4427 1934 4588 1998 lucri
4636 1935 4837 2021 magi-

1200 2046 1332 2105 stro
1379 2040 1629 2123 Jentili,
1676 2048 1742 2105 et
1789 2042 1853 2105 in
1900 2042 2195 2106 omnibus
2244 2042 2403 2124 istis,
2452 2041 2681 2127 siquod
2728 2050 2901 2105 esset
2946 2041 3214 2105 verbum
3262 2041 3660 2126 ambiguum,
3694 2041 4153 2126 interpretetur
4197 2042 4549 2105 secundum
4596 2042 4835 2106 dictum

1199 2147 1495 2232 magistri
1543 2148 1803 2234 Tadey;
1854 2155 1918 2212 et
1964 2148 2018 2212 si
2064 2148 2274 2213 dictus
2321 2149 2630 2234 magister
2676 2148 2936 2212 Tadeus
2985 2169 3111 2212 non
3159 2156 3348 2231 esset,
3392 2148 3495 2211 vel
3543 2147 3845 2211 arbitrari
3894 2169 4017 2211 non
4066 2156 4304 2233 posset,
4340 2149 4840 2234 interpretentur

1199 2254 1468 2318 verbum
1515 2257 1619 2319 vel
1666 2263 1928 2343 pactum
1987 2255 2366 2341 ambiguum
2405 2256 2510 2319 vel
2557 2255 2901 2321 obscurum
2948 2278 3063 2342 per
3111 2255 3561 2319 Guardianum
3607 2254 3908 2319 Fratrum
3952 2255 4308 2338 Minorum,
4358 2256 4468 2341 qui
4514 2278 4629 2342 pro
4677 2264 4836 2321 tem-

1198 2382 1353 2446 pore
1400 2362 1617 2426 fuerit.

1375 2468 1542 2533 Item
1590 2469 1760 2555 quod
1806 2469 2014 2534 dictus
2060 2469 2369 2555 magister
2416 2469 2827 2534 Guillielmus
2873 2477 3172 2534 teneatur
3218 2469 3372 2533 dare
3421 2469 3677 2533 tertiam
3723 2477 3973 2555 partem
4020 2470 4183 2553 ejus,
4218 2469 4387 2555 quod
4422 2471 4736 2557 receperit
4768 2472 4832 2535 in

1196 2574 1576 2659 Nativitate,
1631 2576 1919 2663 predicto
1981 2576 2292 2662 magistro
2353 2577 2616 2660 Jentili3
2669 2577 2996 2641 residuum
3060 2598 3212 2641 vero
3277 2584 3425 2640 ante
3481 2577 3718 2641 festum
3777 2577 4117 2641 Paschatis
4179 2576 4632 2641 Resurecionis
4702 2578 4833 2643 Do-

1196 2682 1374 2765 mini,
1409 2690 1474 2747 et
1516 2684 1950 2770 promiserunt
1997 2705 2123 2749 non
2173 2685 2618 2748 contravenire
2666 2685 2788 2748 sub
2835 2705 3003 2770 pena
3051 2694 3305 2748 centum
3356 2684 3666 2748 librarum
3714 2685 3778 2748 iu
3827 2684 4099 2770 singulis
4147 2685 4481 2771 capitulis;
4516 2692 4581 2749 et
4622 2686 4675 2748 si
4716 2686 4832 2750 ali-

1196 2790 1339 2875 quis
1385 2791 1636 2855 veniret
1682 2799 1906 2855 contra
1950 2791 2273 2878 predicta,
2323 2792 2425 2855 vel
2474 2791 2736 2877 aliquod
2791 2791 3263 2878 predictorum,
3313 2793 3603 2878 privetur
3660 2791 4037 2879 pignoribus
4100 2791 4232 2855 suis
4294 2791 4461 2856 datis
4522 2792 4832 2877 magistro

1197 2896 1418 2962 Tadeo
1464 2920 1582 2985 pro
1628 2898 1932 2985 predictis
1980 2899 2276 2963 omnibus
2323 2906 2386 2963 et
2431 2899 2704 2984 singulis
2749 2898 3135 2985 supradictis
3184 2899 3623 2983 observandis,
3658 2920 3782 2984 que
3815 2899 4110 2985 pignora,
4145 2921 4257 2963 seu
4292 2900 4628 2964 extimatio
4663 2903 4832 2987 ipso-

1197 3024 1360 3086 rum,
1394 3026 1587 3090 quam
1635 3004 1881 3069 faciunt
1927 3005 2284 3069 comuniter
2316 3013 2380 3068 et
2412 3004 2814 3069 concorditer
2845 3005 3316 3090 quinquaginta
3348 3004 3659 3069 librarum
3691 3005 4198 3088 bononenorum,
4232 3005 4568 3092 pervenire
4601 3006 4834 3071 debeat

1195 3111 1278 3175 ad
1326 3112 1561 3195 alium3
1603 3118 1667 3175 et
1713 3112 1768 3175 si
1814 3113 2216 3197 contingeret
2263 3111 2504 3176 dictum
2551 3111 2933 3197 magistrum
2980 3112 3421 3176 Guillielmum
3470 3119 3698 3198 quarto
3740 3133 3911 3176 anno
3945 3119 4116 3176 stare
4151 3113 4216 3176 in
4248 3113 4508 3177 civitate
4542 3112 4832 3179 Bononie

1197 3225 1260 3283 et
1306 3219 1545 3304 legere,
1593 3219 1760 3284 inter
1807 3239 1915 3283 eos
1962 3218 2134 3283 dicta
2179 3226 2371 3305 pacta
2418 3219 2698 3283 debeant
2744 3219 2959 3283 omnia
3014 3226 3078 3283 et
3139 3219 3398 3304 singula
3460 3220 3790 3284 observari
3853 3240 3977 3305 que
4025 3219 4089 3284 in
4138 3220 4324 3284 dictis
4370 3228 4435 3284 et
4480 3243 4597 3305 pro
4645 3221 4831 3286 dictis

1194 3326 1399 3390 tribus
1446 3326 1632 3390 annis
1678 3326 1851 3391 dicta
1885 3334 1948 3390 et
1980 3326 2221 3412 scripta
2252 3334 2403 3390 sunt
2433 3347 2630 3412 supra
2661 3326 2999 3412 pervenire
3034 3326 3270 3391 debeat
3310 3327 3391 3390 ad
3426 3327 3644 3409 alium,
3680 3349 3803 3412 que
3838 3328 3899 3390 in
3934 3326 4139 3390 tribus
4165 3328 4242 3390 (2)
4262 3328 4363 3411 jta
4405 3335 4619 3391 tamen
4662 3328 4832 3414 quod

1193 3433 1504 3519 magister
1552 3433 1815 3497 Jentilis
1862 3434 1975 3497 illo
2024 3440 2255 3518 quarto
2301 3454 2472 3497 anno
2522 3455 2648 3497 non
2694 3433 2891 3518 legat.

1371 3541 1611 3605 Actum
1659 3541 1950 3606 Bononie
1998 3541 2064 3604 in
2110 3540 2299 3605 domo
2347 3540 2588 3604 domini
2636 3540 3034 3626 Bonagratic
3083 3542 3146 3605 in
3195 3563 3323 3626 qua
3380 3548 3666 3605 moratur
3727 3541 4036 3626 magister
4083 3541 4376 3624 Tadeus,
4425 3543 4829 3628 presentibus

1195 3647 1505 3733 magistro
1553 3647 1774 3712 Tadco
1821 3654 1887 3711 et
1933 3648 2242 3733 magistro
2290 3647 2546 3712 Joanne
2592 3647 2671 3710 de
2717 3647 2989 3729 AssisiO,
3038 3656 3103 3711 et
3149 3648 3460 3733 magistro
3506 3647 3854 3713 Francisco
3902 3648 3982 3712 de
4030 3648 4248 3712 Massa
4295 3649 4585 3731 testibus,
4628 3657 4692 3713 et
4739 3649 4830 3715 sic

1195 3755 1347 3819 dicti
1396 3755 1850 3820 contrahentes
1896 3776 2027 3819 una
2075 3776 2220 3818 cum
2267 3754 2438 3819 dicto
2488 3754 2739 3819 notario
2789 3760 3124 3837 venerunt,
3173 3754 3476 3819 dixerunt
3522 3762 3584 3819 et
3633 3755 3827 3819 scribi
3874 3755 4185 3820 fecerunt.

2922 4058 3108 4123 XIV.

2709 4274 2904 4356 1298,
2956 4274 3040 4337 18
3084 4275 3325 4360 aprilis,

1227 4487 1334 4552 Ex
1378 4488 1545 4552 libro
1593 4488 1650 4563 Q
1701 4488 2238 4573 Reformationum
2290 4488 2519 4553 Comm.
2553 4488 2834 4570 Bonon.‚
2883 4488 2948 4552 in
2994 4488 3193 4553 Arch.
3227 4487 3410 4552 Max.
3445 4488 3634 4570 bon.,
3683 4509 3737 4552 c.
3773 4490 3901 4551 223
3950 4482 4062 4571 v.⁰,
4111 4490 4240 4551 225
4290 4483 4369 4551 r.⁰
4414 4495 4478 4552 et
4528 4490 4655 4551 226
4705 4482 4794 4551 v.⁰

1243 4721 1345 4785 De
1405 4721 1725 4807 peticione
1787 4719 1795 4856 ⁴
1852 4720 1977 4785 Die
2024 4721 2273 4787 decimo
2320 4728 2549 4786 octavo
2597 4722 2835 4785 mensis
2882 4720 3105 4807 aprilis
3149 4719 3697 4805 [Meclxxxxviij]

1193 4829 1487 4914 magistri
1549 4829 1724 4893 Bon·
1853 4828 2020 4893 Item
2067 4828 2221 4915 quid
2267 4829 2481 4915 placet
2513 4827 2796 4893 Consilio
2829 4827 3168 4914 providere
3202 4849 3395 4914 super
3427 4828 3840 4914 infrascripta
3876 4827 4214 4914 peticione,
4249 4828 4433 4911 cujus
4466 4835 4651 4890 tenor
4682 4827 4831 4891 talis

1194 4957 1556 5022 nesegne,
1607 4937 1722 4999 filii
1852 4943 1981 4999 est:
2017 4934 2220 4999 Vobis
2268 4934 2524 4999 excelso
2573 4935 2710 4998 viro
2752 4934 3010 4998 domino
3046 4934 3421 5021 CapitaneO,
3461 4934 3875 5020 Sapientibus
3907 4935 4084 4999 Viris
4115 4934 4389 4999 dominis
4425 4934 4734 5000 Anzianis
4767 4944 4830 5001 et

1192 5043 1435 5108 domini
1465 5044 1720 5108 Benve·
1854 5043 2240 5108 Consulibus
2285 5041 2521 5129 Populi
2562 5041 2876 5125 Bononie,
2910 5042 3230 5128 supplicat
3263 5043 3571 5127 magister
3603 5042 4057 5128 Bonnesegna,
4098 5043 4268 5106 filius
4301 5043 4539 5106 domini
4574 5043 4825 5108 Benve·

1195 5152 1355 5216 nuti.
1852 5152 1990 5216 nuti
2038 5151 2393 5233 Bonifacii,
2436 5150 2673 5235 judicis
2720 5150 2800 5214 de
2847 5150 3097 5236 Populo
3146 5149 3468 5231 Bononie,
3513 5149 3734 5214 doctor
3780 5159 3843 5214 et
3890 5151 4198 5236 magister
4245 5150 4309 5213 in
4357 5157 4497 5215 arte
4544 5151 4717 5215 fisice
4765 5158 4829 5215 et

1853 5259 2201 5344 astrologis
2250 5265 2315 5322 et
2353 5258 2497 5322 aliis
2545 5258 2792 5321 artibus
2825 5258 3231 5322 examinatus
3273 5265 3339 5321 et
3379 5257 3788 5322 continuatus
3838 5258 3900 5321 in
3946 5258 4071 5322 hiis
4103 5258 4168 5321 in
4203 5279 4402 5343 regno
4436 5259 4828 5343 serenissimj

1189 5367 1392 5453 Regis
1424 5367 1935 5433 Jerosolimitani
1981 5374 2047 5431 et
2095 5366 2333 5448 Sicilie,
2367 5373 2438 5430 ut
2485 5365 2739 5451 publice
2788 5373 2967 5451 patet
3012 5386 3128 5451 per
3176 5365 3397 5429 literas
3444 5366 3760 5450 sigillatas
3809 5364 4041 5450 sigillis
4083 5365 4510 5451 pendentibus
4543 5387 4726 5430 ceree
4751 5366 4828 5430 (3)

1190 5477 1388 5541 rubee
1436 5476 1677 5541 excelsi
1726 5475 1905 5540 ducis
1952 5475 2193 5540 domini
2240 5474 2530 5556 Roberti,
2575 5473 2989 5560 primogeniti
3033 5482 3097 5537 et
3145 5474 3366 5537 vicarii
3417 5475 3738 5559 generalis
3788 5474 3943 5538 dicti
3989 5474 4230 5538 domini
4280 5473 4482 5559 Regis
4531 5476 4593 5538 in
4644 5463 4828 5539 dictis

1189 5583 1428 5669 regnis,
1462 5583 1714 5648 noviter
1759 5604 2058 5647 reversus
2106 5582 2188 5646 ad
2235 5582 2560 5646 civitatem
2598 5580 2892 5644 Bononie
2926 5580 3005 5644 de
3038 5602 3240 5665 regno
3273 5580 3663 5644 serenissimi
3698 5581 3871 5666 regis
3905 5581 4178 5645 Francis
4213 5587 4277 5644 et
4309 5581 4387 5644 de
4421 5581 4590 5645 dicto
4623 5603 4826 5667 regno

1189 5691 1433 5755 domini
1480 5691 1651 5776 regis
1697 5690 1922 5772 Karli,
1971 5689 2142 5775 quod
2189 5711 2406 5754 amore
2455 5697 2519 5752 et
2565 5688 2809 5752 honore
2859 5688 3143 5773 ipsorum
3188 5688 3445 5773 Regum
3492 5695 3556 5752 et
3600 5687 3801 5752 Ducis
3863 5694 3928 5752 et
3985 5710 4100 5774 pro
4148 5688 4391 5752 honore
4439 5695 4503 5752 et
4548 5689 4828 5754 utilitate

1191 5797 1497 5863 Comunis
1547 5797 1838 5862 Bononie
1885 5797 2099 5861 velitis
2147 5818 2385 5882 ponere
2432 5802 2497 5860 et
2543 5796 2787 5879 firmarj
2836 5795 3049 5859 facere
3098 5795 3163 5859 in
3211 5802 3425 5859 vestro
3476 5794 3756 5858 Consilio
3804 5794 4059 5880 Populi,
4095 5794 4264 5880 quod
4314 5815 4547 5859 nomen
4587 5802 4652 5859 et
4685 5818 4830 5881 pro·

1189 5927 1421 5971 nomen
1469 5905 1671 5991 ipsius
1718 5904 2013 5990 magistri
2059 5904 2486 5988 Bonnesegne
2533 5911 2814 5989 ponatur
2859 5903 3343 5989 presencialiter
3389 5911 3453 5966 et
3499 5902 3859 5965 successive
3907 5903 3971 5966 in
4019 5902 4203 5987 brevj
4252 5902 4361 5965 ubi
4397 5925 4431 5966 e
4465 5904 4684 5967 saculo
4718 5925 4829 5990 po·

1187 6021 1430 6078 nuntur
1477 6013 1736 6077 nomina
1783 6012 2183 6076 Medicorum
2229 6011 2529 6092 civitatis,
2564 6011 2675 6096 qui
2713 6010 2949 6073 dantur
2984 6010 3177 6074 iudici
3227 6010 3467 6074 domini
3515 6009 3865 6074 Potestatis
3915 6009 3998 6072 ad
4047 6010 4394 6073 videndum
4441 6010 4720 6074 offensas
4766 6018 4831 6074 et

1352 6281 1431 6344 (1)
1471 6279 1567 6331 Bis
1608 6296 1637 6328 ι
1676 6279 1914 6330 recedere
1955 6297 2002 6329 ».

1350 6371 1430 6435 (2)
1469 6367 1675 6419 Addita
1712 6371 1839 6419 sunt
1877 6366 2051 6419 infra:
2091 6384 2120 6416 ι
2159 6367 2370 6418 lucrum
2407 6366 2669 6433 cupiendo
2697 6381 2805 6433 pro
2842 6383 2891 6417 ».

1351 6460 1429 6528 (s)
1469 6459 1575 6511 Sic,
