5542 7775
2060 658 2224 707 JUR.
2285 658 2429 707 clv,
2490 659 2584 706 ΕΤ
2642 658 2811 708 CAN.
2871 658 3086 708 PROF.
4233 636 4383 707 357

759 815 947 887 inter
1001 815 1477 888 Jeremienses
1533 824 1604 887 et
1661 814 2236 887 Lambertaccios
2309 822 2471 886 acta
2536 839 2619 886 ac
2688 815 2972 912 optimis
3046 813 3318 910 legibus
3385 816 3858 909 communita,
3919 839 4076 886 cum
4154 813 4389 886 omnia

763 939 1044 1034 egregie
1103 940 1493 1036 composita
1550 948 1621 1011 et
1677 939 2064 1011 constituta
2120 938 2345 1010 videri
2385 947 2704 1035 possent,
2748 938 2816 1009 in
2871 939 3193 1034 sequenti
3241 964 3425 1012 anno
3487 940 3793 1035 partium
3850 938 4102 1010 studiis
4158 937 4389 1010 denuo

762 1063 832 1135 in
892 1064 1179 1136 civitate
1238 1064 1847 1158 reviviscentibuS,
1909 1088 1991 1135 eo
2048 1087 2163 1135 res
2218 1063 2526 1136 adducta
2582 1071 2728 1157 est,
2791 1071 2908 1158 ut,
2970 1063 3306 1135 districtis
3379 1063 3452 1135 in
3525 1063 3712 1135 Foro
3785 1062 4069 1157 gladiis,
4130 1063 4391 1134 acriter

765 1189 1242 1262 Jeremienses
1303 1188 1373 1285 [a
1430 1187 1987 1261 Lambertacciis
2041 1188 2363 1285 oppressi
2418 1186 2611 1282 sint].

973 1312 1252 1386 Nicolai
1308 1313 1446 1387 III.
1507 1313 1696 1386 iussu
1756 1338 1940 1386 anno
2006 1311 2641 1385 MCCLXXVIII.
2702 1311 2772 1383 in
2851 1312 3286 1409 provinciam
3355 1312 3780 1385 Flaminiam
3857 1337 4017 1385 cum
4094 1312 4389 1410 imperio

760 1449 1057 1516 ‚venerat
1114 1437 1513 1511 Cardinalis
1568 1437 1871 1510 Latinus
1927 1462 2019 1510 ex
2077 1436 2342 1510 Ordine
2400 1437 3009 1532 Praedicatorum,
3051 1438 3312 1511 sororis
3353 1438 3716 1511 Pontificis
3754 1437 3960 1534 filius,
4003 1439 4392 1535 eodemque

754 1567 947 1636 ’anno
1002 1562 1484 1660 gubernacula
1541 1564 1854 1636 eiusdem
1911 1563 2316 1659 provinciae
2374 1562 2684 1660 suscepit
2739 1560 3193 1658 BertholduS,
3255 1587 3463 1660 quem
3520 1562 3638 1636 alii
3693 1562 3973 1636 Nicolai
4030 1572 4386 1661 nepotem,

761 1689 903 1785 alii,
946 1701 1017 1761 et
1057 1691 1339 1786 quidem
1397 1690 1657 1785 verius,
1698 1690 1993 1763 fratrem
2051 1689 2439 1761 nominant.
2482 1688 2740 1761 Latino
2800 1713 2980 1784 quae
3039 1689 3130 1761 ad
3177 1713 3328 1762 rem
3376 1689 3832 1763 christianam
3881 1689 4187 1762 maxime
4228 1714 4389 1786 per-

760 1813 1093 1910 tinerent,
1134 1812 1523 1887 Bertholdo
1581 1838 1761 1910 quae
1819 1814 1908 1885 ad
1966 1812 2201 1885 civilia
2256 1812 2549 1908 negocia
2608 1822 3014 1910 spectarent
3073 1814 3502 1887 demandata
3558 1814 3791 1909 fuere3
3834 1815 3957 1887 sed
4013 1814 4084 1886 in
4144 1814 4390 1911 primis

758 1938 1039 2034 utrique
1097 1938 1474 2034 diligenter
1528 1936 1957 2011 inculcatum
2016 1963 2059 2011 a
2115 1937 2405 2010 Summo
2461 1937 2805 2010 Pontifice
2865 1946 2940 2009 ut
2998 1938 3365 2010 discordiis
3425 1938 3678 2035 [finem
3733 1939 4130 2036 imponeret
4151 1936 4294 2035 (¹)].

972 2064 1085 2135 Ex
1142 2063 1366 2136 literis
1423 2063 1735 2136 eiusdem
1791 2062 2070 2136 Nicolai
2127 2063 2312 2135 datis
2350 2063 2421 2134 in
2459 2063 2645 2135 hanc
2684 2086 2857 2159 rem,
2899 2072 2970 2135 et
3010 2088 3189 2160 qnae
3232 2071 3482 2135 extant
3519 2064 3592 2135 in
3633 2062 3893 2137 Codice
3934 2064 4387 2161 diplomatico

757 2189 1090 2285 civitatis,
1133 2188 1304 2261 illud
1344 2213 1592 2262 eruere
1651 2188 1839 2284 licet,
1882 2187 2298 2262 Pontificem
2356 2189 2428 2261 in
2487 2196 2636 2261 toto
2692 2188 2827 2261 hoc
2882 2188 3175 2283 negocio
3233 2189 3673 2286 propositum
3705 2190 4018 2283 ,maxime
4059 2189 4389 2262 habuisse

761 2322 841 2388 ut
898 2339 1025 2412 per
1080 2314 1433 2409 Legatum
1492 2321 1563 2385 et
1618 2314 2025 2410 provinciae.
2082 2314 2521 2411 praefectum
2580 2312 3135 2386 Bononiensium
3189 2336 3304 2385 res
3360 2312 3700 2410 peculiari
3771 2314 4054 2410 quidem
4129 2314 4386 2409 studi0‚

759 2440 881 2512 sed
939 2464 1199 2533 magna
1255 2439 1469 2511 etiam
1527 2438 1958 2511 dexteritate
1999 2447 2070 2511 et
2121 2438 2428 2536 quadam
2483 2438 2705 2511 veluti
2743 2438 3115 2518 ‚suavitate
3172 2449 3577 2533 agerentur,
3631 2462 3716 2510 ne
3774 2438 4111 2536 opulenta
4151 2449 4222 2512 et
4260 2464 4386 2513 no-

757 2564 913 2638 bilis
970 2564 1349 2637 admodum
1408 2563 1659 2636 civitas
1716 2564 1807 2636 ad
1864 2564 2151 2637 duriora
2206 2563 2654 2661 suscipienda
2712 2562 3004 2636 consilia
3067 2563 3585 2659 quodammodo
3643 2572 4041 2661 cogeretur,
4091 2565 4149 2637 si
4204 2566 4389 2638 forte

752 2689 961 2762 nimis
1017 2713 1344 2785 asperam
1398 2687 1473 2760 in
1530 2712 1604 2761 se
1661 2713 1949 2761 manum
2005 2689 2361 2762 sensisset.

966 2815 1219 2911 Itaque
1278 2838 1618 2912 prospero
1676 2814 1959 2911 quidem
2016 2839 2226 2887 cursu
2282 2815 2372 2887 ab
2430 2815 2600 2911 ipsis
2664 2839 2779 2887 res
2850 2822 3143 2911 coeptae
3213 2825 3284 2887 et
3357 2815 3717 2911 perfectae
3787 2815 3859 2886 in
3923 2815 4386 2890 Romaniolae

754 2939 1198 3035 civitatibus,
1259 2939 1443 3036 quod
1504 2963 1780 3012 summa
1836 2940 2294 3013 consensione
2369 2949 2666 3012 narrant
2740 2940 2860 3036 qui
2931 2964 3043 3012 res
3119 2939 3401 3012 illorum
3470 2949 3868 3037 temporum
3924 2940 4382 3038 scripserunt.

756 3065 894 3140 Sed
955 3065 1238 3137 maioris
1294 3089 1464 3138 sane
1524 3090 1733 3138 curae
1792 3074 1864 3137 et
1918 3063 2181 3138 laboris
2238 3066 2371 3137 fuit
2428 3065 2912 3138 Bononienses
2961 3066 3052 3138 ad
3091 3065 3397 3138 officium
3440 3090 3797 3138 revocare.
3837 3064 4025 3138 Nam
4066 3068 4196 3140 sub
4235 3068 4390 3165 ipsa

753 3191 955 3264 initia
1011 3192 1176 3264 anni
1232 3189 1794 3264 MCCLXXIX.
1838 3216 1927 3264 ex
1984 3189 2266 3263 Nicolai
2319 3190 2543 3263 literis
2590 3189 3047 3286 intelligimus
3102 3215 3325 3264 novos
3366 3191 4067 3288 vehementioresque
4109 3193 4176 3264 in
4216 3193 4388 3266 civi-

754 3324 903 3390 tate
959 3325 1193 3389 motus
1251 3316 1611 3411 extitisse3
1671 3316 1924 3413 quibus
1995 3316 2499 3414 componendis
2554 3316 2919 3411 graviores
2990 3314 3228 3388 intulit
3285 3316 3512 3389 minas
3569 3315 4158 3413 Bononiensibus,
4211 3341 4388 3415 quos

754 3465 1184 3538 magnopere
1259 3440 1715 3537 reprehendit
1773 3440 1959 3538 quod
2019 3441 2455 3538 contemptui
2510 3465 2593 3513 ea
2651 3440 2886 3513 omnia
2943 3441 3343 3536 habuerint,
3400 3441 3489 3513 ad
3547 3466 3727 3538 quae
3783 3441 4203 3538 iampridem
4259 3467 4387 3540 per

752 3566 1072 3665 publicos
1130 3575 1449 3639 oratores
1505 3565 1596 3638 ad
1652 3590 1726 3638 se
1785 3566 2175 3638 destinatos
2233 3567 2661 3638 sacramenti
2714 3565 2873 3661 lege
2930 3589 3004 3639 se
3046 3566 3615 3639 obstrinxissent.
3661 3565 3840 3639 Cum
3880 3575 4118 3639 autem
4159 3592 4387 3665 neque

751 3692 1090 3766 Pontifex
1146 3716 1188 3764 a
1244 3690 1690 3764 suasionibus
1746 3698 2089 3787 cessaret,
2149 3715 2376 3787 neque
2432 3691 2730 3763 Latinus
2791 3690 3187 3763 Cardinalis
3244 3700 3315 3764 et
3370 3690 3800 3764 Bertholdus
3856 3691 4246 3766 industriae
4303 3717 4388 3767 ac

748 3815 976 3890 labori
1033 3823 1432 3915 parcerent,
1476 3815 1765 3889 tandem
1812 3841 1855 3889 a
1911 3814 2146 3889 sextili
2185 3841 2448 3912 mense,
2494 3825 2570 3889 ut
2609 3841 2740 3912 ego
2792 3817 3075 3914 quidem
3117 3816 3433 3912 coniiciO,
3476 3817 3791 3890 eiusdem
3829 3817 3996 3891 anni
4034 3842 4178 3916 pax
4217 3843 4384 3892 con-

752 3949 966 4015 venta
1025 3950 1133 4014 est
1189 3949 1259 4013 et
1317 3941 1589 4013 sancita
1644 3941 1831 4013 inter
1885 3942 2412 4016 Hieremienses
2453 3950 2523 4015 et
2567 3941 3146 4015 Lambertaccios
3193 3940 3582 4039 eademq'ue
3640 3942 3947 4040 optimis,
3990 3952 4063 4016 et
4111 3944 4385 4017 diutur-

752 4067 962 4140 nitati
1017 4066 1258 4164 ipsius,
1319 4075 1396 4138 ut
1453 4065 1853 4162 videbatur,
1912 4092 2342 4164 magnopere
2400 4058 2903 4163 accomodatis,
2961 4066 3235 4163 legibus
3292 4067 3745 4140 communita.

966 4192 1205 4266 Serius
1262 4191 1332 4263 in
1389 4190 1968 4265 forocorneliensi
2022 4194 2196 4265 urbe
2267 4193 2512 4291 peragi
2585 4200 2916 4290 coeptum
2986 4193 3072 4265 de
3148 4216 3321 4289 pace
3393 4193 3817 4289 sancienda,
3880 4218 4061 4291 quae
4132 4194 4386 4268 deinde

753 4317 1115 4392 Bononiae
1174 4340 1413 4389 mense
1472 4317 1752 4410 augusti
1812 4317 1901 4389 ad
1961 4318 2231 4390 exitum
2289 4317 2590 4390 feliciter
2646 4328 2754 4390 est
2812 4318 3143 4391 adducta.

967 4442 1147 4513 Cum
1187 4451 1427 4514 autem
1465 4443 1595 4515 sub
1633 4441 1845 4514 finem
1896 4443 2211 4515 eiusdem
2250 4443 2440 4538 anni,
2483 4444 2903 4540 perturbata
2941 4443 3197 4515 iterum
3238 4444 3550 4538 civitate,
3594 4444 3683 4517 ad
3725 4469 3925 4517 arma
3964 4469 4386 4517 concursum

751 4575 900 4663 est,
960 4576 1031 4640 et
1086 4567 1232 4640 acri
1297 4567 1484 4639 inter
1541 4567 1885 4640 factiones
1943 4568 2313 4641 commisso
2372 4567 2638 4665 proelio
2692 4568 2764 4640 in
2821 4568 3015 4663 for0,
3075 4568 3275 4640 initio
3343 4568 3623 4664 quidem
3683 4549 4382 4643 Lambertacciorum

749 4716 864 4765 res
920 4716 1073 4765 sese
1131 4692 1403 4787 erigere
1462 4692 1915 4788 videbantur,
1957 4693 2077 4765 sed
2128 4692 2736 4766 Hieremiensibus
2794 4694 3028 4766 animo
3086 4693 3370 4765 minime
3414 4693 3962 4766 concedentibus
4001 4719 4084 4767 ac
4122 4694 4386 4767 bellum

751 4841 1012 4913 magna
1067 4817 1139 4889 vi
1194 4817 1781 4904 instaurantibus,
1820 4817 2399 4891 Lambertaccios
2456 4818 2743 4891 tandem
2801 4819 3088 4892 fortuna
3145 4843 3382 4891 rerum
3419 4818 3890 4891 humanarum
3931 4826 4002 4892 et
4039 4818 4387 4893 bellorum

750 4942 824 5015 in
881 4942 1125 5039 primis
1183 4941 1489 5035 domina,
1535 4942 1904 5038 deterruit,
1947 4967 2030 5015 ac
2087 4941 2441 5040 plerisque
2499 4967 2743 5017 eorum
2801 4968 2929 5041 per
2983 4943 3289 5017 victores
3347 4943 3595 5038 caesis,
3638 4943 3756 5039 qui
3808 4942 4055 5040 reliqui
4096 4943 4387 5018 fuerunt

755 5065 1044 5139 civitate
1104 5066 1449 5138 excedere
1509 5066 1735 5138 coacti
1787 5075 1973 5139 sunt.
2018 5066 2341 5151 Bononia
2380 5067 2520 5139 iam
2558 5067 2980 5140 discesserat
3020 5066 3419 5140 Cardinalis
3457 5067 3758 5140 Latinus
3817 5075 3895 5139 ut
3949 5066 4386 5141 Florentiam

749 5192 1251 5287 contenderet,
1311 5216 1491 5287 quae
1562 5192 1777 5263 etiam
1852 5192 2202 5264 communi
2262 5192 2573 5264 omnium
2630 5191 2883 5265 Italiae
2958 5192 3327 5264 civitatum
3387 5193 3631 5266 morbo
3687 5190 4085 5265 laborabat.
4141 5194 4386 5289 Aegre

752 5316 1034 5414 quidem
1092 5316 1279 5389 hunc
1339 5314 1740 5388 Cardinalis
1796 5315 2180 5389 discessum
2239 5316 2501 5389 tulerat
2557 5317 2917 5412 Pontifex,
2958 5317 3074 5414 qui
3134 5341 3314 5412 eam,
3358 5341 3539 5414 quae
3596 5316 3712 5388 hic
3768 5325 4017 5414 postea
4072 5318 4387 5392 excitata

751 5451 882 5538 est,
925 5450 1423 5540 tempestatem
1485 5452 1846 5538 tamquam
1905 5467 1995 5515 ex
2052 5442 2200 5516 alta
2256 5442 2543 5540 specula
2594 5452 3061 5541 prospexerat
3102 5442 3564 5538 simultatum,
3607 5442 3794 5515 enim
3842 5442 4067 5515 veluti
4111 5445 4384 5518 radices

750 5567 1052 5663 relinqui
1109 5567 1280 5640 satis
1342 5566 1803 5662 intelligebat,
1848 5592 2023 5664 quas
2069 5569 2323 5640 iccirco
2381 5567 2683 5641 evellere
2740 5578 3124 5665 oporteret.
3169 5567 3306 5641 Sed
3357 5568 3657 5641 Latinus
3711 5568 3968 5642 harum
4024 5567 4385 5642 molestia-

749 5717 909 5765 rum
966 5690 1351 5789 perlaesus,
1412 5692 1544 5764 etsi
1601 5692 1903 5765 fortasse
1958 5692 2513 5767 Bononiensium
2571 5718 2683 5766 res
2738 5693 3025 5766 minime
3082 5693 3170 5766 ad
3229 5693 3770 5766 diuturnitatem
3831 5693 4258 5790 compositas
4313 5702 4385 5768 et

752 5818 1176 5893 constitutas
1215 5842 1384 5914 prae
1425 5817 1576 5914 ipso
1609 5818 1952 5915 Ppntifice
1992 5828 2434 5914 agnosceret,
2469 5827 2787 5891 attamen
2828 5827 3188 5892 tantarum
3219 5818 3707 5892 molestiarum
3737 5817 4123 5916 perlaesus,
4157 5819 4385 5892 disce-

754 5943 1009 6038 dendo,
1070 5942 1257 6039 quod
1315 5952 1648 6039 caeperat
1723 5942 2086 6017 consilium
2145 5969 2285 6017 non
2344 5945 2678 6018 deseruit.
2737 5945 2991 6041 Itaque
3070 5956 3228 6042 post
3287 5970 3508 6018 novos
3567 5945 3638 6016 in
3695 5945 3984 6018 civitate
4044 5945 4387 6019 tumultus

752 6075 1064 6162 exortOS,
1124 6092 1211 6139 en
1268 6067 1355 6139 ad
1414 6066 1753 6140 Latinum
1811 6069 2208 6166 pontificias
2265 6070 2564 6166 litteraS,
2607 6070 2862 6166 quibus
2919 6095 3176 6166 magno
3234 6070 3468 6143 studio
3526 6070 3891 6143 contendit
3947 6078 4046 6165 ut,
4088 6069 4384 6143 Floren-

910 6474 988 6538 (1)
1026 6471 1241 6525 Desunt
1288 6474 1378 6525 hic
1416 6475 1583 6526 verba
1621 6474 1688 6526 ad
1728 6474 1934 6544 periodi
1973 6476 2369 6528 absolutionem
2410 6476 2734 6529 necessaria.
