5542 7775
1363 653 1822 704 SPECTANTJA
1863 654 1964 702 AD
2006 653 2335 703 anssnM
2374 651 3107 703 AncfflmAcoNoRUM
3145 652 3350 703 neon.
3392 649 3667 706 Bonou.
4180 631 4322 702 271

879 810 1045 875 Item
1094 809 1480 874 addiderunt
1527 810 1694 873 dicte
1742 809 1913 895 partj
1962 818 2400 873 casamentum
2446 808 2651 893 Burgi
2698 808 2779 871 de
2825 807 3337 890 Belcornamn1e‚
3371 806 3542 892 quod
3590 814 3685 871 est
3734 830 3794 873 V.
3837 817 4336 895 tornaturarnm,

704 921 886 985 salvo
934 921 1079 1007 plus
1129 920 1231 983 vel
1279 919 1510 982 minus.

882 1029 1045 1091 Item
1094 1027 1478 1091 addiderunt
1524 1026 1691 1090 dicte
1739 1027 1909 1111 partj
1957 1026 2198 1112 petiam
2245 1046 2438 1088 unam
2488 1032 2678 1105 terre,
2727 1023 3002 1109 positam
3059 1024 3121 1087 in
3170 1025 3571 1108 Archovezo‚
3618 1026 3686 1089 in
3734 1026 3873 1091 loco
3935 1026 4046 1112 qui
4105 1027 4339 1093 dicitnr

704 1136 1074 1219 Tassinare,
1124 1158 1247 1220 que
1296 1144 1396 1200 est
1441 1136 1604 1220 xvij.
1639 1143 2142 1216 tornaturarum‚
2176 1134 2357 1199 salvo
2407 1133 2552 1219 plus
2599 1132 2703 1195 vel
2749 1132 2983 1216 minus,
3032 1154 3225 1217 quam
3271 1133 3498 1197 habuit
3543 1133 3792 1219 busque
3840 1135 4134 1200 dominus
4183 1136 4337 1201 Car·

704 1244 937 1308 dinalis
987 1245 1052 1307 in
1100 1266 1217 1308 sua
1263 1251 1467 1329 parte.

882 1352 1045 1415 Item
1098 1351 1343 1414 addunt
1391 1349 1558 1414 dicte
1606 1349 1778 1434 partj
1828 1348 2142 1434 braydam
2190 1347 2268 1411 de
2314 1347 2540 1429 Podio,
2587 1347 2863 1433 positam
2914 1347 2978 1410 in
3028 1353 3321 1410 contrata
3367 1347 3754 1432 Archovezj,
3790 1370 3983 1434 quam
4028 1351 4339 1416 tenebant

703 1459 999 1525 dominus
1043 1458 1361 1545 presbiter
1406 1456 1759 1521 Frumento
1806 1463 1870 1520 et
1917 1455 2075 1540 socij
2124 1455 2243 1519 sui.

881 1567 1046 1630 Item
1095 1564 1482 1629 addiderunt
1528 1564 1695 1628 dicte
1741 1563 1911 1650 partj
1959 1563 2216 1627 vineam
2260 1562 2339 1625 de
2386 1561 2743 1644 Bernardo‚
2793 1562 3069 1648 positam
3118 1560 3182 1623 in
3230 1561 3458 1625 eadem
3505 1568 3798 1627 contrata
3845 1564 4233 1654 Archovezj.

881 1673 1044 1737 Item
1095 1672 1481 1736 addiderunt
1526 1671 1693 1735 dicte
1741 1671 1913 1756 partj
1962 1691 2258 1755 campum
2307 1669 2385 1732 de
2433 1668 2711 1751 Donin0,
2745 1668 3025 1755 positum
3065 1668 3129 1732 in
3178 1668 3577 1752 Archovezo,
3613 1691 3803 1756 quem
3844 1694 4013 1737 nunc
4046 1674 4337 1741 habetet

704 1787 879 1845 tenet
926 1780 1223 1843 dominus
1269 1779 1504 1843 Petrus
1553 1778 1848 1843 Caurizo.

878 1886 1045 1950 Item
1093 1886 1339 1949 addunt
1387 1885 1553 1949 dicte
1603 1884 1773 1970 partj
1824 1889 2055 1966 ortum,
2097 1883 2232 1947 sive
2280 1890 2548 1969 puntam
2598 1881 2975 1968 Catagaide,
3020 1881 3186 1967 quod
3238 1882 3340 1945 vel
3387 1903 3581 1968 quam
3628 1890 3805 1948 tenet
3851 1885 4147 1951 dominns
4192 1910 4336 1974 pre-

703 1994 904 2058 sbiter
951 1993 1370 2058 Octavianus.

883 2102 1050 2165 Item
1097 2100 1482 2165 addiderunt
1529 2099 1696 2163 dicte
1744 2100 1917 2185 partj
1965 2119 2261 2185 campum
2309 2096 2387 2161 de
2436 2096 2805 2179 Luminata,
2839 2118 3030 2181 quem
3066 2104 3243 2162 tenet
3274 2097 3570 2162 dominus
3602 2098 3956 2164 Jacobinus
3989 2123 4132 2177 cum
4166 2110 4338 2167 terra

705 2217 770 2274 et
816 2209 1197 2290 rationibus,
1248 2230 1371 2294 que
1420 2215 1483 2271 et
1532 2229 1724 2292 quam
1772 2206 1968 2270 habet
2017 2213 2080 2269 et
2126 2212 2302 2269 tenet
2349 2204 2719 2290 Capitulum
2765 2204 2832 2268 in
2878 2204 3269 2269 territorium
3318 2204 3716 2270 Hulmetule.

885 2319 1071 2382 Sorte
1120 2317 1412 2403 projecta
1459 2315 1538 2379 de
1585 2316 1921 2379 voluntate
1971 2314 2253 2377 omnium
2302 2320 2366 2377 et
2413 2313 2815 2398 singulorum
2862 2311 3299 2395 dominorum,
3350 2313 3604 2377 nemine
3664 2312 3744 2378 de
3808 2314 3978 2380 dicto
4039 2316 4338 2404 Capitulo

711 2427 1212 2506 contradicente,
1262 2424 1521 2487 devenit
1570 2423 1632 2486 in
1680 2428 1931 2508 partem
1979 2420 2407 2507 infrascriptis
2455 2419 2750 2503 dominis,
2800 2420 3076 2485 scilicet:

879 2537 984 2608 ‹13‘
1019 2532 1298 2597 Domino
1347 2530 1758 2594 Zambertino

880 2646 985 2717 (ῑῖ
1016 2640 1295 2705 Domino
1345 2637 1704 2703 Octaviano

882 2753 986 2824 (ιζ
1018 2747 1297 2811 Domino
1343 2745 1484 2810 Azo

883 2860 988 2932 (Π
1019 2854 1299 2918 Domino
1345 2852 1541 2916 Petro
1591 2851 1884 2916 Caurizo.

880 2963 957 3027 In
1007 2970 1238 3047 quarta
1286 2980 1440 3024 vero
1502 2967 1686 3045 parte
1751 2966 2104 3044 posuerunt
2165 2958 2230 3020 in
2293 2956 2515 3043 primis
2561 2956 2851 3020 tumbam
2899 2963 2963 3020 et
3009 2956 3268 3021 domum
3327 2978 3520 3042 quam
3586 2957 3828 3023 habent
3885 2960 3967 3023 ad
4018 2960 4339 3045 Sablnne‚

706 3093 848 3136 cum
900 3069 1195 3134 omnibus
1243 3064 1776 3153 possessionibus,
1820 3086 1943 3151 que
1991 3074 2056 3129 et
2102 3086 2261 3150 quas
2308 3064 2549 3127 habent
2598 3064 2662 3127 in
2711 3064 2997 3128 Sablune
3045 3071 3108 3128 et
3155 3065 3296 3148 ejus
3343 3065 3768 3150 pertinentiis.

884 3179 1050 3241 Item
1099 3174 1534 3261 possessiones
1581 3173 1824 3259 positas
1873 3173 1956 3236 ad
1997 3172 2336 3255 Quartum,
2372 3194 2494 3257 qne
2526 3172 2800 3236 condam
2834 3171 3093 3234 suerunt
3127 3171 3367 3235 domini
3400 3172 3807 3237 Tantidinari
3854 3174 3932 3238 de
3964 3174 4338 3259 Radicibus,

708 3292 771 3349 et
820 3284 1046 3347 domus
1094 3302 1315 3345 omnes
1364 3280 1445 3343 ab
1495 3287 1766 3365 utraque
1815 3289 1998 3365 parte
2047 3279 2169 3343 vie.

883 3390 1048 3455 Item
1098 3388 1436 3452 ecclesiam
1484 3387 1563 3450 de
1611 3394 1833 3450 sancto
1884 3385 2054 3449 Sisto
2104 3408 2249 3450 cum
2298 3386 2592 3449 omnibus
2641 3386 2996 3450 rationibus
3045 3386 3176 3450 suis
3225 3393 3289 3450 et
3333 3387 3866 3473 possessionibus.

883 3498 1048 3561 Item
1097 3516 1396 3581 campum
1444 3494 1523 3557 de
1570 3493 1814 3557 Villola
1863 3502 1926 3558 ot
1975 3492 2442 3574 Cadamuscho‚
2494 3494 2601 3578 qui
2648 3495 2856 3579 primo
2906 3493 3027 3556 fuit
3076 3494 3140 3557 in
3185 3501 3436 3580 partem
3483 3493 3726 3558 domini
3772 3494 4023 3559 Jacobi.

882 3605 1048 3668 Item
1095 3604 1183 3686 vj.
1234 3610 1602 3665 tornaturas
1649 3610 1840 3683 terre,
1896 3622 2056 3686 quas
2105 3622 2277 3664 nunc
2324 3608 2499 3664 tenet
2547 3601 2858 3684 magister
2904 3600 3278 3664 Bernardus
3326 3600 3391 3664 in
3439 3601 3618 3665 curia
3663 3600 3923 3666 Villole.

884 3712 1049 3775 Item
1098 3711 1161 3774 in
1211 3708 1577 3793 Runcalgla
1626 3708 1885 3772 domum
1933 3730 2055 3794 que
2103 3708 2335 3772 dicitur
2383 3707 2461 3771 de
2509 3708 2883 3791 Auliveriis,
2920 3729 3112 3793 quam
3161 3714 3337 3772 tenet
3384 3707 3679 3772 dominns
3726 3709 3864 3773 Azo
3912 3717 3977 3773 et
4023 3710 4120 3774 sui
4162 3712 4342 3796 socij‚

706 3828 770 3886 ct
817 3819 1141 3884 clusuram
1187 3838 1383 3903 super
1432 3837 1558 3903 qua
1606 3823 1704 3879 est
1752 3815 1999 3899 domus,
2048 3823 2113 3879 et
2160 3837 2282 3902 que
2332 3815 2414 3878 ad
2462 3815 2668 3902 ipsam
2716 3816 3041 3878 clusuram
3087 3816 3429 3903 pertinent.

887 3928 1052 3991 Item
1101 3905 1399 4011 campum
1450 3925 1562 4010 qui
1608 3932 1705 3987 est
1752 3945 1836 3986 ex
1884 3924 2177 4009 opposito
2226 3924 2397 3987 illius
2445 3924 2672 3988 domus
2720 3933 2785 3987 et
2832 3924 3107 4006 clusum,
3141 3932 3204 3987 et
3246 3924 3355 4009 qui
3403 3925 3596 3987 estin
3630 3932 3881 4011 partem
3914 3925 4067 3990 dicti
4099 3926 4343 4011 dominj

706 4035 968 4099 Azouis.

886 4142 1050 4204 Item
1097 4141 1184 4224 vj.
1235 4146 1566 4203 tornature
1594 4140 1671 4200 (¹)
1707 4146 1873 4201 terre
1924 4138 2011 4201 ibi
2058 4159 2258 4224 prope
2308 4138 2550 4224 posite,
2599 4159 2759 4224 quas
2821 4145 2998 4202 tenet
3054 4138 3348 4202 dominns
3396 4137 3750 4203 Jacobinns
3797 4139 3906 4225 qni
3951 4139 4186 4203 dicitnr
4230 4139 4344 4204 Vi-

707 4249 900 4335 gnale
950 4247 1302 4312 Corvulini.

886 4356 1050 4419 Item
1085 4375 1382 4439 eampum
1416 4353 1495 4416 de
1530 4352 1874 4434 TaurelliS,
1908 4352 2017 4438 qui
2067 4359 2163 4416 est
2211 4352 2347 4436 viij.
2383 4359 2886 4435 tornaturarum,
2920 4375 3109 4439 quem
3143 4360 3364 4417 tenent
3396 4353 3706 4439 magister
3735 4353 4108 4418 Bernardus
4141 4363 4207 4419 et
4237 4355 4349 4420 do·

707 4464 915 4527 minus
967 4463 1127 4525 Az0.

884 4569 1051 4633 Item
1099 4575 1163 4632 et
1210 4568 1403 4631 aliam
1453 4566 1692 4652 petiam
1744 4575 1911 4630 terre
1961 4566 2022 4629 in
2072 4566 2298 4631 eadem
2347 4573 2642 4630 contrata
2685 4566 3117 4652 Runchalgle,
3167 4568 3278 4653 qui
3323 4575 3451 4651 cst,
3499 4573 3571 4631 ut
3618 4568 3872 4652 dicitnr,
3921 4569 4085 4653 xxij.
4133 4577 4348 4633 torna-

708 4685 1019 4758 turarum,
1069 4687 1133 4739 et
1180 4697 1324 4739 eam
1373 4681 1549 4738 tenet
1595 4674 1802 4737 dictus
1852 4674 2159 4760 magister
2205 4673 2598 4737 Bernardus.

887 4785 1052 4848 Item
1103 4783 1513 4846 medietatem
1561 4782 1772 4868 campi
1821 4782 2246 4862 Casaraltule,
2289 4782 2652 4867 incipiendo
2695 4803 2920 4846 versus
2967 4791 3229 4868 pontem
3276 4783 3605 4870 lapideum
3651 4791 3715 4848 et
3763 4783 4078 4848 veniendo
4124 4805 4348 4848 versus

709 4892 1092 4955 Bononiam.

890 4999 1054 5062 Item
1102 4997 1180 5060 de
1229 5005 1453 5060 sancto
1500 4996 1800 5060 Johanne
1850 4995 1913 5058 in
1969 4996 2180 5060 Monte
2229 4996 2363 5079 viij.
2415 4996 2639 5059 corbes
2688 4996 3018 5082 frumentj.

893 5106 1057 5168 Item
1104 5104 1183 5167 de
1231 5113 1454 5168 sancto
1506 5103 1837 5188 Stephano
1882 5103 2017 5186 viij.
2068 5102 2293 5166 corbes
2341 5103 2669 5187 frumentj.

895 5213 1054 5275 Item
1107 5211 1185 5274 de
1237 5211 1626 5274 monasterio
1678 5209 1887 5273 Castri
1935 5209 2277 5273 Britonum
2324 5210 2459 5293 viij.
2511 5210 2735 5274 corbes
2784 5211 3114 5297 frumentj.

893 5319 1056 5381 Item
1106 5342 1143 5381 a
1195 5317 1587 5381 monasterio
1638 5318 1844 5380 sancti
1894 5316 2206 5380 Gervaxii
2250 5318 2338 5400 vj.
2388 5318 2613 5381 corbes
2661 5318 2991 5403 frument-j.

891 5427 1056 5490 Item
1101 5449 1138 5489 a
1189 5427 1378 5512 plebe
1428 5424 1852 5508 Montisbellij
1903 5446 2018 5511 pro
2066 5425 2339 5488 ecclesia
2387 5426 2594 5509 sauctj
2642 5425 3060 5511 Apollonaris
3080 5427 3157 5492 (2)
3182 5449 3243 5491 v.
3292 5427 3516 5492 corbes
3567 5426 3896 5511 frumentj.
3972 5410 3979 5416 ¹

892 5534 1076 5598 Sorte
1125 5534 1415 5618 projecta
1462 5533 1540 5596 de
1593 5533 1923 5596 voluntate
1977 5532 2261 5595 omnium
2308 5542 2372 5596 et
2419 5533 2822 5618 singulorum
2868 5533 3293 5616 dominorum,
3329 5534 3694 5598 neminede
3737 5534 4036 5621 Capitulo
4070 5534 4347 5618 [contra-

713 5640 1009 5722 dicente]‚
1061 5639 1320 5703 devenit
1370 5640 1434 5703 in
1486 5647 1736 5725 partem
1785 5640 2216 5724 infrascriptis*
2257 5639 2553 5723 dominis,
2603 5640 2885 5704 scilicet:

891 5750 994 5821 ρξ’
1026 5746 1305 5810 Domino
1354 5746 1711 5833 presbitero
1761 5745 2120 5810 Octaviano

890 5858 995 5930 (Π
1027 5854 1303 5919 Domino
1354 5853 1685 5917 Bonifatio
1731 5851 2270 5938 archipresbitero
2321 5854 2526 5940 plebis
2572 5855 2919 5940 Barbarolj

889 5965 994 6037 αἵ
1027 5960 1362 6025 prebende
1412 5961 1652 6025 domini
1702 5960 2039 6045 presbiteri
2089 5961 2532 6046 Bartholomej

891 6074 993 6144 (ιζ’
1027 6068 1303 6132 Domino
1350 6069 1666 6132 Jacobino
1714 6068 1956 6131 domini
2005 6069 2348 6153 Catellanj.

896 6177 970 6240 In
1022 6177 1244 6261 quinta
1293 6197 1445 6239 vero
1495 6184 1699 6261 parte,
1749 6197 1864 6261 pro
1914 6176 2162 6240 duobus
2225 6177 2369 6240 aliis
2424 6177 2720 6260 dominis,
2770 6185 3124 6264 posuerunt
3178 6178 3437 6242 domum
3499 6177 3579 6242 de
3641 6177 3947 6243 Frassino
4010 6199 4151 6242 cum
4215 6184 4349 6241 tota

717 6283 964 6370 brayda
1012 6282 1090 6346 de
1137 6281 1443 6346 Frassino
1493 6282 1574 6345 ab
1622 6289 1894 6367 utraque
1942 6282 2175 6368 [parte]
2224 6284 2489 6369 navigij.

879 6515 926 6580 (1
972 6519 1026 6566 et
1066 6516 1120 6579 2)
1160 6513 1264 6565 Sic.
