5542 7775
1576 667 2040 718 SPEOTANTIA
2099 667 2200 716 An
2257 666 2768 717 Pnornssonns
2824 666 3036 718 161116
3093 665 3445 716 0116011161
4178 644 4324 714 165

2452 1122 2570 1187 lx.

2268 1338 2463 1421 1165,
2511 1337 2554 1401 6
2596 1339 2757 1402 iulii.

1043 1553 1151 1619 Ex
1200 1553 1463 1619 archivo
1512 1553 1800 1619 familiae
1846 1552 2306 1618 Lambertinae
2353 1552 2525 1639 apud
2574 1550 2967 1615 abbatialem
3015 1550 3352 1615 ecclesiam
3398 1550 3585 1615 Podii
3633 1550 4000 1638 Rognatici,

2197 1659 2355 1725 fasc.
2403 1659 2496 1741 I.‚
2546 1680 2719 1723 num.
2768 1660 2831 1722 3.

871 1895 1067 1960 Anno
1114 1894 1380 1960 Domini
1429 1893 1750 1959 milesimo
1799 1893 2147 1959 centesimo
2209 1893 2600 1978 sesagesimo
2663 1892 2922 1979 quinto,
2969 1891 3160 1957 VIII.
3211 1893 3352 1957 idus
3393 1892 3575 1977 julii,
3624 1892 3943 1957 indicione
3989 1891 4220 1976 XIII.,
4269 1894 4336 1957 in

690 2004 1020 2090 presentia
1069 2002 1321 2066 comitis
1368 2000 1651 2067 Rodaldi
1719 2008 1783 2066 et
1847 2001 2098 2065 comitis
2145 1999 2414 2086 Ugolini
2461 2006 2526 2063 et
2570 1999 2827 2064 Alberti
2872 1998 2952 2064 de
3002 1999 3294 2086 Corrigio
3342 2007 3406 2064 et
3449 1999 3707 2064 Alberti
3752 1998 4025 2064 Ursonis
4086 2008 4150 2063 et
4202 1999 4335 2064 Bu-

698 2110 922 2175 1616111
977 2116 1041 2174 et
1094 2109 1419 2174 Pelavace
1466 2115 1531 2172 et
1579 2107 1822 2172 Ubaldi
1871 2108 1951 2172 de
1997 2107 2247 2173 Albaro
2294 2113 2356 2171 et
2401 2106 2617 2170 Munsi
2664 2106 2743 2170 (16
2789 2105 2987 2171 Petro
3033 2104 3112 2170 (16
3159 2104 3457 2171 Asinella
3518 2114 3582 2169 et
3633 2104 3968 2170 Ricardini
4014 2106 4094 2170 de
4139 2105 4338 2172 Petro

698 2216 1043 2283 Garisindo
1098 2225 1161 2282 et
1217 2216 1491 2282 aliorum
1541 2215 2130 2302 quamplurimum,
2180 2215 2355 2279 facta
2419 2214 2761 2279 concordia
2808 2215 2975 2279 inter
3021 2213 3348 2278 dominum
3395 2214 3886 2278 Lambertinum
3932 2221 3996 2278 et
4051 2214 4340 2279 homines

698 2324 961 2390 Galeris
1008 2324 1204 2388 dandi
1251 2324 1507 2389 obsides
1563 2324 1642 2388 de
1691 2323 2060 2389 hominibus
2108 2322 2370 2387 Galerie
2420 2330 2696 2408 quantos
2743 2328 2809 2386 et
2857 2323 3081 2408 quales
3128 2322 3423 2386 dominus
3454 2321 3911 2387 Lambertinus
3944 2321 4140 2386 vellet
4171 2320 4340 2408 [pro]

690 2432 955 2515 offensa,
991 2453 1114 2518 que
1162 2431 1506 2496 videbatur
1553 2431 1725 2495 facta
1776 2431 1900 2517 ipsi
1959 2431 2219 2495 domino
2268 2428 2350 2493 ab
2399 2429 2764 2493 hominibus
2811 2428 3094 2512 Galerie,
3127 2428 3351 2514 Niger,
3382 2427 3805 2510 Verardinus,
3838 2427 4218 2494 Petrocinus
4258 2429 4338 2494 de

688 2540 1078 2622 Petrobono,
1130 2538 1483 2621 Arnolfus,
1536 2537 1930 2602 Gratiadeus
1977 2537 2387 2619 Accarisius,
2436 2537 2772 2602 «Iohannes
2828 2536 2907 2601 de
2962 2534 3193 2619 Aimo,
3239 2535 3474 2599 Petrus
3528 2534 3606 2599 de
3670 2533 3892 2618 Calvo,
3940 2535 4337 2621 Paganellus

690 2647 1088 2729 Vosererus,
1141 2645 1560 2731 Segnoritus,
1613 2643 2084 2727 Guizardinus,
2137 2643 2308 2727 Leo,
2358 2643 2759 2729 Inginolfus,
2806 2643 3195 2708 Ricardinus
3242 2642 3321 2706 de
3382 2641 3769 2725 Malzermo,
3816 2642 4196 2708 Albertinus
4256 2643 4336 2708 de

691 2753 996 2837 Anoilda,
1044 2753 1384 2835 Martinus,
1432 2751 1742 2835 Blancus,
1777 2750 2151 2815 Bernardus
2200 2751 2279 2815 de
2328 2750 2534 2833 Bono,
2569 2751 2952 2837 Apolonius,
2987 2749 3278 2832 Kabriel,
3311 2748 3629 2813 Martinus
3674 2749 3987 2833 Bonosus,
4019 2749 4337 2815 Leozolus

693 2862 774 2927 (16
820 2861 1102 2926 Martino
1152 2860 1412 2943 Vilano,
1462 2860 1848 2924 Petrocinus
1897 2859 1976 2923 de
2024 2857 2431 2942 Markisella,
2482 2858 2839 2942 Galiatore,
2889 2857 3316 2940 Garivaldus,
3359 2857 3758 2942 Paganellus
3805 2857 3883 2922 de
3930 2857 4334 2941 Aldevertis,

696 2969 1008 3034 Odericus
1055 2967 1135 3032 de
1181 2967 1464 3032 Martino
1512 2967 1592 3031 de
1642 2966 1853 3050 Sicco,
1903 2967 2291 3031 Petrocinus
2339 2966 2418 3030 de
2466 2966 2671 3049 Elica,
2720 2965 3169 3031 Dominicinus
3215 2964 3294 3028 de
3345 2963 3582 3030 Sancto
3628 2964 3975 3048 Venanzo,
4022 2965 4340 3031 Ramber-

692 3076 866 3140 tinus
912 3075 991 3138 de
1038 3074 1236 3138 Petro
1288 3073 1628 3160 piscatore,
1674 3073 2055 3137 Albertinus
2103 3073 2182 3136 de
2228 3072 2510 3138 Martino
2552 3072 2725 3155 Solu,
2758 3071 3138 3136 Albertinus
3185 3073 3262 3136 de
3299 3071 3629 3153 Saracina,
3665 3071 3973 3135 Albertus
4003 3070 4335 3135 Basardus

693 3181 865 3246 filius
909 3182 988 3246 de
1036 3182 1224 3246 Bella
1272 3181 1507 3263 donna,
1547 3180 1881 3245 Gerardus
1933 3180 2012 3244 de
2061 3179 2278 3261 Linto,
2314 3179 2647 3244 Johannes
2695 3179 2780 3242 da
2830 3179 3004 3262 Sala,
3040 3200 3259 3244 omnes
3307 3179 3413 3242 isti
3460 3177 3775 3242 dederunt
3807 3200 3875 3242 se
3908 3177 4163 3243 obsides
4194 3199 4339 3265 pre-

690 3290 861 3355 dicto
908 3289 1167 3355 domino
1215 3289 1656 3371 Lambcrtino,
1701 3296 1766 3352 et
1812 3289 2002 3352 tactis
2051 3288 2482 3353 sacrosanctis
2531 3288 2886 3375 scripturis,
2920 3289 3306 3373 juraverunt
3354 3308 3613 3351 manere
3659 3287 3831 3351 bona
3879 3287 4003 3351 fide
4051 3288 4116 3351 in
4166 3296 4334 3352 0616-

692 3398 867 3462 zaria
914 3397 1185 3484 predicti
1233 3395 1479 3461 domini
1526 3396 1930 3460 Lambertini
1978 3396 2374 3481 ubicumque
2423 3395 2559 3482 ipse
2606 3397 2823 3479 vellet,
2874 3417 2991 3460 nec
3045 3395 3123 3460 de
3180 3417 3257 3460 66
3311 3395 3489 3460 exire
3545 3394 3666 3458 nisi
3714 3394 4047 3459 voluntate
4095 3395 4346 3459 domini·

694 3504 1095 3568 Lambertini
1142 3503 1247 3568 vel
1294 3503 1395 3567 sui
1443 3503 1599 3567 certi
1638 3503 1877 3585 nuntii3
1912 3510 1976 3566 et
2007 3503 2129 3567 hoc
2164 3510 2369 3566 totum
2403 3503 2643 3567 factum
2678 3503 2800 3567 fuit
2833 3503 3164 3566 voluntate
3196 3511 3261 3567 et
3293 3501 3632 3566 concordia
3665 3501 3886 3588 populi
3920 3500 4180 3566 Galerie
4214 3509 4334 3567 etc.

868 3611 1110 3675 Actum
1156 3612 1223 3674 in
1278 3610 1564 3692 Galeria,
1615 3609 1959 3673 indictione
2008 3609 2316 3695 predicta.

867 3717 1011 3803 Ego
1058 3717 1354 3803 Angelus
1402 3717 1571 3780 sacri
1618 3717 1843 3803 palatii
1903 3717 2192 3781 notarius
2241 3716 2340 3780 his
2388 3717 2684 3781 omnibus
2731 3716 2992 3781 interfui
3042 3724 3106 3780 et
3153 3724 3418 3800 rogatus
3465 3715 3709 3802 scripsi.

2465 4128 2550 4194 X.

2192 4345 2402 4422 1199,
2454 4347 2491 4408 1
2536 4347 2836 4410 ianuarii.

888 4559 997 4624 Ex
1045 4559 1309 4624 archivo
1358 4560 1734 4624 monasterii
1785 4560 1994 4625 sancti
2043 4559 2325 4624 Naboris
2373 4567 2438 4623 et
2484 4559 2750 4642 Felicis,
2800 4580 2969 4624 nunc
3014 4560 3079 4623 in
3127 4560 3400 4624 ecclesia
3447 4560 3653 4624 sancti
3698 4559 4140 4625 Bartholomei

1038 4666 1117 4731 de
1149 4666 1528 4748 Beveraria,
1564 4666 1674 4733 lib.
1713 4666 1804 4749 I.,
1840 4689 1902 4732 6.
1949 4670 2003 4749 1,
2044 4688 2213 4731 6666
2246 4668 2311 4731 16
2344 4667 2543 4732 Α1611.
2576 4666 2754 4731 Max·
2788 4666 2975 4751 bon.,
3009 4674 3162 4732 sect.
3196 4692 3226 4724 «
3260 4667 3630 4733 Demaniale
3664 4695 3723 4750 υ,
3757 4689 3820 4733 n.
3857 4648 3926 4710 -¹-

3853 4719 3932 4760 829
3959 4715 3974 4731 ·

872 4897 1017 4962 Hoc
1065 4904 1163 4963 est
1205 4898 1573 4984 exemplum
1606 4898 1945 4983 cujusdam
1977 4899 2221 4985 publici
2268 4907 2333 4963 et
2381 4899 2688 4964 autentici
2722 4899 3128 4964 instrumenti
3164 4922 3308 4964 611111
3339 4900 3443 4964 (116
3491 4911 3555 4964 et
3602 4900 3902 4983 Consule,
3936 4902 4122 4985 cujus
4153 4908 4338 4965 tenor

696 5006 985 5091 sequitur
1030 5005 1097 5069 in
1143 5005 1303 5069 haec
1351 5006 1581 5087 verba,
1630 5005 1962 5070 videlicet:

866 5113 1060 5178 Anno
1108 5112 1372 5176 Domini
1420 5113 1760 5179 millesimo
1809 5115 2156 5179 centesimo
2206 5115 2627 5199 nonagesimo
2675 5135 2867 5197 nono,
2916 5113 3213 5178 kalendis
3254 5115 3573 5199 januarij,
3617 5115 3964 5181 indictione
4011 5114 4325 5198 secunda,

693 5226 920 5284 testes:
955 5221 1267 5304 magister
1298 5219 1531 5304 Ugicio
1563 5220 1828 5306 pisanus
1863 5228 1926 5284 et
1959 5222 2267 5306 magister
2302 5221 2754 5286 Omnebonum
2786 5227 2851 5285 et
2881 5221 3113 5285 Petrus
3147 5221 3352 5285 sancti
3387 5220 3675 5307 Caesarij
3710 5229 3772 5287 et
3799 5222 4097 5287 Andreas
4128 5223 4328 5288 frater

694 5327 948 5392 abbatis
996 5334 1061 5391 et
1107 5328 1549 5413 Augustinus3
1584 5328 1650 5391 in
1700 5349 1972 5413 quorum
2007 5328 2340 5414 presencia
2373 5329 2626 5392 donnus
2657 5327 3112 5392 Lanfranchus
3146 5328 3350 5392 abbas
3398 5331 3772 5415 monasterij
3820 5332 4027 5396 sancti
4072 5330 4328 5413 Felicis,

693 5441 759 5499 et
804 5435 904 5498 sui
951 5433 1186 5498 fratres
1235 5435 1489 5499 monaci
1536 5435 1828 5519 ejusdem
1879 5435 2271 5518 monasterii,
2309 5435 2553 5500 scilicet
2592 5435 2843 5500 donnus
2893 5434 3078 5499 Oddo
3125 5443 3190 5500 et
3237 5436 3489 5501 donnus
3521 5436 3932 5522 Rambertus‚
3967 5446 4032 5503 et
4077 5439 4327 5503 donnus

692 5541 1052 5625 Rolandus,
1087 5548 1151 5606 et
1196 5541 1447 5605 donnus
1493 5541 1805 5606 Albertus
1854 5542 2175 5628 Aygonie,
2212 5564 2327 5607 nec
2361 5563 2489 5606 11011
2522 5549 2587 5606 et
2618 5542 2813 5606 116161
2852 5542 3058 5606 6611611
3089 5542 3531 5609 Bartholomei
3566 5545 3644 5609 de
3677 5545 4049 5629 Beveraria,
4085 5546 4330 5611 scilicet

692 5649 1022 5714 Zuzilione
1070 5671 1238 5714 nunc
1287 5649 1511 5713 consul
1557 5649 1944 5732 Beverarie,
1994 5659 2057 5713 et
2124 5649 2498 5714 Sinibaldus
2560 5656 2624 5713 et
2670 5650 3005 5715 Johannes
3065 5650 3281 5735 Gotti,
3332 5658 3397 5716 et
3442 5652 3814 5717 Bernardus
3862 5661 3928 5717 et
3971 5652 4328 5720 Gnidoctus

691 5756 1017 5843 quondam
1061 5756 1304 5821 Azouis
1354 5756 1685 5842 Tincherij
1734 5764 1798 5821 et
1844 5758 2244 5821 Laurencius
2294 5756 2372 5821 de
2421 5756 2758 5822 Landulfis
2803 5780 2920 5845 pro
2970 5780 3037 5823 se
3086 5765 3151 5823 et
3197 5781 3313 5845 pro
3361 5760 3728 5824 hominibus
3777 5760 3923 5845 alijs
3958 5762 4326 5844 convicinis,

691 5870 762 5929 ut
808 5865 930 5950 ipsi
981 5863 1378 5947 asserebant,
1422 5864 1487 5927 in
1534 5864 1891 5928 Beveraria
1942 5864 2403 5947 habitantibus,
2438 5865 2698 5929 fuerunt
2742 5866 2811 5929 in
2856 5865 3048 5952 plena
3098 5865 3438 5930 concordia
3485 5867 3656 5953 quod
3702 5868 4020 5954 presbiter
4064 5868 4329 5933 Bonifa-

690 5972 824 6035 cius
872 5971 1105 6035 debeat
1151 5992 1487 6035 remanere
1536 5970 1601 6034 in
1648 5971 1903 6057 prefata
1953 5971 2226 6036 ecclesia
2274 5972 2483 6035 sancti
2528 5971 2975 6037 Bartholomei
3006 5995 3123 6059 pro
3156 5973 3408 6059 prefato
3441 5974 3699 6038 Abbate
3743 5983 3806 6038 et
3849 5975 3989 6060 ejus
4020 5974 4329 6039 fratribus

688 6087 753 6144 et
795 6101 913 6166 pro
961 6080 1258 6144 omnibus
1305 6079 1535 6143 vicinis
1586 6080 1651 6143 in
1698 6079 2052 6144 Beveraria
2100 6079 2566 6144 habitantibus.
2615 6080 2700 6145 Et
2747 6081 2840 6146 sic
2888 6081 3189 6168 deinceps
3239 6104 3458 6147 omnes
3506 6082 3847 6169 presbiteri
3894 6083 4004 6168 qui
4043 6092 4231 6147 erunt
4265 6083 4328 6147 in

693 6187 948 6274 prefata
993 6186 1288 6252 Ecclesia
1334 6188 1573 6253 debent
1622 6208 1883 6251 manere
1931 6187 1995 6251 in
2043 6188 2186 6274 ipsa
2231 6187 2528 6253 Ecclesia
2576 6210 2694 6275 pro
2738 6189 3095 6276 prescripto
3141 6189 3399 6254 Abbate
3449 6199 3513 6254 et
3558 6190 3699 6275 ejus
3745 6189 4084 6254 Fratribus
4115 6196 4181 6254 et
4213 6211 4328 6276 pro

694 6294 989 6359 omnibus
1036 6294 1265 6359 vicinis
1313 6294 1696 6378 Beverarie,
1746 6294 1857 6381 qui
1904 6294 1995 6358 ibi
2042 6295 2373 6378 habitant3
2424 6295 2543 6360 1106
2593 6301 2810 6360 tamen
2857 6295 3076 6361 addito
3124 6296 3295 6383 quod
3359 6296 3413 6360 si
3475 6297 3725 6361 donnus
3771 6295 3998 6361 Abbas
4046 6317 4122 6361 eo
4169 6304 4328 6361 tem·

693 6424 849 6490 pore
898 6403 1154 6489 quando
1201 6403 1325 6468 erit
1373 6425 1634 6468 necesse
1683 6405 1948 6468 mictere
1995 6403 2424 6490 presbiterum
2466 6404 2528 6467 in
2563 6403 2734 6468 (licta
2766 6403 3081 6487 Ecclesia,
3117 6404 3382 6469 habebit
3415 6405 3651 6468 bonum
3684 6412 3749 6470 et
3781 6405 4103 6492 ydoneum
4136 6413 4329 6492 atque

690 6510 915 6575 utilem
961 6511 1390 6597 presbiterum
1437 6511 1516 6576 de
1564 6511 1718 6595 suis,
1769 6511 2013 6576 scilicet
2060 6513 2445 6577 monachum
2494 6512 2595 6577 161
2644 6534 3054 6596 conversum,
3090 6535 3281 6598 quem
3332 6513 3607 6578 voluerit
3653 6514 3915 6578 mictere
3964 6513 4026 6577 in
4073 6513 4326 6599 prefata
