5542 7775
1267 606 1366 677 30
2833 628 3312 680 MONUMENTA

1256 779 1592 865 Argelate,
1641 801 1834 866 quam
1883 780 2243 867 Imperator
2288 781 2591 865 habebat,
2641 791 2703 846 et
2753 782 3144 846 Comitatum
3191 782 3446 864 Ymole,
3493 782 3649 846 istas
3697 783 3878 847 vobis
3927 782 4369 868 relinquimus,
4402 784 4585 848 salvo
4627 785 4796 869 jure,
4832 786 4884 849 si

1259 888 1431 973 quod
1478 887 1675 952 habet
1720 888 2006 953 Comune
2053 888 2366 972 Bononie,
2399 890 2505 954 vel
2550 890 2800 954 ratione
2847 889 3170 976 privilegii
3217 889 3402 953 nobis
3449 890 3736 954 concessi
3782 889 3865 954 ab
3912 890 4130 977 aliquo
4173 890 4593 977 Imperatore,
4627 893 4732 956 vel
4765 893 4882 957 ali·

1257 996 1442 1080 cujus
1488 995 1989 1078 consuetudinis,
2037 996 2140 1060 vel
2189 997 2616 1060 concessionis
2662 997 2848 1061 nobis
2893 996 3063 1061 facte
3111 1018 3151 1061 a
3195 996 3517 1083 Principe.
3561 997 3720 1062 Post
3765 998 3886 1062 hec
3934 998 4218 1063 surrexit
4263 998 4558 1062 dominus
4607 999 4882 1064 Giliolus

1254 1102 1554 1168 Potestas
1600 1103 1912 1186 Bononie,
1960 1103 2125 1167 dixit
2170 1125 2239 1167 se
2286 1110 2497 1167 ratum
2542 1103 2805 1185 habere,
2847 1103 3018 1189 quod
3065 1103 3321 1168 dixerat
3367 1103 3662 1170 dominus
3711 1104 3923 1169 Guido
3969 1104 4373 1188 Lanbertini,
4422 1113 4488 1171 et
4536 1128 4604 1170 se
4653 1107 4742 1171 ita
4788 1107 4881 1171 (11·-

1256 1211 1509 1275 mittere
1573 1218 1862 1275 tenutam
1925 1218 1989 1275 et
2050 1211 2341 1276 homines
2402 1211 2776 1293 absolvere,
2826 1211 3007 1275 salvo
3064 1212 3211 1296 jure
3272 1212 3325 1274 si
3389 1211 3560 1298 quod
3622 1211 3890 1276 haberet
3961 1212 4246 1277 Comune
4311 1213 4604 1278 Bononie
4666 1214 4882 1301 aliquo

1254 1318 1473 1400 modo,
1520 1318 1643 1382 nisi
1690 1319 1843 1405 quia
1887 1318 2179 1384 homines
2241 1318 2621 1383 absolvebat
2669 1325 2734 1383 61
2781 1319 3217 1404 possessiones
3264 1318 3675 1401 dimettebat,
3718 1326 3784 1383 et
3829 1319 3920 1383 ita
3961 1319 4265 1384 baculum
4311 1320 4527 1406 posuit
4573 1321 4639 1384 in
4684 1343 4879 1385 manu

1252 1425 1495 1490 domini
1556 1426 1974 1510 Patriarche,
2022 1427 2133 1513 qui
2180 1427 2271 1491 ita
2329 1426 2694 1491 dimittebat
2754 1433 3047 1490 tenutam
3108 1433 3173 1491 et
3233 1426 3526 1491 homines
3587 1426 4001 1510 absolvebat,
4049 1435 4114 1493 et
4168 1428 4258 1493 ita
4319 1429 4562 1515 placuit
4622 1428 4879 1494 domino

1250 1532 1629 1598 Patriarche
1676 1539 1743 1598 et
1788 1533 2161 1598 Camerario
2205 1533 2447 1598 domini
2492 1533 2695 1618 Regis
2742 1534 3022 1597 Ottonis.

1428 1639 1667 1705 Actum
1711 1640 2005 1705 Bononie
2052 1640 2120 1704 in
2166 1641 2410 1726 palatio
2457 1639 2697 1704 domini
2743 1639 3070 1727 Episcopi.

1429 1747 1572 1833 Ego
1618 1746 2031 1830 Dominicus,
2082 1748 2263 1812 Sacri
2309 1748 2549 1812 Palatii
2598 1749 2885 1812 notarius
2932 1755 2998 1812 et
3041 1755 3194 1812 tunc
3241 1748 3480 1812 domini
3531 1747 3752 1813 Gilioli
3807 1749 4158 1813 Potestatis
4204 1749 4529 1832 Bononie,
4581 1750 4876 1834 interfui,

1251 1854 1471 1919 audivi
1517 1862 1581 1920 et
1627 1855 1778 1937 vidi,
1826 1863 1891 1920 et
1931 1856 2118 1940 jussu
2165 1855 2407 1920 domini
2452 1855 2833 1920 Patriarche
2880 1856 3127 1942 scripsi.

1429 1963 1546 2045 (L.
1579 1964 1624 2045 †
1657 1962 1752 2045 S.)
1798 1962 1943 2048 Ego
1988 1963 2222 2027 Petrus
2265 1963 2527 2027 Pizolus
2574 1962 2949 2048 Bolognoli,
2999 1962 3238 2027 domini
3301 1964 3559 2029 Ottonis
3621 1965 4038 2051 Imperatoris
4098 1973 4165 2030 61
4226 1965 4532 2030 Comunis
4585 1963 4878 2030 Bononie

1247 2070 1557 2152 notarius,
1605 2070 1772 2136 sicut
1814 2071 2124 2157 scriptum
2169 2070 2306 2134 vidi
2351 2092 2467 2157 per
2512 2091 2773 2135 manum
2822 2070 3145 2152 dominici,
3194 2070 3435 2135 domini
3484 2071 3708 2136 Gilioli
3755 2072 3834 2136 de
3884 2072 4074 2137 Sesso
4122 2072 4374 2154 notarii,
4408 2072 4498 2136 ita
4541 2071 4768 2158 scripsi
4813 2079 4878 2137 et

1246 2177 1635 2263 exemplavi,
1684 2198 1801 2242 066
1847 2176 2091 2241 0(1(1606
2138 2177 2241 2241 vel
2290 2177 2583 2241 minuens
2632 2176 2755 2241 nisi
2803 2177 3059 2262 signum
3108 2177 3279 2264 quod
3327 2199 3454 2242 non
3502 2177 3650 2242 feci.

2985 2586 3147 2650 XII.

2801 2837 2992 2916 1211,
3042 2838 3129 2899 20
3177 2840 3320 2901 ηιαί.

2254 3089 2359 3154 Ex
2407 3091 2635 3156 eodem
2684 3089 2968 3175 Reyistro
3019 3091 3265 3172 Grosso,
3314 3090 3424 3155 lib.
3475 3090 3566 3174 Ι.,
3617 3113 3669 3155 6.
3711 3094 3856 3156 187.

1411 3363 1609 3440 (L‘Jn
1656 3361 1895 3427 Christi
1941 3361 2217 3427 nomine.
2266 3358 2460 3424 Anno
2506 3358 2798 3442 ejusdem
2845 3357 3182 3422 millesimo
3230 3358 3474 3443 CCXL,
3520 3359 3624 3423 die
3672 3361 3923 3425 veneris
3969 3381 4095 3426 xn.
4147 3362 4361 3426 madio
4408 3371 4706 3445 exeunte,
4752 3365 4858 3448 jn-

1234 3470 1511 3536 dictione
1557 3469 1721 3554 xiiij.
1768 3468 2188 3533 Presentibus
2236 3467 2494 3532 domino
2540 3465 2864 3552 Episcopo
2910 3467 3330 3548 cremonensi,
3363 3474 3428 3531 et
3468 3467 3776 3553 magistro
3825 3467 4082 3552 Gracia,
4127 3469 4531 3534 decretorum
4577 3469 4859 3553 doctore,

1232 3587 1297 3643 et
1343 3577 1601 3643 domino
1646 3577 2027 3642 Prevestino
2073 3575 2154 3639 de
2204 3574 2394 3639 Sesso
2442 3573 2521 3638 de
2569 3573 2800 3658 Regio,
2834 3580 2898 3637 et
2944 3572 3202 3638 domino
3250 3573 3634 3638 Marsiliotto
3681 3574 3762 3639 de
3807 3575 4289 3662 Maccagnanis,
4322 3586 4386 3641 61
4425 3576 4682 3642 domino
4733 3578 4853 3642 Mi-

1231 3685 1456 3751 chaele
1501 3685 1581 3750 de
1628 3683 2003 3770 Galeagnile
2044 3682 2261 3767 judice
2310 3688 2376 3746 et
2422 3680 2565 3745 aliis
2607 3681 2845 3744 multis.
2881 3680 2957 3743 In
3005 3701 3262 3745 camera
3308 3681 3548 3746 domini
3580 3681 3886 3769 Episcopi
3918 3684 4322 3766 Mutinensis,
4356 3684 4653 3749 dominus
4688 3685 4863 3750 Azzo

1228 3793 1449 3880 legum
1495 3792 1737 3875 doctor,
1787 3798 1852 3856 et
1898 3790 2193 3855 dominus
2238 3789 2697 3853 Rambertinus
2746 3787 3062 3852 Gnidonis
3108 3788 3455 3872 Buualelli,
3505 3795 3570 3853 et
3615 3789 3912 3854 dominus
3958 3790 4314 3855 Ubertinus
4357 3792 4583 3876 judex,
4634 3800 4699 3856 61
4749 3793 4862 3857 (10·-

1228 3903 1439 3966 011006
1488 3900 1701 3966 Guido
1748 3899 2035 3965 Alberici
2081 3898 2161 3963 de
2210 3897 2603 3979 Scanabicis,
2645 3896 2950 3962 Comunis
2996 3896 3288 3961 Bononie
3335 3898 3789 3962 ambaxatores
3835 3920 3920 3963 ex
3965 3908 4150 3984 parte
4197 3899 4439 3964 domini
4489 3901 4861 3986 W[ilielmi]

1229 4009 1309 4073 de
1356 4009 1695 4090 Pusterla,
1742 4006 2099 4097 Potestatis
2140 4006 2305 4070 Bon.
2353 4012 2417 4070 et
2465 4003 2838 4069 Communis
2881 4003 3054 4067 illius
3108 4011 3312 4085 terre,
3361 4005 3887 4091 supplicaverunt
3946 4005 4203 4071 domino
4265 4006 4609 4092 G[erardo]
4657 4010 4860 4075 Alba-

1228 4116 1413 4181 nensi
1474 4116 1680 4180 616610
1726 4136 1800 4179 06
1850 4113 2090 4178 domini
2136 4113 2316 4198 Pape
2363 4111 2653 4197 Legato‚
2704 4118 2773 4174 ut
2822 4111 2876 4173 61
2923 4110 3208 4196 placeret
3254 4111 3313 4175 ei
3360 4111 3443 4174 ad
3490 4133 3754 4198 presens
3817 4133 3942 4177 non
4006 4113 4269 4178 deberet
4340 4115 4579 4179 intrare
4646 4117 4861 4181 Bouo-

1230 4226 1516 4289 niensem
1564 4222 1929 4303 civitatem,
1977 4227 2042 4285 et
2087 4219 2167 4284 de
2216 4219 2337 4283 hoc
2384 4219 2602 4305 plures
2648 4217 2930 4282 rationes
2978 4217 3491 4303 assignaverunt.
3538 4218 3796 4282 Scilicet
3843 4218 3995 4304 quia
4040 4222 4181 4304 ejus
4227 4220 4544 4286 adventus
4598 4230 4853 4309 poterat

1228 4352 1541 4418 generare
1588 4328 1975 4394 discordiam
2036 4334 2100 4391 et
2162 4326 2538 4391 scandalum
2602 4346 2910 4410 magnum
2958 4325 3135 4408 jnter
3195 4325 3387 4389 civeS.
3438 4324 3600 4390 Cum
3662 4327 3832 4390 enim
3897 4334 4143 4391 certum
4207 4330 4322 4410 sit,
4371 4338 4436 4393 et
4500 4331 4858 4415 notorium,

1228 4438 1401 4525 quod
1455 4436 1718 4524 quidam
1780 4434 2017 4499 civium
2061 4433 2353 4498 Bononie
2399 4432 2743 4517 diligerent
2808 4431 3137 4496 dominum
3192 4431 3519 4496 Azzonem
3581 4432 4022 4497 Marchionem
4087 4433 4475 4517 Extensem,
4526 4437 4637 4500 alii
4701 4460 4854 4503 vero

1227 4545 1557 4609 dominum
1604 4542 2112 4628 Salinguerram,
2162 4548 2225 4605 et
2271 4541 2337 4604 in
2383 4540 2505 4604 hoc
2554 4539 2783 4603 ardore
2832 4538 3098 4602 nimium
3145 4539 3273 4602 sint
3320 4539 3606 4620 accensi,
3648 4540 3978 4626 velintque
4027 4541 4244 4626 plures
4296 4564 4517 4607 eorum
4563 4551 4852 4629 prestare

1227 4652 1544 4716 auxilium
1587 4650 1808 4736 Ugoni
1854 4649 1934 4713 (16
1983 4648 2368 4713 Guarmasio
2416 4646 2497 4710 ad
2547 4646 3054 4732 recuperandam
3101 4645 3468 4710 Ferrariam
3516 4647 3869 4729 civitatem,
3917 4655 4055 4711 tum
4108 4670 4191 4712 ex
4253 4656 4557 4736 precepto
4613 4651 4854 4717 domini

1225 4758 1678 4845 Imperatoris,
1727 4763 1864 4821 tum
1926 4756 2078 4842 quia
2137 4753 2555 4819 sacramentis
2613 4753 2802 4817 factis
2849 4753 2914 4816 in
2981 4753 3322 4818 concordia
3381 4753 3461 4817 de
3522 4775 3682 4839 pace
3744 4753 3984 4817 domini
4040 4754 4432 4820 Marchionis
4498 4766 4563 4821 et
4618 4758 4857 4823 domini

1227 4867 1643 4953 Salinguerre
1692 4864 2171 4929 manutenenda
2216 4870 2447 4950 putant
2493 4884 2563 4927 se
2610 4862 2850 4926 teneri:
2901 4861 3013 4926 alii
3057 4882 3212 4927 vero
3274 4863 3447 4927 cives
3508 4869 3737 4949 putent
3795 4884 3924 4926 non
3986 4884 4126 4927 6666
4187 4863 4470 4929 dandum
4540 4868 4855 4932 auxilium

1225 4974 1582 5040 rationibus
1630 4972 2013 5059 quibusdam
2060 4971 2370 5057 pretentis
2418 4970 2501 5034 ab
2550 4970 2678 5051 eis,
2727 4975 2793 5033 et
2840 4970 2992 5055 quia
3039 4991 3165 5033 non
3223 4970 3491 5035 credunt
3554 4992 3622 5033 se
3672 4970 3876 5033 teneri
3923 4992 4006 5034 ex
4059 4970 4492 5037 Sacramentis
4540 4973 4728 5038 factis
4777 4975 4856 5040 de

1221 5104 1380 5168 pace
1439 5080 1681 5146 domini
1741 5078 2137 5143 Marchionis
2199 5086 2263 5142 et
2310 5077 2552 5142 domini
2615 5076 3031 5162 Salinguerre
3095 5076 3604 5158 manutenenda,
3654 5084 3718 5139 et
3765 5077 3917 5163 quia
3977 5098 4103 5141 non
4166 5078 4433 5143 credunt
4497 5081 4855 5166 predictum

1223 5188 1553 5253 dominum
1597 5186 2042 5252 Marchionem
2084 5207 2311 5271 pacem
2357 5185 2649 5270 fregisse,
2683 5192 2748 5249 et
2810 5183 3166 5270 spetialiter
3196 5190 3496 5269 pretextu
3531 5183 3956 5269 quarumdam
3992 5185 4350 5249 litterarum
4384 5186 4850 5253 destinatarum

1222 5318 1260 5361 a
1316 5296 1602 5383 predicto
1661 5294 1920 5360 domino
1982 5293 2233 5379 Legato
2295 5293 2551 5358 domino
2613 5292 2936 5378 Episcopo
2996 5290 3412 5372 bononiensi,
3461 5291 3527 5354 in
3593 5291 3825 5376 quibus
3890 5292 4357 5374 continebatur,
4408 5295 4577 5378 quod
4637 5297 4852 5361 nullus

1220 5404 1457 5468 civium
1504 5402 1794 5467 Bononie
1842 5401 2035 5465 debet
2082 5401 2236 5464 dare
2282 5400 2597 5463 auxilium
2641 5398 2862 5484 Ugoni
2906 5398 2986 5462 de
3034 5397 3419 5463 Guarmasio
3466 5398 3569 5461 vel
3619 5398 3731 5481 alij
3782 5397 3863 5461 ad
3913 5399 4423 5484 recuperandam
4479 5400 4848 5467 Ferrariam

1222 5512 1571 5592 civitatem,
1606 5517 1672 5574 et
1710 5509 1765 5572 si
1809 5509 1931 5573 hoc
1972 5508 2185 5571 facere
2220 5513 2695 5592 attemptarent,
2730 5505 2900 5591 quod
2935 5505 3580 5569 excommunicationi
3615 5526 3653 5568 a
3685 5505 3971 5590 predicto
4013 5505 4334 5592 Episcopo
4369 5508 4851 5591 subicerentur3

1218 5640 1300 5682 06
1347 5640 1502 5704 ergo
1550 5639 1633 5681 ex
1679 5616 1919 5681 talibus
1966 5615 2242 5679 oriretur
2271 5613 2591 5677 discordia
2638 5622 2703 5677 et
2748 5613 3077 5678 distractio
3124 5612 3403 5676 civitatis
3435 5612 3750 5693 Bononie,
3787 5612 4292 5698 suplicaverunt,
4327 5620 4399 5677 ut
4437 5615 4678 5680 dictum
4731 5628 4849 5698 est,

1213 5727 1353 5810 jam
1399 5726 1569 5789 dicto
1634 5723 1893 5788 domino
1940 5723 2213 5807 Legat0,
2264 5729 2333 5785 ut
2380 5722 2462 5785 ad
2508 5742 2773 5807 presens
2801 5769 2818 5803 ,
2867 5720 2922 5784 si
2967 5720 3028 5783 ei
3076 5719 3392 5805 placeret,
3443 5741 3569 5783 non
3618 5719 3867 5783 veniret
3914 5719 3997 5783 ad
4044 5721 4372 5784 civitatem
4417 5721 4740 5805 Bononie,
4790 5733 4854 5789 et

1218 5832 1574 5920 spetialiter
1635 5832 1758 5896 hoc
1813 5830 2114 5895 dicebant
2177 5829 2346 5915 quod
2393 5850 2521 5893 non
2569 5829 2878 5892 vetabant
2923 5827 3143 5891 venire
3190 5827 3273 5890 ad
3322 5827 3558 5891 dictam
3608 5827 3973 5907 civitatem,
4022 5833 4121 5891 set
4168 5834 4274 5910 ut,
4322 5829 4374 5891 si
4424 5829 4710 5915 placeret
4756 5833 4849 5913 ei,

1217 5940 1476 6004 interim
1522 5939 1895 6003 abstineret.
1945 5937 2264 6023 Tempore
2312 5944 2525 6000 001601
2575 5936 2702 5999 0110
2752 5956 3056 6020 congrue,
3092 5934 3145 5997 si
3186 5934 3247 5997 61
3293 5934 3606 6020 placuerit
3647 5933 3884 5997 dictam
3919 5934 4246 5998 civitatem
4277 5935 4561 6019 visitare,
4598 5959 4850 6003 omnem

1215 6047 1526 6112 honorem
1572 6053 1637 6111 et
1682 6044 2115 6111 reverentiam
2160 6044 2219 6107 ei
2267 6043 2669 6108 exhiberent.

1398 6154 1515 6237 (L.
1551 6154 1596 6235 †
1629 6152 1723 6234 S.)
1772 6151 1916 6237 Ego
1965 6151 2290 6216 Oradinus
2336 6150 2413 6214 de
2458 6150 2680 6235 Burgo
2728 6149 2935 6231 Novo,
2968 6147 3093 6213 Dei
3140 6149 3351 6234 gratia
3398 6148 3719 6234 imperiali
3770 6149 4152 6213 auctoritate
4192 6148 4521 6233 Notarius,
4559 6152 4842 6235 interfui,

1213 6271 1278 6327 et
1325 6262 1730 6327 dominorum
1780 6260 2277 6325 ambaxatorum
2320 6258 2527 6341 jussu,
2576 6257 2826 6343 scripsi.
