5542 7775
1321 620 1356 689 1
1373 620 1414 689 9
1427 620 1468 690 6
2887 635 3368 687 ΜοΝυΜΕΝΤΑ

1319 792 1552 857 rectori
1598 792 1676 856 de
1723 791 2028 879 predictis
2060 790 2396 874 fructibus,
2430 790 2741 855 reditibus
2790 797 2855 855 et
2900 790 3318 877 proventibus
3364 789 3739 875 octuaginta
3785 790 4010 855 corbes
4058 790 4362 855 frumenti
4409 791 4476 855 in
4521 792 4685 856 festo
4731 799 4949 858 sancte

1318 898 1525 964 Marie
1573 899 1866 984 augusti,
1916 898 2302 984 computatis
2365 897 2550 963 dictis
2611 898 2955 983 sexaginta
3016 897 3240 962 corbes
3301 898 3641 980 frumenti3
3691 898 3801 983 qui
3857 897 4152 963 dominus
4198 898 4433 963 Petrus
4481 898 4686 964 dictas
4731 921 4836 964 res
4882 923 4949 966 se

1320 1027 1436 1092 pro
1483 1005 1669 1069 dictis
1715 1004 2015 1070 Johanne
2063 1012 2128 1068 et
2172 1003 2459 1068 Roberto
2507 1003 2837 1068 constituit
2882 1003 3174 1089 precario
3219 1003 3568 1089 possidere.
3616 1003 3799 1068 Dans
3847 1003 4017 1068 dicto
4063 1003 4371 1088 Johanni,
4404 1026 4523 1091 pro
4560 1026 4628 1070 se
4675 1012 4741 1070 et
4781 1006 4948 1072 dicto

1320 1112 1607 1177 Roberto
1655 1111 2009 1198 recipienti,
2045 1111 2372 1175 licentiam
2411 1118 2476 1175 et
2523 1110 2796 1175 liberam
2840 1116 3227 1196 potestatem
3275 1111 3560 1197 ipsarum
3605 1131 3823 1175 rerum
3869 1111 4341 1197 possessionem
4387 1112 4789 1199 corporalem
4835 1135 4951 1177 sua

1321 1219 1704 1283 auctoritate
1753 1217 2111 1305 accipiendi
2158 1224 2222 1282 et
2269 1217 2608 1282 retinendi.
2643 1217 2785 1292 Que
2836 1217 3091 1303 quidem
3133 1217 3347 1282 omnia
3379 1224 3445 1281 et
3476 1217 3734 1303 singula
3765 1218 4204 1305 suprascripta
4235 1218 4389 1283 fecit
4418 1218 4626 1283 dictus
4659 1219 4951 1284 dominus

1319 1327 1554 1390 Petrus
1603 1324 1685 1388 ad
1730 1324 2165 1411 predictorum
2214 1346 2479 1389 suorum
2525 1324 2983 1390 canonicorum
3028 1324 3422 1408 instantiam,
3455 1330 3594 1388 tum
3640 1324 3835 1389 etiam
3885 1324 3967 1389 ad
4014 1324 4388 1390 instantiam
4419 1325 4661 1391 domini
4694 1325 4951 1392 Galaoti

1318 1432 1591 1520 predicti
1639 1453 1862 1496 eorum
1909 1431 2145 1519 patris,
2197 1433 2305 1517 qui
2353 1438 2486 1496 tam
2533 1431 2690 1514 sibi,
2740 1453 2931 1517 quam
2981 1431 3266 1517 predicte
3312 1430 3581 1497 ecclesie
3628 1438 3848 1497 sancte
3893 1431 4100 1496 Marie
4145 1431 4415 1517 Majoris
4460 1432 4841 1516 deservivit,
4889 1442 4953 1498 et

1317 1540 1525 1627 ipsam
1572 1539 1912 1605 ecclesiam
1958 1546 2022 1604 et
2069 1541 2210 1623 ejus
2251 1541 2402 1624 jura
2451 1539 2814 1604 defensavit
2862 1546 2919 1603 et
2971 1539 3203 1604 cotidie
3250 1547 3517 1625 paratus
3564 1547 3663 1604 est
3707 1539 4068 1623 defensare,
4101 1561 4185 1604 ex
4232 1540 4465 1626 quibus
4513 1548 4577 1604 et
4620 1540 4764 1605 aliis
4810 1562 4953 1627 pre-

1318 1648 1474 1713 dicti
1521 1648 1684 1712 bene
1732 1647 1945 1711 meriti
1991 1654 2160 1711 sunt.
2207 1646 2601 1711 Promittens
2649 1646 2858 1710 dictus
2906 1645 3201 1711 dominus
3244 1646 3479 1711 Petrus
3527 1667 3644 1711 suo
3692 1647 3970 1730 nomine,
4004 1653 4069 1711 et
4116 1647 4372 1711 nomine
4418 1654 4485 1711 et
4524 1648 4662 1712 vice
4695 1669 4955 1712 suorum

1320 1775 1762 1819 successorum
1825 1762 1891 1819 et
1954 1754 2222 1819 ecclesie
2284 1753 2600 1840 prelibate
2662 1754 2834 1818 dicto
2881 1753 3167 1818 Johanni
3212 1775 3329 1839 pro
3376 1776 3445 1818 se
3492 1761 3558 1818 et
3603 1754 3772 1819 dicto
3820 1754 4108 1818 Roberto
4171 1754 4487 1840 solempni
4541 1754 4953 1841 stipulatione

1319 1862 1557 1926 dictam
1597 1862 1943 1943 dationem,
1979 1860 2453 1926 concessionem
2502 1868 2566 1924 et
2613 1861 3119 1945 assignationem
3164 1860 3231 1925 in
3277 1868 3659 1948 perpetuum
3701 1861 3919 1924 firmas
3951 1867 4015 1925 et
4048 1868 4222 1925 ratas
4254 1861 4516 1945 habere,
4549 1869 4615 1926 et
4645 1883 4772 1926 non
4804 1882 4953 1926 con·

1317 1969 1642 2034 travenire
1691 1968 1824 2032 ullo
1872 1975 2158 2054 tempore
2205 1989 2322 2054 per
2368 1989 2436 2032 se
2468 1968 2575 2032 vel
2608 1988 2723 2055 per
2755 1968 2975 2050 alium,
3010 1967 3129 2032 sub
3175 1989 3344 2053 pena
3391 1974 3649 2032 centum
3693 1968 4008 2033 librarum
4056 1967 4507 2055 imperialium,
4540 1968 4954 2056 stipulatione

1319 2076 1634 2162 solempni
1683 2075 2016 2162 premissa,
2052 2082 2116 2138 et
2162 2074 2282 2139 sub
2331 2074 2724 2159 obligatione
2770 2075 3086 2139 bonorum
3133 2096 3395 2139 suorum
3437 2082 3502 2139 et
3548 2074 3716 2139 dicte
3763 2074 4031 2139 ecclesie
4064 2082 4284 2140 sancte
4315 2074 4522 2140 Marie
4553 2075 4859 2160 Majori83
4891 2083 4957 2141 et

1318 2205 1488 2270 pena
1535 2184 1746 2247 soluta
1794 2182 1899 2246 vel
1947 2204 2093 2265 non,
2144 2181 2434 2268 predicta
2481 2182 2696 2246 omnia
2744 2189 2809 2247 et
2855 2182 3115 2266 singula
3161 2182 3346 2245 firma
3390 2188 3833 2268 permaneant.
3882 2182 4029 2247 Hoc
4074 2188 4293 2246 tamen
4340 2182 4543 2266 salvo,
4586 2182 4757 2269 quod
4803 2204 4952 2247 con-

1317 2298 1562 2355 tractus
1625 2290 1952 2377 predictus
2008 2295 2073 2353 et
2120 2289 2336 2353 omnia
2383 2296 2446 2354 et
2493 2289 2752 2374 singula
2797 2289 3237 2375 suprascripta
3282 2290 3375 2353 ita
3419 2288 3679 2354 demum
3725 2290 3923 2354 robur
3967 2296 4032 2355 et
4077 2290 4448 2355 firmitatem
4493 2291 4852 2372 obtineant,
4901 2291 4958 2354 si

1317 2397 1707 2463 venerabilis
1753 2405 1940 2483 pater
1987 2396 2283 2460 dominus
2317 2445 2596 2462 ......
2632 2396 2710 2462 (¹)
2745 2397 3160 2461 bononiensis
3202 2396 3563 2484 episcopus,
3596 2397 4047 2461 auctoritatem
4092 2419 4277 2462 suam
4323 2398 4627 2485 predictis
4674 2398 4955 2485 interpo-

1318 2507 1518 2569 suerit
1563 2513 1626 2569 et
1675 2504 2026 2586 decretum,
2062 2504 2368 2590 alioquin,
2402 2526 2486 2568 ex
2533 2525 2702 2568 nunc
2751 2511 2823 2568 ut
2870 2525 2951 2567 ex
3000 2511 3172 2586 tunc,
3206 2504 3532 2590 predictus
3579 2510 3944 2569 contractus
3992 2512 4057 2569 et
4096 2505 4311 2569 omnia
4343 2513 4408 2569 et
4439 2506 4698 2592 singula
4729 2526 4954 2591 supra-

1316 2612 1554 2698 scripta
1601 2634 1717 2698 pro
1767 2632 1895 2675 non
1942 2610 2129 2675 factis
2177 2618 2243 2674 et
2289 2610 2452 2675 iritis
2499 2611 2881 2675 habeantur.

1493 2719 1600 2783 Ex
1644 2720 2070 2783 instrumento
2120 2718 2162 2783 J
2168 2718 2468 2783 ohachini
2514 2718 2810 2804 Ardoyni
2855 2719 3091 2783 notarii
3122 2719 3294 2784 facto
3327 2718 3519 2783 hodie
3549 2719 3843 2784 Bononie
3885 2718 3948 2783 in
3998 2740 4258 2783 camara
4305 2719 4545 2784 domini
4593 2718 4806 2784 Bondi
4852 2740 4957 2783 ca-

1318 2826 1530 2891 nonici
1576 2833 1796 2890 sancte
1844 2826 2049 2890 Marie
2097 2825 2404 2911 Majoris,
2453 2826 2858 2912 presentibus
2908 2825 3166 2891 domino
3212 2826 3498 2911 Ugolino
3561 2825 3804 2890 domini
3866 2826 4175 2890 Guizardi
4221 2827 4300 2891 de
4348 2826 4639 2891 Policino
4688 2826 4957 2908 clericO,

1316 2934 1563 2999 Jacobo
1610 2936 1751 3019 ejus
1798 2934 2019 3017 fratre,
2071 2934 2244 2999 Gilio
2295 2933 2609 2997 Gnidonis
2655 2935 2841 2999 Pinie
2891 2935 2968 2998 de
3032 2934 3258 2998 Castro
3312 2934 3717 3017 Brittonum,
3765 2933 4170 2998 Bernardino
4235 2934 4557 3021 Siripagle
4606 2934 4684 2997 de
4733 2941 4957 2997 sancto

1313 3041 1614 3107 Johanne
1665 3049 1728 3105 et
1774 3041 2235 3106 Bartholomeo
2282 3041 2573 3127 Longitij
2622 3042 2700 3106 de
2747 3042 3026 3106 Francia
3073 3042 3342 3106 testibus
3393 3042 3655 3128 rogatis.

2944 3451 3336 3515 XXXVIII.

2796 3701 2990 3784 1280,
3040 3700 3079 3761 5
3127 3700 3497 3785 septembris,

1461 3954 1564 4019 Ex
1610 3954 1811 4019 Arch.
1861 3953 2040 4017 Max,
2085 3953 2235 4017 bon.
2284 3952 2349 4016 in
2400 3950 2867 4016 memorialibus
2918 3950 3296 4033 Communia,
3342 3951 3536 4016 Mem.
3589 3950 3978 4015 Gherardini
4024 3951 4466 4035 Bonazuntae,
4517 3974 4647 4017 car.
4697 3955 4803 4017 43.

1493 4221 1617 4285 Die
1667 4220 1889 4305 quinto
1938 4220 2220 4283 intrante
2268 4219 2618 4306 septembri
2665 4218 3043 4303 [mcclxxx].

1493 4327 1814 4391 Martinus
1860 4326 2236 4411 Bagnarola
2283 4326 2586 4390 bannitor
2631 4332 2696 4390 et
2743 4326 3046 4412 syndicus
3095 4326 3385 4390 comunis
3431 4324 3724 4390 Bononie
3787 4346 3871 4389 ex
3931 4325 4312 4390 auctoritate
4362 4324 4628 4390 Consilii
4688 4346 4958 4389 sexcen-

1313 4443 1527 4501 torum
1576 4442 1638 4498 et
1685 4433 1922 4519 Populi
1967 4455 2052 4497 ex
2099 4433 2556 4498 reformatione
2605 4433 2847 4520 scripta
2892 4455 3089 4497 manu
3119 4433 3475 4498 Johannini
3505 4433 3821 4519 Henrige,
3854 4432 4091 4498 notarii
4136 4432 4342 4497 officio
4375 4432 4957 4514 Reformationum,

1314 4543 1399 4609 ad
1444 4541 1858 4627 infrascripta
1905 4540 2272 4627 specialiter
2318 4541 2702 4605 constitutus
2749 4547 2821 4604 ut
2867 4546 3118 4605 constat
3174 4562 3258 4604 ex
3321 4540 3746 4605 instrumento
3807 4539 4180 4626 syndicatus
4242 4540 4480 4626 scripto
4542 4560 4739 4603 manu
4801 4539 4959 4604 dicti

1314 4649 1669 4716 Johannini
1716 4648 1973 4729 notarii,
2008 4648 2147 4712 vice
2194 4655 2258 4712 et
2305 4649 2562 4713 nomine
2609 4648 2762 4713 dicti
2811 4648 3100 4712 comunis
3147 4653 3211 4711 et
3256 4669 3374 4734 pro
3422 4647 3561 4733 ipso
3611 4668 3901 4730 comune,
3951 4647 4017 4711 in
4062 4646 4390 4734 presentia
4437 4646 4680 4710 domini
4722 4645 4957 4730 Stuldi,

1315 4757 1548 4843 Jacopi
1594 4755 1861 4838 Vicarii,
1910 4754 2152 4819 domini
2195 4754 2534 4820 Bertholdi
2580 4755 2660 4820 de
2707 4755 2856 4818 filiis
2902 4754 3077 4838 Ursi,
3125 4755 3374 4819 comitis
3423 4754 3759 4841 potestatis
3804 4754 4133 4837 Bononie,
4166 4753 4462 4840 promisit
4506 4753 4662 4818 dare
4717 4760 4783 4817 et
4830 4754 4959 4818 sol-

1313 4885 1466 4929 vere
1515 4864 1684 4928 dicto
1733 4861 2044 4947 magistro
2094 4860 2345 4946 Garsie,
2394 4862 2641 4927 doctori
2686 4861 3090 4926 decretorum
3138 4869 3203 4925 et
3259 4862 3568 4926 canonico
3636 4862 4172 4948 compostellano,
4223 4860 4959 4947 centumquinquaginta

1311 4973 1513 5038 libras
1560 4973 2049 5036 bononenorum
2095 4970 2243 5034 hinc
2291 4969 2375 5034 ad
2422 4969 2658 5035 festum
2704 4971 2911 5034 sancti
2956 4969 3220 5034 Andree
3268 4970 3348 5035 de
3396 4991 3616 5035 mense
3663 4970 3998 5035 novembri
4028 4970 4345 5057 proximO,
4379 4975 4444 5034 et
4474 4968 4597 5034 hoc
4626 4968 4771 5034 ideo
4805 4970 4961 5055 quia

1312 5080 1521 5145 dictus
1569 5078 1882 5162 magister
1932 5077 2197 5141 Gai-sias
2245 5078 2537 5163 promisit
2582 5078 2706 5164 ipsi
2750 5078 3038 5163 syndicO,
3073 5077 3409 5163 recipienti
3456 5077 3713 5142 nomine
3760 5083 3825 5141 et
3871 5077 4011 5141 vice
4059 5076 4347 5141 comunis
4390 5075 4684 5140 Bononie
4717 5083 4783 5140 et
4812 5076 4958 5140 uni-

1310 5188 1635 5253 versitatis
1684 5185 2075 5250 scholarium
2121 5185 2437 5269 Bononie,
2485 5187 2703 5272 legere
2751 5186 2916 5250 bene
2965 5191 3029 5249 et
3075 5186 3451 5250 continuare
3500 5185 3828 5250 decretum
3874 5191 4077 5249 totum
4111 5205 4150 5248 a
4183 5183 4347 5249 festo
4381 5184 4588 5249 sancti
4617 5184 4959 5249 Michaelis

1313 5294 1594 5383 proximi
1642 5314 1845 5379 usque
1895 5290 1978 5355 ad
2023 5313 2223 5356 unum
2271 5314 2511 5357 annum
2558 5292 2968 5379 completum,
3003 5314 3089 5356 ex
3134 5293 3558 5357 instrumento
3605 5292 3843 5380 scripto
3890 5313 4087 5356 manu
4134 5290 4489 5356 Johannini
4519 5290 4813 5377 predicti,
4845 5313 4959 5355 no-

1310 5403 1491 5486 tarii,
1543 5400 1733 5465 hodie
1798 5399 1970 5463 facto
2019 5399 2083 5463 in
2132 5399 2374 5486 palatio
2423 5421 2590 5465 novo
2653 5401 2942 5464 comunis
3002 5399 3334 5483 Bononie,
3382 5400 3788 5486 presentibus
3852 5399 4125 5464 dominis
4188 5398 4614 5463 Bencevenne
4684 5396 4959 5463 condam

1314 5510 1559 5576 domini
1603 5507 1862 5594 Pagani
1907 5506 1987 5570 de
2036 5507 2284 5590 Aretio,
2329 5508 2546 5593 judice
2595 5507 2748 5572 dicti
2800 5507 3009 5572 Stuldi
3056 5507 3316 5592 vicarij,
3366 5506 3682 5593 Gregorio
3728 5507 3808 5572 de
3856 5506 4200 5589 GuerzinO,
4247 5505 4676 5571 Albertinello
4724 5506 4960 5570 Zanini

1311 5619 1393 5684 de
1448 5615 1825 5701 Alberghis,
1875 5613 2193 5679 Nicholao
2242 5615 2617 5680 Thomasini
2664 5614 2950 5679 barberii
2996 5621 3061 5678 et
3104 5614 3290 5700 Lapo
3341 5613 3647 5701 Specialli
3706 5614 4014 5696 testibus,
4063 5619 4129 5678 et
4174 5612 4265 5677 sic
4320 5611 4592 5699 predicti
4645 5612 4958 5698 magister

1313 5725 1548 5790 Garsia
1596 5732 1661 5789 et
1709 5721 2015 5809 syndicus
2062 5722 2391 5808 predictus
2438 5721 2731 5787 fecerunt
2778 5721 2973 5787 scribi
3017 5730 3081 5786 et
3127 5722 3283 5808 poni
3326 5721 3397 5785 in
3441 5720 3826 5785 Memorialli
3877 5720 4268 5785 Communis.

1469 6492 1547 6557 (1)
1588 6489 1693 6541 Sec.
