5542 7775
1256 604 1287 672 1
1307 603 1402 674 46
2835 628 3315 680 MONUMENTA

1460 782 1827 855 XXVIII.
1891 783 2094 872 Quod
2154 783 2670 881 compellantur
2726 811 2856 883 per
2905 789 3483 861 communitatem
3526 789 3886 861 intrinseci
3928 791 4486 864 contradictores
4526 794 4892 890 praedicta

1253 905 1563 1002 capitula
1622 907 2026 981 observare.
2466 1004 2473 1009 ·

1458 1033 1752 1105 XXIX.
1817 1034 2020 1122 Quod
2081 1036 2393 1132 capitula
2449 1037 2613 1109 hinc
2672 1038 2835 1110 inde
2895 1048 3248 1113 conventa
3285 1039 3693 1117 solemniter
3730 1042 4091 1138 acceptari
4130 1043 4459 1140 debeant,
4502 1056 4892 1119 convocato

1248 1156 1557 1230 Consilio
1613 1158 1952 1252 generali,
1996 1184 2079 1232 ac
2136 1185 2279 1233 una
2336 1161 2542 1234 simul
2600 1163 2939 1236 ratificari
2998 1164 3183 1236 infra
3241 1165 3697 1238 medietatem
3752 1167 4121 1263 proximae
4167 1167 4451 1243 futurae
4492 1171 4891 1267 quadrage-

1246 1282 1488 1377 simae,
1550 1293 1621 1355 et
1679 1284 1767 1356 ad
1827 1284 2063 1357 omnia
2121 1287 2346 1358 teneri
2405 1289 2536 1359 sub
2595 1312 2826 1385 poena
2883 1289 3574 1386 quinquagentarum
3631 1315 4034 1363 marcarum
4093 1293 4271 1365 auri.

1456 1408 1712 1482 XXX.
1774 1409 1978 1498 Quod
2038 1411 2273 1483 omnia
2331 1411 2691 1486 humiliter
2746 1414 2837 1486 ab
2895 1414 3142 1486 eadem
3203 1413 3730 1488 Communitate
3786 1417 4128 1513 expetita,
4171 1426 4331 1491 rata
4369 1427 4442 1491 et
4498 1428 4708 1514 grata
4761 1419 4890 1492 ha-

1243 1532 1549 1605 beantur
1604 1559 1648 1606 a
1705 1544 1951 1607 sancta
2010 1535 2215 1631 Sede,
2261 1561 2464 1633 quae,
2509 1539 2902 1635 praemissa
2958 1539 3399 1614 absolutione
3457 1567 3498 1614 a
3557 1542 3802 1639 poenis
3859 1542 4181 1638 incursis,
4225 1544 4614 1640 reintegret
4651 1545 4890 1619 Bono-

1245 1659 1525 1731 nienses
1582 1660 1674 1732 ad
1732 1661 1966 1733 omnia
2024 1661 2398 1758 privilegia
2454 1688 2544 1736 ex
2602 1664 3070 1737 beneficentia
3128 1667 3519 1763 apostolica
3575 1667 3746 1764 ipsis
3800 1666 4081 1741 collata.

1460 1784 1889 1880 Hujusmodi
1949 1784 2382 1861 Constitutio
2441 1789 2610 1861 data
2666 1789 2802 1861 fuit
2859 1791 3232 1865 Avenione
3289 1793 3421 1866 IV.
3482 1794 3640 1866 idus
3696 1793 4028 1887 octobris,
4090 1818 4276 1867 anno
4334 1802 4590 1892 quarto
4622 1793 4723 1869 (¹).

1454 2035 1804 2130 Moqistro
1871 2034 2207 2132 Guiqoni,
2266 2038 2678 2134 apostol-icae
2738 2038 2944 2112 Sedis
3003 2040 3304 2116 Numi-o.

1457 2160 1855 2257 Superioris
1933 2160 2477 2235 Constitutionis
2554 2165 2986 2261 apostolicae
3060 2175 3267 2241 tenor
3340 2169 3454 2242 hic
3529 2170 3905 2242 inseritur:
3965 2194 4049 2243 ac
4123 2170 4470 2242 instructo
4544 2170 4887 2266 magistro

1242 2286 1568 2381 Guigone
1627 2286 1713 2357 de
1770 2285 1854 2358 iis
1913 2310 2093 2382 quae
2153 2287 2592 2384 acciderant,
2652 2290 3036 2364 demandat
3093 2293 3157 2365 ei
3210 2293 3571 2390 Pontifex,
3633 2295 3822 2390 quod
3875 2294 4274 2368 Bononiam
4330 2319 4405 2366 se
4455 2296 4882 2391 transferat,

1238 2420 1308 2483 et
1365 2412 1436 2483 in
1495 2435 1686 2504 casu,
1742 2435 1879 2507 quo
1940 2410 2431 2485 Communitas
2487 2414 2950 2489 ratificaverit
3007 2419 3405 2514 praefatam
3463 2419 3925 2517 apostolicam
3984 2419 4605 2517 Constitutionem,
4650 2420 4887 2493 omnia

1238 2536 1310 2607 in
1367 2536 1616 2609 eadem
1674 2544 2009 2608 contenta
2068 2546 2538 2634 exequantur.
2602 2539 2868 2612 Datum
2927 2551 3005 2614 ut
3062 2543 3409 2641 supra(2).

1448 2661 1737 2735 Eidem:

1449 2787 1656 2876 Quod
1712 2788 2228 2884 possessionem
2288 2789 2596 2862 civitatis
2654 2791 3053 2890 Bononiae,
3113 2795 3263 2868 sive
3331 2821 3458 2893 per
3521 2821 3594 2869 se
3661 2797 3809 2869 sive
3867 2820 3997 2894 per
4051 2796 4267 2869 alium
4326 2797 4605 2894 capiat;
4665 2805 4736 2869 et
4793 2797 4880 2869 de

1236 2911 1511 2984 actibus
1569 2912 2031 3009 possessionis
2089 2913 2227 2985 duo
2302 2914 2477 2986 fiant
2557 2916 3073 3015 instrumenta,
3136 2946 3436 3017 quorum
3512 2922 3817 2995 alterum
3893 2922 4339 2995 Avenionem
4418 2922 4880 2995 transmittat.

1235 3034 1503 3109 Datum
1562 3048 1639 3109 ut
1699 3063 1917 3136 supra
1951 3036 2049 3112 (3).

1447 3290 1715 3363 Eodem
1776 3316 1984 3388 anno,
2029 3293 2259 3365 idibus
2300 3293 2632 3389 octobris,
2677 3294 2870 3367 dedit
2928 3296 3265 3369 Pontifex
3322 3298 3875 3396 perhonorificas
3922 3298 4165 3372 literas
4203 3298 4541 3372 Thadaeo
4579 3297 4876 3397 Pepu10,

1235 3439 1416 3511 quae
1475 3416 1996 3490 inscribuntur:

1446 3541 1870 3615 Benedictus
1926 3547 2298 3642 episeopus,
2335 3569 2572 3618 servus
2626 3571 2978 3619 serrorum
3038 3548 3197 3644 Dei,
3254 3549 3497 3622 dilecto
3549 3549 3701 3644 filio
3766 3548 4051 3622 Thodeo
4108 3550 4191 3621 cle
4251 3549 4538 3648 Pepulis
4593 3550 4677 3622 de
4733 3549 4877 3623 Bo-

1231 3668 1474 3762 nonia,
1520 3669 1723 3765 juris
1779 3669 2006 3741 civilis
2049 3670 2461 3768 professori,
2516 3672 2811 3744 salntem
2870 3680 2931 3745 et
2986 3674 3432 3770 apostolicam
3493 3673 4026 3747 benedictionem
4060 3672 4159 3748 (4).

1444 3921 1890 4018 Aqu‘ilejensi
1948 3929 2009 3993 et
2074 3923 2432 3995 Gradensi
2494 3923 2963 4020 Patriarclaeis,
3023 3949 3390 4022 eorumque
3445 3925 3946 4023 sztffroyaneiS.

1446 4046 1787 4135 Quamvis
1843 4054 1993 4119 tam
2051 4047 2329 4144 publice
2388 4057 2460 4121 et
2515 4048 2926 4121 solemniter
2984 4058 3303 4123 oratores
3350 4058 3421 4123 et
3460 4051 3699 4123 nuncii
3739 4051 4288 4124 Communitatis
4325 4050 4689 4123 Bononiae
4727 4050 4877 4122 fere

1230 4170 1321 4242 ad
1379 4170 1810 4243 evidentiam
1868 4172 2515 4245 demonstraverint
2572 4173 2660 4246 ad
2719 4174 3070 4268 gremium
3128 4183 3416 4248 sanctae
3458 4176 3659 4248 Sedis
3699 4176 3930 4249 redire
3969 4175 4176 4272 velle,
4218 4183 4290 4248 et
4330 4199 4645 4248 summus
4684 4174 4875 4247 Pon-

1234 4294 1411 4368 tifex
1469 4320 1560 4367 ex
1614 4296 2054 4391 benignitate
2112 4296 2503 4393 apostolica
2559 4322 2719 4370 cum
2775 4298 3041 4371 eisdem
3097 4308 3528 4373 convenerat
3585 4301 3671 4374 de
3728 4300 4024 4396 triginta
4065 4299 4417 4397 capitulis,
4458 4300 4529 4371 in
4569 4298 4874 4393 registro

1230 4420 1394 4492 anni
1454 4421 1691 4516 quarti
1746 4420 1951 4518 epist.
1995 4420 2270 4495 LXVI.
2316 4423 2690 4518 contentiS,
2734 4424 2858 4495 vix
2917 4433 3155 4497 tamen
3215 4425 3305 4497 ad
3364 4426 3727 4497 civitatem
3783 4425 4147 4498 Bononiae
4206 4449 4492 4498 accesso
4531 4424 4874 4519 magistro

1231 4544 1605 4640 Guigone,
1666 4553 1746 4617 ut
1802 4546 2317 4642 possessionem
2395 4547 2713 4643 ejusdem
2771 4549 3082 4621 civitatis
3137 4574 3281 4622 una
3337 4574 3495 4622 cum
3545 4550 3974 4645 juramentis
4048 4549 4409 4622 fidelitatis
4480 4548 4871 4645 reciperet,

1230 4694 1475 4743 verum
1536 4670 1755 4743 facies
1814 4672 1886 4742 in
1944 4680 2173 4744 totum
2231 4680 2507 4745 mutata
2566 4681 2696 4746 est.

1442 4797 1643 4868 Idem
1701 4798 1891 4870 enim
1947 4798 2270 4871 Nuncius
2327 4799 2399 4871 in
2457 4798 2723 4897 palatio
2783 4794 3194 4874 'Communis
3251 4811 3581 4899 receptus
3637 4826 3679 4874 a
3736 4801 4075 4875 Thadaeo
4133 4802 4219 4874 de
4275 4799 4588 4898 PepuliS,
4631 4800 4874 4872 statim

1224 4945 1308 4993 ac
1376 4920 1605 4992 eidem
1664 4920 2005 4995 Thadaeo
2079 4947 2163 4995 ac
2237 4923 2713 4998 Universitati
2789 4932 2860 4996 et
2931 4924 3205 5022 Populo
3275 4926 3480 5023 petiit
3550 4935 4063 4998 conventorum
4139 4924 4724 5020 ratificationem,
4783 4924 4874 4996 ab

1224 5046 1472 5118 eodem
1531 5046 1872 5121 Thadaeo
1931 5047 2155 5120 multa
2212 5049 2443 5122 minus
2501 5050 2907 5122 verecunda
2962 5058 3034 5123 et
3090 5051 3289 5146 quasi
3347 5051 3683 5123 seditiosa
3739 5052 3960 5124 verba
4014 5050 4088 5123 in
4141 5074 4561 5149 responsum
4598 5050 4871 5144 habuit,

1223 5195 1526 5267 quorum
1585 5196 1859 5246 summa
1916 5181 2065 5246 est:
2130 5175 2335 5263 Quod
2393 5183 2563 5247 tunc
2620 5175 3053 5272 impossibile
3110 5185 3265 5249 erat
3323 5178 3703 5249 observare
3762 5201 3846 5250 ea
3904 5200 4085 5273 quae
4143 5176 4218 5249 in
4290 5176 4513 5249 literis
4587 5182 4873 5273 aposto-

1221 5295 1376 5369 licis
1434 5297 2003 5396 continebantur,
2067 5300 2396 5396 quodque
2456 5300 2643 5372 circa
2716 5301 3273 5373 nominationem
3333 5300 3815 5374 Confalonerii
3873 5309 3943 5374 et
4002 5299 4449 5396 officialium,
4511 5324 4672 5373 cum
4719 5300 4874 5396 jam

1222 5422 1373 5519 ipse
1430 5448 1472 5494 a
1531 5423 1820 5496 civitate
1878 5433 1948 5498 et
2007 5424 2265 5522 populo
2323 5426 2413 5497 ad
2472 5426 2696 5499 vitam
2751 5426 2824 5496 in
2873 5424 3469 5499 Conservatorem
3507 5427 3758 5499 fuisset
3797 5425 4087 5520 electuS,
4130 5426 4547 5499 intendebat
4587 5425 4872 5498 omnino

1224 5548 1299 5620 in
1354 5549 1597 5621 eodem
1662 5549 1890 5623 officio
1959 5576 2424 5648 permanere,
2487 5552 2814 5648 sequenti
2890 5551 3170 5624 dicendi
3247 5552 3553 5625 formula
3635 5561 3881 5625 utens:
3955 5581 3992 5623 <z
4049 5551 4233 5649 quod
4299 5574 4514 5649 equus
4567 5574 4739 5624 suus
4793 5553 4870 5623 in

1222 5679 1497 5746 tantum
1558 5682 1720 5747 ante
1762 5684 2214 5773 processerat,
2275 5677 2460 5774 quod
2514 5702 2654 5749 non
2698 5683 2978 5774 poterat
3031 5677 3446 5750 retrocedere
3501 5703 3571 5750 ».

1435 5799 1746 5896 Deinde,
1807 5802 2151 5897 quasdam
2210 5826 2422 5898 super
2469 5802 2622 5897 jam
2681 5801 3089 5874 solemniter
3163 5802 3530 5874 conventis
3604 5802 4144 5876 reformationes
4215 5803 4626 5900 proposuit,
4686 5826 4871 5899 quae

1220 5925 1547 6022 praefata
1608 5925 1903 6021 triginta
1959 5925 2274 6024 capitula
2341 5927 2623 6000 mitiora
2696 5926 3103 6000 redderent.
3161 5926 3233 5998 N
3241 5926 3488 5999 uncins
3558 5926 3988 6024 apostolicus
4053 5927 4314 6000 civium
4388 5926 4874 6001 simulationes

1218 6058 1291 6124 et
1348 6051 1546 6125 dolos
1603 6052 1846 6124 videre
1905 6052 2039 6124 sibi
2099 6052 2314 6148 visuS,
2367 6077 2494 6149 per
2552 6052 2824 6148 aliquot
2881 6051 3030 6125 dies
3086 6076 3205 6125 eos
3263 6052 3578 6125 fraterne
3637 6053 3911 6125 monuit
3967 6060 4047 6124 ut
4103 6052 4191 6125 ad
4251 6052 4489 6126 lumen
4550 6052 4875 6125 veritatis

1373 6371 1453 6436 (1)
1492 6369 1621 6422 Loc.
1662 6370 1786 6436 cit.,
1825 6386 1873 6422 c.
1913 6372 2012 6422 241
2059 6387 2134 6436 r.‚
2173 6372 2275 6421 246
2321 6387 2372 6421 V.
3263 6370 3341 6435 (8)
3383 6368 3512 6420 Loc.
3551 6369 3674 6434 cit.‚
3712 6385 3759 6421 c.
3800 6371 3901 6420 247
3939 6387 3982 6421 r.

1372 6462 1451 6525 (2)
1489 6460 1622 6512 Loc.
1661 6461 1789 6524 cit.‚
1829 6477 1875 6513 c.
1917 6463 2019 6512 246
2062 6477 2111 6511 v.
3262 6460 3342 6525 (4)
3384 6458 3524 6511 Vide
3564 6459 3665 6511 sub
3705 6475 3852 6511 num.
3891 6458 4128 6526 LXIII„
4168 6475 4214 6511 c.
4258 6462 4376 6511 103.
