5542 7775
1307 593 1340 661 1
1357 591 1399 661 8
1411 592 1452 662 6
2871 611 3350 662 montmarin

3010 1083 3230 1150 XXX.

2782 1336 2977 1417 1263,
3029 1336 3067 1397 1
3112 1334 3459 1399 decembmxs.

2182 1582 2287 1647 Ex
2335 1582 2561 1648 eodem
2607 1590 2782 1648 tomo
2837 1582 2982 1647 cod.
3030 1583 3182 1669 dipl.
3231 1582 3399 1648 Eccl.
3445 1583 3618 1667 bon„
3665 1583 3804 1649 doc.
3851 1583 4067 1649 XXV.

1476 1832 1785 1897 Urbanus
1831 1832 1950 1896 IV.
1974 1832 2052 1897 (¹)
2083 1832 2281 1897 Petro
2328 1832 2497 1898 dicto
2547 1832 2846 1919 Capreto,
2892 1832 3200 1897 canonico
3248 1832 3648 1916 bononiensi,
3696 1839 3760 1897 et
3807 1832 4153 1898 Francisco
4200 1832 4280 1898 de
4327 1835 4551 1915 Baxis‚
4607 1835 4930 1923 archipre-

1296 1942 1536 2005 sbitero
1585 1941 1664 2006 de
1714 1940 2030 2023 Salustra,
2080 1939 2407 2005 imolensis
2453 1940 2745 2004 diecesis.

1476 2047 1647 2112 Olim
1697 2047 1777 2112 ad
1828 2046 2226 2112 audientiam
2274 2054 2557 2111 nostram
2605 2047 2859 2134 prelato
2925 2047 3095 2134 quod
3144 2047 3406 2134 quidam
3463 2047 3821 2134 iniquitatis
3882 2047 3998 2111 filii
4060 2047 4142 2112 ad
4208 2048 4583 2112 thesaurum
4643 2047 4932 2115 Ecclesie

1296 2154 1711 2219 bononiensis
1753 2176 1828 2219 ac
1875 2155 2005 2218 alia
2050 2154 2224 2219 bona
2271 2175 2396 2240 que
2444 2153 2737 2241 deposita
2784 2161 2970 2218 erant
3016 2155 3082 2218 in
3131 2156 3424 2219 sacristia
3471 2155 3671 2242 ipsius
3703 2155 3993 2238 ecclesie,
4027 2154 4396 2242 cupiditatis
4429 2155 4678 2220 iniectis
4711 2157 4931 2241 oculis,

1297 2263 1379 2327 ad
1430 2263 1725 2327 eamdem
1773 2263 2136 2327 sacristiam
2182 2262 2386 2327 noctis
2433 2268 2720 2349 tempore
2770 2284 2933 2326 ausu
2965 2264 3308 2327 temerario
3343 2270 3769 2346 accesserant,
3801 2270 3867 2327 et
3898 2284 4090 2349 quam
4123 2271 4552 2350 conceperant
4583 2264 4934 2349 nequitiam

1296 2370 1723 2457 producentes
1756 2371 1820 2434 in
1856 2377 2091 2453 actum,
2126 2370 2447 2456 quendam
2496 2371 2832 2434 sacristam
2881 2370 3081 2457 ipsius
3128 2370 3397 2435 ecclesie
3453 2392 3528 2434 ac
3575 2377 3875 2457 nepotem
3921 2370 4212 2455 ejusdem
4259 2378 4409 2434 ante
4455 2370 4627 2435 fores
4666 2372 4933 2437 ecclesie

1294 2479 1644 2564 prelibaoe,
1695 2485 2084 2564 suggerente
2131 2477 2399 2541 humani
2443 2478 2700 2563 generis
2749 2478 3028 2561 inimico,
3078 2478 3371 2564 nequiter
3416 2478 3844 2565 prefocantes,
3894 2478 4039 2542 illos
4088 2478 4453 2542 immaniter
4498 2478 4810 2562 occidere,
4858 2500 4932 2543 ac

1294 2593 1367 2649 ut
1412 2593 1855 2673 perpetratum
1903 2586 1986 2650 ab
2035 2585 2189 2671 ipsis
2238 2584 2487 2649 facinus
2535 2585 2615 2649 ad
2664 2607 2779 2649 sue
2827 2586 3259 2650 damnationis
3308 2585 3633 2650 cumulum
3679 2585 4046 2650 hominibus
4093 2585 4519 2672 publicarent,
4564 2585 4935 2650 eorumdem

1293 2694 1651 2758 occisorum
1699 2714 1972 2780 corpora
2020 2714 2214 2779 super
2261 2693 2551 2778 ejusdem
2600 2693 2871 2757 ecclesie
2917 2693 3238 2780 pulpitum
3285 2693 3634 2779 imponere,
3670 2692 3910 2779 illaque
3952 2692 4189 2757 ibidem
4237 2693 4601 2779 relinquere
4647 2715 4936 2780 presum-

1293 2807 1598 2887 pserunt,
1646 2801 1953 2865 thesauro
2018 2807 2083 2864 et
2144 2800 2329 2864 bonis
2389 2799 2757 2885 hujusmodi
2824 2800 2902 2864 de
2965 2800 3219 2887 prefata
3281 2800 3576 2864 sacristia
3634 2800 3968 2886 sacrilegis
4030 2800 4327 2864 manibus
4388 2801 4756 2887 asportatis.
4803 2801 4939 2866 Nos

1292 2916 1546 2972 tantum
1592 2929 1931 2972 excessum
1979 2908 2272 2972 nolentes
2320 2908 2438 2971 sub
2487 2907 2998 2973 dissimulatione
3046 2908 3340 2989 transire,
3374 2907 3732 2972 venerabili
3778 2908 3962 2972 fratri
4013 2914 4231 2973 nostro
4279 2908 4787 2996 Archiepiscopo
4833 2930 4936 2973 ra·

1292 3015 1675 3080 vennatensi
1721 3037 1838 3101 per
1887 3015 2137 3079 litteras
2186 3022 2441 3079 nostras
2489 3015 2939 3079 mandavimus
2989 3022 3060 3079 ut
3105 3015 3468 3079 Bononiam
3515 3015 3943 3102 personaliter
3988 3037 4056 3080 se
4105 3015 4463 3099 conferens,
4513 3022 4578 3080 et
4623 3016 4940 3101 legittimo

1292 3122 1681 3187 venerabilis
1729 3122 1949 3186 fratris
1995 3122 2198 3186 nostri
2244 3122 2549 3208 Episcopi
2597 3130 2749 3187 tunc
2796 3123 2984 3187 electi
3031 3122 3484 3205 bononiensis,
3532 3123 3645 3208 qui
3704 3143 3899 3209 super
3960 3123 4086 3187 hiis
4147 3122 4482 3187 dicebatur
4539 3122 4623 3186 ad
4671 3122 4937 3209 inquisi-

1288 3231 1528 3295 tionem
1575 3229 1926 3316 procedere
1975 3230 2311 3316 incepisse,
2345 3229 2398 3293 si
2448 3230 2590 3315 quis
2637 3229 2898 3294 habitus
2943 3230 3175 3313 fuerat,
3210 3238 3467 3295 servato
3513 3251 3841 3316 processu,
3875 3252 4068 3316 quem
4115 3230 4240 3294 sibi
4286 3230 4669 3294 auctoritate
4717 3238 4940 3295 nostra

1288 3338 1532 3402 faceret
1580 3338 1895 3419 exhiberi,
1930 3358 2124 3423 super
2164 3338 2491 3424 premissis
2539 3337 2766 3401 eadem
2815 3338 3220 3420 auctoritate,
3255 3345 3447 3424 prout
3486 3338 3611 3402 sibi
3642 3337 3970 3401 videretur
4010 3337 4384 3424 expediens,
4417 3337 4770 3423 inquireret
4802 3346 4938 3402 tam

1291 3446 1382 3509 ibi
1429 3467 1624 3530 quam
1672 3444 1850 3527 alibi,
1900 3445 2110 3530 quoad
2159 3445 2478 3509 Jacobum
2527 3445 2937 3530 capellanum
2985 3454 3293 3527 nostrum,
3343 3445 3723 3509 canonicum
3767 3444 4252 3528 bononiensem,
4287 3452 4512 3509 natum
4557 3444 4777 3510 dilecti
4821 3444 4937 3508 filii

1290 3553 1525 3617 nobilis
1571 3552 1696 3617 viri
1744 3551 2110 3635 Cathalani,
2144 3552 2303 3616 civis
2349 3552 2784 3636 bononiensis,
2820 3553 2930 3639 qni
2976 3552 3195 3617 delicti
3241 3552 3615 3637 hujusmodi
3661 3559 3842 3617 actor
3887 3552 4233 3639 precipuus
4280 3552 4629 3634 ferebatur,
4662 3552 4936 3617 sollicite

1289 3660 1631 3724 veritatem
1676 3666 1746 3749 ‘et
1793 3681 1916 3745 que
1966 3659 2283 3724 inveniret
2328 3659 2393 3723 in
2443 3660 2697 3746 scriptis
2743 3653 3028 3743 redacta,
3064 3681 3192 3724 una
3234 3681 3378 3724 cum
3427 3659 3716 3746 predicto
3757 3681 4063 3746 processu
4095 3659 4214 3724 sub
4247 3681 4365 3724 suo
4397 3659 4612 3744 sigillo
4658 3660 4938 3724 fideliter

1290 3767 1664 3851 introclusa,
1717 3768 1901 3831 nobis
1948 3788 2062 3854 per
2107 3766 2363 3831 fidelem
2411 3768 2717 3831 nuncium
2764 3768 3090 3831 remittere
3137 3774 3535 3854 procuraret,
3583 3766 3831 3854 prefixo
3878 3767 4292 3831 nihilominus
4341 3766 4549 3831 eidem
4594 3767 4933 3853 capellano

1289 3875 1563 3941 termino
1610 3874 2044 3962 peremptorio
2092 3874 2501 3962 competenti,
2535 3896 2662 3962 quo
2708 3882 3111 3962 compareret
3155 3874 3582 3962 personaliter
3629 3897 3843 3940 coram
3892 3874 4099 3958 nobis,
4140 3874 4431 3940 facturus
4461 3880 4527 3939 et
4557 3880 4934 3962 recepturus

1290 3982 1461 4069 quod
1502 3984 1758 4067 justitia
1804 3982 2126 4047 suaderet.
2173 3982 2260 4046 Et
2307 3983 2456 4047 licet
2501 3982 2727 4047 eedem
2772 3983 2985 4047 littere
3047 3983 3169 4069 ipsi
3232 3983 3754 4070 archiepiscopo,
3801 3990 3873 4047 ut
3935 3982 4202 4065 dicitur,
4253 3982 4492 4047 fuerint
4540 3990 4932 4069 presentato,

1288 4090 1661 4174 hujusmodi
1707 4097 1925 4154 tamen
1972 4090 2348 4155 mandatum
2396 4097 2684 4154 nostrum
2732 4090 2944 4154 adhuc
2992 4111 3119 4155 non
3167 4091 3384 4155 extitit
3430 4091 3872 4176 adimpletum.
3909 4090 4081 4155 Sane
4127 4090 4370 4177 patrati
4415 4090 4766 4154 enormitas
4813 4091 4935 4154 cri-

1289 4198 1479 4261 minis
1527 4197 1773 4262 clamor
1818 4197 2042 4284 populi
2088 4196 2378 4280 validus,
2427 4196 2537 4282 qui
2582 4196 2707 4261 hac
2753 4197 2835 4261 de
2882 4218 3112 4280 causa,
3162 4205 3234 4261 ut
3281 4198 3548 4280 dicitur,
3597 4204 3822 4262 contra
3883 4198 4127 4262 clerum
4174 4198 4478 4281 insultat,
4526 4219 4644 4262 nec
4695 4218 4822 4262 non
4870 4205 4935 4262 et

1288 4326 1490 4391 grave
1539 4326 1616 4369 ac
1664 4303 2098 4369 intollerabile
2145 4304 2543 4387 scandalum,
2592 4303 2762 4390 quod
2811 4305 3147 4370 occasione
3193 4305 3564 4390 hujusmodi
3610 4305 3816 4369 fertur
3861 4312 4189 4387 exortum,
4235 4312 4522 4370 nostrum
4584 4304 4935 4391 implorant

1289 4411 1569 4475 officium
1618 4419 1689 4475 ut
1736 4411 2082 4475 efficaciter
2128 4410 2535 4475 intendamus
2590 4410 2671 4475 ad
2720 4412 2964 4476 factum
3011 4412 3242 4498 ipsum,
3276 4420 3468 4498 prout
3516 4412 3687 4476 illius
3734 4411 3965 4476 suadet
4007 4412 4306 4497 qualitas,
4353 4410 4827 4494 ulciscendu1n;
4869 4420 4934 4476 et

1287 4518 1433 4583 ideo
1482 4517 1643 4582 illud
1691 4519 1984 4583 nolentes
2032 4517 2440 4604 aliquatenus
2486 4520 2959 4605 pretermittere
3007 4520 3421 4605 impunitum,
3469 4519 3839 4584 discretioni
3893 4527 4106 4583 vestre
4168 4518 4548 4583 mandamus
4612 4526 4932 4604 quatenus

1287 4647 1404 4690 vos
1450 4626 1554 4690 vel
1602 4626 1770 4691 alter
1815 4632 2103 4690 vestrum
2147 4647 2264 4713 per
2310 4647 2426 4690 vos
2473 4625 2579 4690 vel
2626 4627 2824 4709 alios,
2873 4634 3005 4691 tam
3050 4626 3343 4691 Bononie
3391 4648 3585 4713 quam
3633 4626 3817 4709 alibi,
3866 4633 4058 4714 prout
4105 4625 4413 4712 expedire
4458 4625 4784 4709 videritis,
4833 4627 4931 4690 in-

1287 4734 1558 4819 quiratis
1607 4733 1992 4798 auctoritate
2040 4740 2259 4798 nostra
2305 4754 2500 4819 super
2540 4734 2870 4820 premissis
2903 4733 3174 4798 sollicite
3205 4734 3567 4816 veritatem,
3601 4740 3666 4798 et
3698 4755 3821 4819 que
3855 4732 4249 4816 inveneritis,
4284 4733 4349 4797 in
4382 4733 4636 4820 scriptis
4667 4733 4932 4798 redacta

1286 4842 1472 4906 nobis
1519 4863 1635 4928 per
1683 4841 1966 4926 aliquem
2010 4840 2267 4905 fidelem
2315 4841 2640 4924 nuncium,
2690 4841 2810 4905 sub
2859 4841 3089 4926 sigillis
3135 4842 3367 4905 vestris
3421 4841 3697 4905 fideliter
3742 4841 4115 4925 introclusa,
4162 4841 4488 4905 remittere
4535 4841 4928 4927 procuretis,

1285 4956 1419 5014 tam
1466 4957 1893 5014 memoratum
1942 4948 2382 5035 capellanum,
2431 4969 2625 5034 quam
2671 4948 2869 5013 etiam
2929 4948 3390 5035 Raymundum
3450 4948 4063 5035 archipresbiterum
4126 4948 4206 5012 (le
4270 4949 4467 5032 Sala,
4514 4948 4929 5012 bononiensis

1285 5056 1579 5140 diecesis,
1613 5078 1806 5143 quem
1853 5056 1932 5119 de
1977 5055 2444 5141 principalibus
2491 5055 2764 5141 predicti
2811 5056 3115 5121 facinoris
3161 5056 3600 5143 patratoribus
3647 5056 3938 5120 extitisse
3985 5055 4228 5120 habere
4275 5055 4530 5138 dicitur,
4572 5055 4929 5119 communis

1287 5164 1351 5228 in
1398 5165 1693 5251 partibus
1744 5164 1871 5228 illis
1917 5161 2187 5227 infamia
2234 5184 2319 5226 ex
2364 5170 2547 5249 parte
2595 5169 2817 5228 nostra
2864 5163 3280 5227 nihilominus
3313 5163 3743 5251 peremptorie
3776 5162 4068 5244 citantes,
4103 5169 4175 5226 ut
4208 5163 4378 5227 infra
4407 5183 4608 5226 unum
4639 5183 4930 5226 mensem

1282 5278 1430 5359 post
1478 5271 1849 5336 citationem
1894 5277 2178 5335 vestram
2226 5278 2642 5357 compareant
2696 5270 3124 5356 personaliter
3184 5291 3401 5335 coram
3463 5271 3670 5353 nobis,
3735 5270 4088 5357 recepturi,
4138 5270 4194 5334 si
4261 5291 4454 5355 super
4500 5268 4621 5334 hoc
4682 5268 4929 5333 inventi

1284 5378 1526 5443 fuerint
1573 5377 1951 5464 culpabiles,
2000 5377 2355 5442 secundum
2400 5398 2659 5441 suorum
2709 5377 3108 5462 exigentiam
3154 5378 3549 5442 meritorum.
3598 5376 3792 5442 Diem
3847 5398 4001 5441 vero
4063 5376 4385 5441 citationis
4433 5383 4498 5439 et
4543 5375 4817 5440 formam
4865 5382 4930 5439 et

1285 5486 1590 5573 quicquid
1628 5484 1777 5549 inde
1811 5484 2116 5567 feceritis,
2149 5506 2265 5571 per
2305 5490 2554 5548 vestras
2600 5484 2851 5549 litteras
2899 5485 3295 5570 presentium
3342 5484 3576 5548 seriem
3621 5484 4021 5548 continentes
4068 5484 4253 5548 nobis
4291 5482 4568 5547 fideliter
4600 5482 4928 5547 intimetis.

1459 5592 1705 5657 Datum
1751 5591 1924 5678 apud
1973 5591 2528 5674 Urbemveterem,
2578 5591 2874 5656 kalendis
2923 5591 3300 5674 decembris,
3349 5591 3760 5677 pontificatus
3805 5591 4005 5655 nostri
4053 5612 4222 5656 anno
4267 5591 4479 5655 tertio.

1438 6464 1516 6530 (1)
1556 6463 1641 6515 Ex
1679 6480 1793 6533 reg.
1832 6463 2041 6517 Urban.
2080 6463 2212 6530 1v.,
2252 6480 2340 6516 an.
2380 6461 2767 6529 MCCLXHI„
2807 6462 2851 6515 Ι.
2893 6461 3194 6519 decembr‘n
