5542 7775
1146 622 1295 693 108
2727 641 3217 692 MONUMENTA

1317 796 1485 860 Item
1533 796 1830 862 dominus
1878 796 2182 861 'Phadeus
2230 796 2659 883 supradictuS,
2710 796 2818 882 qui
2862 818 2930 861 se
2978 797 3237 882 publice
3286 795 3439 860 dicit
3487 796 4024 861 Conservatorem
4072 804 4458 883 perpetuum
4506 796 4792 860 civitatis

1142 902 1555 968 bononiensis
1603 903 1911 990 predicte,
1946 903 2111 967 dixit
2159 911 2222 967 et
2273 902 2603 990 respondit
2649 924 2976 989 expresse,
3027 903 3284 967 nomine
3333 925 3448 967 suo
3482 912 3547 968 et
3580 903 3775 967 totius
3808 902 4180 968 Communis
4220 910 4284 968 et
4315 904 4538 991 populi
4565 925 4791 989 supra-

1144 1010 1319 1093 dicti,
1368 1019 1512 1097 post
1561 1011 1797 1075 multos
1844 1032 2172 1075 sermones
2222 1032 2417 1097 super
2463 1011 2836 1076 narratione
2885 1011 3201 1075 dictorum
3248 1011 3677 1098 capitulorum
3720 1012 3783 1074 in
3832 1010 4017 1075 dictis
4076 1011 4279 1075 literis
4326 1018 4791 1093 contentorum,

1140 1117 1348 1183 factos
1395 1140 1511 1205 per
1558 1140 1736 1200 eum,
1787 1118 1957 1204 quod
2005 1118 2167 1182 nihil
2216 1118 2474 1182 omnino
2522 1117 2950 1200 ratificarent,
3000 1118 3436 1205 approbarent
3484 1139 3597 1182 seu
3646 1118 4073 1204 complerent,
4123 1140 4239 1182 nec
4285 1118 4628 1200 ratificare,
4677 1140 4790 1205 ap·

1143 1226 1418 1311 probare
1479 1247 1593 1289 seu
1650 1226 1973 1311 complere
2022 1225 2283 1290 volebat
2329 1225 2408 1289 de
2458 1226 2778 1289 contentis
2825 1225 2890 1288 in
2941 1225 3145 1289 literis
3193 1225 3614 1311 supradietis,
3663 1225 3785 1289 nisi
3833 1226 4013 1312 prius
4059 1226 4384 1312 capitula,
4432 1226 4511 1290 de
4557 1226 4790 1312 quibus

1142 1354 1340 1419 supra
1385 1333 1457 1397 fit
1504 1333 1765 1414 menti0,
1814 1338 1879 1396 et
1927 1333 2145 1418 aliqua
2192 1332 2351 1413 alia,
2401 1353 2523 1417 que
2572 1354 2691 1418 pro
2740 1340 3030 1418 tempore
3078 1332 3248 1397 dicto
3295 1333 3553 1397 domino
3602 1340 3820 1397 nostro
3868 1354 4035 1419 pape
4083 1342 4527 1419 expressaret,
4573 1340 4790 1397 essent

1141 1446 1463 1519 correcta,
1514 1446 1817 1524 reparata
1881 1446 1947 1502 et
2006 1437 2406 1520 modificata,
2459 1438 2719 1501 omnino
2784 1437 3028 1502 addens
3087 1446 3150 1502 et
3216 1439 3578 1524 adjungens
3637 1439 4040 1525 responsioni
4086 1461 4198 1503 sue
4246 1439 4569 1525 predicte,
4619 1438 4790 1524 quod

1140 1545 1531 1628 sindicatuS‚
1579 1567 1693 1609 seu
1741 1546 2255 1631 procuratorium
2302 1545 2542 1609 factum
2594 1545 2659 1608 in
2706 1566 3054 1632 personam
3097 1545 3379 1610 Rolandi
3440 1546 3519 1609 de
3580 1546 3939 1631 FantuciJ'S,
3990 1546 4146 1611 civis
4193 1547 4628 1629 bononiensis,
4675 1568 4791 1632 per

1141 1652 1516 1734 Commune,
1567 1654 2076 1735 universitatem,
2123 1675 2238 1717 seu
2287 1652 2651 1737 singulares
2698 1674 3011 1738 personas
3059 1652 3338 1717 civitatis
3386 1652 3697 1737 ejusdem,
3734 1654 3896 1717 nihil
3935 1654 4195 1718 omnino
4240 1654 4524 1736 valebat,
4558 1675 4676 1718 nec
4721 1654 4787 1717 in

1144 1760 1363 1845 aliquo
1412 1761 1675 1824 tenebat
1722 1760 1828 1824 vel
1872 1760 2156 1824 habebat
2202 1760 2452 1824 roboris
2499 1760 2869 1825 firmitatem
2918 1782 3034 1846 pro
3082 1782 3179 1843 eo,
3227 1761 3529 1825 videlicet
3575 1782 3658 1824 ex
3705 1782 3802 1843 e0,
3852 1761 4023 1846 quod
4070 1761 4242 1825 dicta
4296 1761 4545 1843 civitas,
4592 1761 4785 1825 comi·

1140 1873 1316 1931 tatus
1364 1874 1429 1931 et
1475 1867 1804 1932 districtus
1850 1868 2087 1954 privati
2134 1868 2393 1932 fuerant
2437 1888 2553 1953 per
2599 1867 2842 1931 dictum
2892 1868 3222 1932 dominum
3268 1876 3560 1932 nostrum
3606 1868 3877 1955 Papam,
3913 1869 4371 1933 communitate
4420 1876 4485 1933 et
4529 1869 4788 1932 univer·

1141 1974 1333 2038 sitate
1379 1982 1668 2061 tempore
1717 1974 2137 2040 confectionis
2198 1975 2551 2039 sindicatus
2614 1996 2728 2039 seu
2792 1975 3220 2060 procuratorij
3284 1976 3667 2061 supradicti,
3716 1984 3781 2040 et
3843 1976 4178 2061 requisivit
4240 1997 4386 2040 cum
4443 1976 4785 2057 instantia,

1142 2081 1315 2167 quod
1361 2082 1569 2146 dictus
1619 2083 1916 2147 dominus
1965 2083 2251 2147 notarius
2300 2082 2538 2146 rediret
2584 2088 2649 2145 et
2696 2090 3130 2146 reverteretur
3176 2084 3259 2146 ad
3306 2084 3540 2148 dictam
3602 2068 3934 2147 romanam
3984 2083 4281 2165 Curiam,
4330 2090 4394 2147 et
4459 2083 4790 2147 dominum

1137 2195 1428 2252 nostrum
1476 2211 1795 2253 summum
1842 2189 2223 2253 Pontificem
2282 2211 2398 2276 pro
2454 2189 2931 2271 moderatione,
2980 2191 3375 2253 correctione
3439 2199 3505 2254 et
3568 2190 4041 2254 modificatione
4099 2191 4529 2277 capitulorum
4576 2190 4787 2276 predi·

1137 2305 1410 2361 ctorum.

1316 2404 1399 2468 Et
1447 2412 1598 2468 tunc
1649 2426 1869 2468 omnes
1917 2405 1995 2468 de
2044 2404 2215 2468 dieto
2263 2405 2503 2491 populo
2554 2405 2641 2468 ibi
2690 2411 2999 2488 astantes,
3036 2412 3104 2468 ut
3153 2405 3362 2490 prima
3409 2405 3574 2469 facie
3619 2412 3877 2492 poterat
3908 2427 4246 2492 apparere,
4284 2405 4489 2469 dictas
4523 2427 4785 2491 respon-

1138 2511 1352 2576 siones
1401 2512 1682 2575 omnium
1732 2512 2167 2597 predictorum
2199 2520 2264 2575 et
2311 2513 2606 2594 aliorum,
2657 2513 2767 2597 qui
2824 2511 3085 2576 fuerunt
3130 2513 3196 2575 in
3245 2512 3415 2576 dicto
3464 2512 3748 2577 Consilio
3796 2534 3907 2577 seu
3958 2513 4217 2599 popule,
4267 2513 4464 2577 locuti
4512 2513 4592 2577 de
4641 2534 4785 2598 pre-

1137 2619 1345 2701 dietis,
1395 2627 1459 2682 et
1506 2618 1692 2704 quasi
1740 2641 1854 2704 per
1900 2619 2136 2683 similia
2184 2619 2404 2701 verba,
2454 2627 2631 2683 ratas
2680 2627 2743 2682 et
2791 2627 3012 2703 gratas
3059 2620 3394 2701 habentes,
3429 2628 3499 2683 ut
3545 2620 3754 2706 prima
3800 2620 3964 2684 facie
4013 2620 4078 2683 in
4125 2641 4349 2684 eorum
4396 2621 4786 2684 clamoribus

1135 2727 1544 2808 videbantur,
1584 2726 2026 2811 approbarunt
2071 2733 2135 2789 et
2182 2727 2685 2790 ratificaverunt.
2736 2726 2822 2790 Et
2869 2727 3284 2790 nihilominus
3334 2728 3809 2813 requisiverunt
3841 2727 4170 2791 dominum
4202 2729 4525 2791 notarium
4558 2749 4784 2813 supra·

1138 2833 1379 2898 dictum
1440 2841 1503 2897 et
1552 2834 1882 2915 nuntium,
1930 2841 2002 2897 ut
2066 2856 2181 2920 pro
2233 2834 2704 2911 moderatione,
2753 2834 3148 2898 correctione
3197 2841 3260 2898 et
3315 2834 3788 2898 modificatione
3860 2835 4288 2920 capitulorum
4351 2834 4787 2920 predictorum

1137 2940 1524 3025 quamcitius
1570 2948 1789 3026 posset
1821 2941 1904 3003 ad
1939 2940 2201 3005 Curiam
2239 2961 2570 3004 romanam
2604 2939 2914 3023 redire[t].
2951 2941 3050 3003 De
3085 2941 3317 3026 quibus
3351 2942 3648 3005 omnibus
3681 2949 3744 3005 et
3777 2942 4049 3026 singulis
4083 2942 4427 3026 requisitis,
4463 2941 4784 3027 responsis

1137 3055 1201 3112 et
1248 3048 1507 3129 habitis,
1544 3055 1613 3111 ut
1661 3070 1858 3134 supra
1904 3047 2145 3111 dictum
2193 3056 2310 3129 est,
2346 3048 2635 3133 prefatus
2684 3048 2981 3111 dominus
3029 3050 3318 3112 notarius
3369 3048 3629 3112 nuntius
3671 3048 4003 3112 mandavit
4035 3058 4099 3113 et
4141 3048 4476 3134 requisivit
4520 3070 4637 3134 per
4683 3070 4784 3112 me

1137 3155 1579 3241 supradictum
1626 3156 1968 3236 notarium,
2004 3177 2121 3219 nec
2170 3177 2297 3219 non
2347 3155 2729 3239 magistrum
2781 3156 3110 3219 Simonem
3157 3156 3423 3242 Aprilis,
3472 3159 3665 3220 etiam
3717 3156 4038 3220 notarium
4084 3156 4412 3242 publicum
4443 3164 4507 3220 et
4539 3155 4784 3219 scribas

1136 3284 1307 3345 suos,
1357 3284 1555 3326 unum
1604 3263 1705 3325 vel
1756 3263 1943 3349 plura
1990 3263 2130 3326 fieri
2176 3263 2535 3327 consimilia
2585 3263 2844 3349 publica
2894 3264 3342 3345 instrumenta,
3378 3264 3604 3349 suique
3652 3263 3850 3349 sigilli
3897 3264 4248 3327 munimine
4294 3263 4606 3346 roborari,
4639 3284 4784 3349 pre·

1136 3370 1426 3435 sentibus
1488 3370 1968 3434 venerabilibus
2031 3392 2107 3434 ac
2170 3371 2493 3434 nobilibus
2542 3370 2697 3434 viris
2748 3370 3046 3456 Guigonc
3096 3371 3175 3435 de
3226 3370 3476 3435 Godeto
3531 3370 3861 3435 licentiato
3918 3371 3983 3434 in
4030 3371 4284 3456 legibus
4340 3391 4416 3434 ae
4477 3371 4785 3435 canonico

1136 3478 1506 3560 vivariensi,
1540 3478 1789 3543 «Iacobo
1839 3478 2292 3561 Cambafortis,
2344 3487 2591 3542 rectore
2640 3479 2909 3542 ecclesie
2957 3479 3197 3543 Montis
3244 3478 3586 3559 Allianuti,
3636 3479 3976 3543 Trecensis
4024 3479 4316 3561 diocesis,
4363 3484 4428 3542 et
4472 3477 4782 3543 Marcello

1136 3585 1460 3671 Neyronis
1508 3586 1866 3671 presbitero
1915 3585 2352 3649 avinionensis
2400 3585 2693 3669 diocesis,
2743 3586 3015 3650 testibus
3064 3586 3147 3649 ad
3193 3586 3508 3671 premissa
3553 3586 3798 3650 vocatis
3847 3586 4214 3672 specialiter
4258 3593 4324 3649 et
4368 3585 4632 3670 rogatis.

1317 3692 1426 3777 [L.
1461 3693 1505 3773 †
1543 3692 1636 3776 S.]
1684 3693 1769 3756 Et
1815 3714 1937 3777 ego
1987 3692 2361 3757 Grimaldus
2409 3693 2737 3779 quondam
2783 3692 3038 3758 Nicolai
3086 3694 3164 3757 de
3211 3694 3642 3776 Pontecurvo,
3676 3693 3971 3779 publicus
4012 3693 4368 3779 apostolica
4401 3693 4782 3756 auctoritate

1138 3800 1447 3880 notarius,
1485 3800 1781 3864 omnibus
1829 3807 1893 3863 et
1941 3800 2214 3886 singulis
2248 3799 2634 3886 supradictis
2668 3820 2797 3863 una
2831 3822 2976 3863 cum
3009 3800 3196 3864 dictis
3229 3801 3487 3864 domino
3520 3800 3744 3864 nuntio
3778 3806 3843 3864 et
3874 3800 4167 3883 testibus,
4201 3820 4466 3887 presens
4500 3798 4782 3881 interfui,

1136 3929 1343 3993 eaque
1390 3908 1469 3972 de
1520 3908 1825 3973 mandato
1873 3908 2190 3994 presentis
2252 3908 2493 3972 domini
2543 3908 2751 3992 nuntij
2805 3908 2868 3971 in
2918 3909 3085 3972 hanc
3132 3908 3459 3994 publicam
3507 3908 3781 3974 formam
3827 3908 4049 3993 redegi
4096 3916 4159 3972 et
4206 3907 4461 3994 scripsi,
4510 3928 4780 3993 meoque

1137 4015 1324 4100 signo
1371 4023 1678 4080 consueto
1728 4016 2004 4100 signavi,
2054 4024 2341 4100 rogatus.

2863 4336 3069 4400 LXV.

2642 4551 2837 4634 1339,
2886 4554 2974 4614 27
3018 4554 3288 4637 anqustI.

1683 4767 1787 4830 Ex
1835 4767 2060 4830 eodem
2110 4774 2283 4830 tomo
2337 4766 2573 4830 Codicis
2619 4766 2869 4850 diplom.
2920 4764 3172 4846 bonon„
3223 4786 3394 4828 num.
3443 4764 3857 4847 LXXXIV„
3909 4786 3961 4828 c.
4018 4767 4140 4827 155
4190 4786 4240 4827 r.

1310 4982 1704 5046 Benedictus
1752 4981 2123 5067 episcopus,
2173 5001 2397 5043 servus
2446 5000 2781 5044 servorum
2827 4978 2987 5060 Dei,
3038 4977 3516 5041 venerabilibus
3563 4977 3869 5041 fratribus
3918 4976 4321 5062 aquilegensi
4367 4984 4432 5040 et
4478 4976 4778 5061 gradensi

1132 5089 1555 5172 Patriarchis,
1604 5110 1958 5174 eorumque
2007 5087 2459 5173 suffraganeis,
2508 5088 2786 5150 salutem
2834 5092 2899 5150 et
2945 5084 3367 5172 apostolicam
3414 5084 3943 5149 benedictionem.

1315 5198 1505 5282 Cogit
1555 5218 1670 5261 nos
1714 5197 1965 5281 justitie
2014 5196 2325 5276 debitum,
2359 5204 2424 5259 et
2470 5194 2758 5280 nequitia
2806 5194 3155 5280 plurimum
3201 5191 3580 5256 detestanda
3628 5192 3951 5273 sollicitat,
3984 5198 4056 5254 ut
4103 5191 4415 5254 adversus
4456 5212 4588 5272 eos,
4623 5212 4784 5275 quos

1137 5305 1488 5390 apostolice
1540 5303 1725 5368 Sedis
1774 5303 2142 5388 benignitas
2191 5303 2508 5366 alienatos
2556 5302 2639 5365 ab
2689 5303 2832 5385 ejus
2879 5301 3186 5365 uberibus
3232 5299 3550 5363 redituros
3597 5299 3680 5362 ad
3742 5300 3883 5383 ejus
3947 5298 4227 5384 gratiam
4283 5297 4523 5361 diutius
4586 5317 4782 5383 expe-

1135 5413 1372 5494 ctavit,
1423 5411 1774 5475 secundum
1824 5411 2129 5473 duritiam
2178 5417 2396 5473 autem
2443 5431 2629 5472 suam
2676 5416 2740 5472 et
2789 5408 3173 5494 impenitens
3222 5429 3331 5471 cor
3378 5389 3887 5470 thesaurizantes
3934 5405 4058 5469 sibi
4105 5406 4265 5468 iram
4313 5405 4378 5468 in
4428 5404 4531 5468 die
4577 5404 4671 5467 ire
4720 5413 4783 5467 et

1136 5519 1550 5583 revelationis
1603 5519 1766 5603 justi
1806 5517 2036 5601 judicij
2100 5538 2439 5581 censuram
2499 5538 2765 5580 exerere
2833 5515 3187 5602 apostolice
3251 5514 3608 5600 discipline.
3659 5512 3968 5587 Quamvis
4034 5512 4350 5598 siquidem
4410 5511 4652 5576 dudum
4716 5511 4782 5574 in

1131 5626 1283 5710 alijs
1332 5626 1739 5711 processibus
1788 5646 1903 5712 per
1951 5646 2067 5688 nos
2113 5623 2351 5687 habitis
2399 5631 2650 5688 atroces
2706 5644 3011 5687 excessus
3075 5622 3383 5685 adversus
3449 5621 3661 5685 Deum
3720 5627 3784 5683 et
3849 5640 4186 5685 romanam
4245 5618 4606 5683 Ecclesiam
4670 5640 4785 5704 per

1134 5733 1445 5818 populum
1492 5740 1557 5797 et
1605 5732 2134 5796 communitatem
2182 5731 2463 5795 civitatis
2509 5730 2962 5812 bononiensia,
3012 5730 3066 5793 si
3114 5729 3343 5793 civitas
3389 5728 3623 5792 debeat
3685 5726 4081 5812 nuncupari,
4131 5725 4214 5790 ad
4260 5726 4523 5812 plenum
4564 5726 4672 5810 jus
4721 5731 4785 5788 et

1134 5840 1599 5926 proprietatem
1646 5839 1937 5924 ejusdem
1986 5860 2251 5902 romane
2298 5837 2590 5904 Ecclesie
2640 5838 3021 5924 pertinentis
3068 5837 3390 5922 flagitiosa
3436 5835 3706 5899 audacia
3740 5834 3803 5897 in
3837 5855 4114 5919 persona
4145 5832 4533 5897 venerabilis
4565 5831 4784 5896 fratris

1132 5948 1335 6012 nostri
1380 5948 1749 6029 Bertrandi,
1785 5947 2071 6032 episcopi
2120 5945 2436 6027 ostiensis,
2471 5952 2624 6009 tunc
2673 5945 2737 6008 in
2788 5946 3078 6031 partibus
3126 5945 3253 6008 illis
3301 5942 3652 6030 apostolice
3703 5941 3886 6006 Sedis
3918 5941 4155 6026 Legati
4189 5940 4538 6027 prophanis
4570 5947 4636 6003 et
4676 5940 4785 6003 de·

1134 6056 1544 6121 testabilibus
1592 6054 1858 6119 ausibus
1906 6062 2346 6141 perpetratos,
2397 6075 2475 6117 ne
2525 6053 2780 6118 celestis
2827 6054 3001 6138 regis
3049 6052 3541 6134 contumeliam,
3591 6051 3700 6136 qui
3747 6050 3879 6113 suis
3926 6050 4301 6131 honoratur,
4350 6054 4415 6112 et
4462 6048 4786 6134 spernitur

1131 6164 1198 6227 in
1246 6163 1556 6228 ministris
1603 6170 1669 6227 et
1716 6161 2010 6246 ejusdem
2069 6161 2382 6243 Ecclesie,
2431 6181 2666 6247 sponse
2718 6183 2853 6243 sue,
2902 6159 3398 6224 dissimulationi
3457 6159 3854 6243 relinquere,
3903 6177 3980 6220 ac
4042 6155 4390 6220 christiane
4454 6154 4787 6240 religionis

1133 6272 1527 6359 obroprium,
1570 6270 1726 6335 dum
1773 6269 2014 6335 Christi
2061 6268 2327 6334 Domini
2373 6268 2702 6350 sublimeS,
2752 6268 3053 6332 videlicet
3099 6267 3390 6331 Ecclesie
3437 6264 3686 6352 prefate
3734 6264 4051 6346 columne,
4094 6262 4329 6326 fratres
4363 6261 4566 6327 nostri
4596 6283 4787 6326 vene-

1132 6379 1391 6462 rabiles,
1427 6378 1721 6465 ejusdem
1765 6384 1989 6441 sancte
2036 6397 2302 6441 romane
2347 6375 2642 6441 Ecclesie
2692 6375 3093 6457 Cardinales,
3136 6395 3296 6461 quos
3343 6373 3426 6437 ad
3472 6373 3970 6437 christianorum
4010 6370 4295 6435 omnium
4340 6369 4600 6434 salubre
4636 6390 4784 6434 con-

1129 6486 1348 6550 silium
1392 6485 1749 6573 apostolica
1800 6484 2003 6549 Sedes
2052 6483 2345 6566 assumit,
2381 6482 2733 6547 crudeliter
2782 6482 3198 6568 impetuntur,
3234 6480 3388 6544 dare
3436 6478 3830 6565 negligentie
3877 6476 4262 6560 videremur,
4295 6499 4425 6542 non
4455 6482 4786 6562 tamquam
