<?xml version="1.0" encoding="UTF-8"?>
<!DOCTYPE html PUBLIC "-//W3C//DTD XHTML 1.0 Transitional//EN"
    "http://www.w3.org/TR/xhtml1/DTD/xhtml1-transitional.dtd">
<html xmlns="http://www.w3.org/1999/xhtml" xml:lang="en" lang="en">
 <head>
  <title>
</title>
<meta http-equiv="Content-Type" content="text/html;charset=utf-8" />
  <meta name='ocr-system' content='tesseract 3.04.00' />
  <meta name='ocr-capabilities' content='ocr_page ocr_carea ocr_par ocr_line ocrx_word'/>
</head>
<body>
  <div class='ocr_page' id='page_1' title='image "./declarisarchigy00malagoog_0248.png"; bbox 0 0 5542 7775; ppageno 0'>
   <div class='ocr_carea' id='block_1_1' title="bbox 1330 667 4289 742">
    <p class='ocr_par' dir='ltr' id='par_1_1' title="bbox 1330 667 4289 742">
     <span class='ocr_line' id='line_1_1' title="bbox 1330 667 4289 742; baseline -0.001 -1"><span class='ocrx_word' id='word_1_1' title='bbox 1330 690 1786 741; x_wconf 77' lang='lat' dir='ltr'>SPECTANTIA</span> <span class='ocrx_word' id='word_1_2' title='bbox 1829 691 1932 742; x_wconf 77' lang='lat' dir='ltr'>An</span> <span class='ocrx_word' id='word_1_3' title='bbox 1972 690 2304 740; x_wconf 73' lang='lat' dir='ltr'>anssnM</span> <span class='ocrx_word' id='word_1_4' title='bbox 2341 688 3074 740; x_wconf 67' lang='lat' dir='ltr'>Ancmnucononum</span> <span class='ocrx_word' id='word_1_5' title='bbox 3110 689 3317 739; x_wconf 73' lang='lat' dir='ltr'>neon.</span> <span class='ocrx_word' id='word_1_6' title='bbox 3359 688 3632 738; x_wconf 67' lang='lat' dir='ltr'>nonen.</span> <span class='ocrx_word' id='word_1_7' title='bbox 4143 667 4289 737; x_wconf 80' lang='lat'>261</span> 
     </span>
    </p>
   </div>
   <div class='ocr_carea' id='block_1_2' title="bbox 1954 1074 3032 1586">
    <p class='ocr_par' dir='ltr' id='par_1_2' title="bbox 1954 1074 3032 1586">
     <span class='ocr_line' id='line_1_2' title="bbox 2390 1074 2578 1139; baseline -0.005 0"><span class='ocrx_word' id='word_1_8' title='bbox 2390 1074 2578 1139; x_wconf 87' lang='lat' dir='ltr'>XIX.</span> 
     </span>
     <span class='ocr_line' id='line_1_3' title="bbox 2177 1289 2788 1373; baseline 0.002 -21"><span class='ocrx_word' id='word_1_9' title='bbox 2177 1289 2371 1373; x_wconf 80' lang='lat'>1221,</span> <span class='ocrx_word' id='word_1_10' title='bbox 2423 1289 2506 1371; x_wconf 82' lang='lat'>16</span> <span class='ocrx_word' id='word_1_11' title='bbox 2550 1290 2788 1373; x_wconf 76' lang='lat' dir='ltr'>aprilis·</span> 
     </span>
     <span class='ocr_line' id='line_1_4' title="bbox 1954 1501 3032 1586; baseline -0.001 -18"><span class='ocrx_word' id='word_1_12' title='bbox 1954 1503 2062 1568; x_wconf 80' lang='lat' dir='ltr'>Ex</span> <span class='ocrx_word' id='word_1_13' title='bbox 2108 1504 2332 1568; x_wconf 89' lang='lat' dir='ltr'>eodem</span> <span class='ocrx_word' id='word_1_14' title='bbox 2380 1510 2574 1586; x_wconf 90' lang='grc'>101110,</span> <span class='ocrx_word' id='word_1_15' title='bbox 2623 1525 2797 1568; x_wconf 86' lang='grc'>1111111.</span> <span class='ocrx_word' id='word_1_16' title='bbox 2844 1501 3032 1568; x_wconf 89' lang='lat' dir='ltr'><strong>LIII.</strong></span> 
     </span>
    </p>
   </div>
   <div class='ocr_carea' id='block_1_3' title="bbox 662 1712 4313 6415">
    <p class='ocr_par' dir='ltr' id='par_1_3' title="bbox 844 1712 4301 1803">
     <span class='ocr_line' id='line_1_5' title="bbox 844 1712 4301 1803; baseline -0.001 -19"><span class='ocrx_word' id='word_1_17' title='bbox 844 1718 1175 1784; x_wconf 90' lang='lat' dir='ltr'>Honorius</span> <span class='ocrx_word' id='word_1_18' title='bbox 1222 1712 1449 1782; x_wconf 85' lang='lat' dir='ltr'><strong>III.(1)</strong></span> <span class='ocrx_word' id='word_1_19' title='bbox 1481 1717 1793 1803; x_wconf 89' lang='lat' dir='ltr'>magistro</span> <span class='ocrx_word' id='word_1_20' title='bbox 1863 1716 2088 1782; x_wconf 86' lang='lat' dir='ltr'>Gratie</span> <span class='ocrx_word' id='word_1_21' title='bbox 2138 1716 2476 1803; x_wconf 88' lang='lat' dir='ltr'>capellano</span> <span class='ocrx_word' id='word_1_22' title='bbox 2523 1724 2778 1800; x_wconf 89' lang='lat' dir='ltr'>nostro,</span> <span class='ocrx_word' id='word_1_23' title='bbox 2827 1716 3389 1803; x_wconf 82' lang='lat' dir='ltr'>Archipresbitero</span> <span class='ocrx_word' id='word_1_24' title='bbox 3436 1723 3501 1780; x_wconf 88' lang='lat' dir='ltr'>et</span> <span class='ocrx_word' id='word_1_25' title='bbox 3548 1714 3847 1802; x_wconf 90' lang='lat' dir='ltr'>Capitulo</span> <span class='ocrx_word' id='word_1_26' title='bbox 3903 1715 4301 1780; x_wconf 82' lang='lat' dir='ltr'><strong>bononiensi.</strong></span> 
     </span>
    </p>

    <p class='ocr_par' dir='ltr' id='par_1_4' title="bbox 665 1823 4302 2769">
     <span class='ocr_line' id='line_1_6' title="bbox 846 1823 4300 1912; baseline -0.001 -21"><span class='ocrx_word' id='word_1_27' title='bbox 846 1826 967 1909; x_wconf 91' lang='lat' dir='ltr'>Ea,</span> <span class='ocrx_word' id='word_1_28' title='bbox 1002 1847 1125 1912; x_wconf 89' lang='lat' dir='ltr'>que</span> <span class='ocrx_word' id='word_1_29' title='bbox 1173 1824 1441 1912; x_wconf 82' lang='lat' dir='ltr'>provide</span> <span class='ocrx_word' id='word_1_30' title='bbox 1487 1846 1604 1911; x_wconf 88' lang='lat' dir='ltr'>per</span> <span class='ocrx_word' id='word_1_31' title='bbox 1647 1826 2067 1889; x_wconf 88' lang='lat' dir='ltr'>ecclesiarum</span> <span class='ocrx_word' id='word_1_32' title='bbox 2099 1825 2384 1910; x_wconf 86' lang='lat' dir='ltr'>prelatos</span> <span class='ocrx_word' id='word_1_33' title='bbox 2420 1831 2722 1909; x_wconf 88' lang='lat' dir='ltr'>aguntur,</span> <span class='ocrx_word' id='word_1_34' title='bbox 2758 1846 2838 1887; x_wconf 93' lang='lat' dir='ltr'>ne</span> <span class='ocrx_word' id='word_1_35' title='bbox 2872 1824 3235 1910; x_wconf 90' lang='lat' dir='ltr'>aliquorum</span> <span class='ocrx_word' id='word_1_36' title='bbox 3268 1824 3515 1887; x_wconf 88' lang='lat' dir='ltr'>malitia</span> <span class='ocrx_word' id='word_1_37' title='bbox 3548 1830 3789 1888; x_wconf 90' lang='lat' dir='ltr'>temere</span> <span class='ocrx_word' id='word_1_38' title='bbox 3820 1823 4300 1909; x_wconf 84' lang='lat' dir='ltr'>impugnentur,</span> 
     </span>
     <span class='ocr_line' id='line_1_7' title="bbox 668 1930 4302 2020; baseline -0.001 -21"><span class='ocrx_word' id='word_1_39' title='bbox 668 1934 933 2020; x_wconf 84' lang='lat' dir='ltr'>expedit</span> <span class='ocrx_word' id='word_1_40' title='bbox 977 1932 1331 2020; x_wconf 87' lang='lat' dir='ltr'>apostolico</span> <span class='ocrx_word' id='word_1_41' title='bbox 1378 1933 1728 1997; x_wconf 80' lang='lat' dir='ltr'>munimine</span> <span class='ocrx_word' id='word_1_42' title='bbox 1778 1932 2091 1998; x_wconf 83' lang='lat' dir='ltr'>roborari.</span> <span class='ocrx_word' id='word_1_43' title='bbox 2139 1931 2240 1995; x_wconf 88' lang='lat' dir='ltr'>Ea</span> <span class='ocrx_word' id='word_1_44' title='bbox 2287 1939 2572 2018; x_wconf 89' lang='lat' dir='ltr'>propter,</span> <span class='ocrx_word' id='word_1_45' title='bbox 2607 1931 2826 1996; x_wconf 88' lang='lat' dir='ltr'>dilecti</span> <span class='ocrx_word' id='word_1_46' title='bbox 2857 1932 2922 1995; x_wconf 92' lang='lat' dir='ltr'>in</span> <span class='ocrx_word' id='word_1_47' title='bbox 2957 1932 3235 1995; x_wconf 91' lang='lat' dir='ltr'>Domino</span> <span class='ocrx_word' id='word_1_48' title='bbox 3283 1930 3422 2016; x_wconf 87' lang='lat' dir='ltr'>filij,</span> <span class='ocrx_word' id='word_1_49' title='bbox 3462 1931 3693 1995; x_wconf 89' lang='lat' dir='ltr'>vestris</span> <span class='ocrx_word' id='word_1_50' title='bbox 3726 1931 4302 2017; x_wconf 80' lang='lat' dir='ltr'>supplicationibus</span> 
     </span>
     <span class='ocr_line' id='line_1_8' title="bbox 665 2037 4301 2122; baseline -0.001 -16"><span class='ocrx_word' id='word_1_51' title='bbox 665 2041 957 2106; x_wconf 89' lang='lat' dir='ltr'>inclinati</span> <span class='ocrx_word' id='word_1_52' title='bbox 1019 2039 1434 2105; x_wconf 79' lang='lat' dir='ltr'>donationem</span> <span class='ocrx_word' id='word_1_53' title='bbox 1496 2039 1577 2104; x_wconf 88' lang='lat' dir='ltr'>de</span> <span class='ocrx_word' id='word_1_54' title='bbox 1639 2040 1937 2122; x_wconf 79' lang='lat' dir='ltr'>decimiS,</span> <span class='ocrx_word' id='word_1_55' title='bbox 1986 2047 2051 2103; x_wconf 90' lang='lat' dir='ltr'>et</span> <span class='ocrx_word' id='word_1_56' title='bbox 2096 2038 2176 2103; x_wconf 88' lang='lat' dir='ltr'>de</span> <span class='ocrx_word' id='word_1_57' title='bbox 2224 2039 2498 2104; x_wconf 90' lang='lat' dir='ltr'>ecclesia</span> <span class='ocrx_word' id='word_1_58' title='bbox 2546 2046 2767 2103; x_wconf 89' lang='lat' dir='ltr'>sancte</span> <span class='ocrx_word' id='word_1_59' title='bbox 2815 2038 3022 2103; x_wconf 84' lang='lat' dir='ltr'>Marie</span> <span class='ocrx_word' id='word_1_60' title='bbox 3083 2045 3148 2103; x_wconf 88' lang='lat' dir='ltr'>et</span> <span class='ocrx_word' id='word_1_61' title='bbox 3210 2037 3289 2101; x_wconf 91' lang='lat' dir='ltr'>de</span> <span class='ocrx_word' id='word_1_62' title='bbox 3336 2045 3546 2102; x_wconf 91' lang='lat' dir='ltr'>castro</span> <span class='ocrx_word' id='word_1_63' title='bbox 3611 2039 3817 2103; x_wconf 88' lang='lat' dir='ltr'>sancti</span> <span class='ocrx_word' id='word_1_64' title='bbox 3870 2038 4049 2102; x_wconf 90' lang='lat' dir='ltr'>Petri</span> <span class='ocrx_word' id='word_1_65' title='bbox 4112 2045 4176 2102; x_wconf 88' lang='lat' dir='ltr'>et</span> <span class='ocrx_word' id='word_1_66' title='bbox 4222 2038 4301 2103; x_wconf 91' lang='lat' dir='ltr'>de</span> 
     </span>
     <span class='ocr_line' id='line_1_9' title="bbox 666 2144 4301 2232; baseline -0.001 -19"><span class='ocrx_word' id='word_1_67' title='bbox 666 2169 863 2213; x_wconf 88' lang='lat' dir='ltr'>censu</span> <span class='ocrx_word' id='word_1_68' title='bbox 911 2149 993 2213; x_wconf 92' lang='lat' dir='ltr'>ab</span> <span class='ocrx_word' id='word_1_69' title='bbox 1041 2148 1315 2213; x_wconf 88' lang='lat' dir='ltr'>ecclesia</span> <span class='ocrx_word' id='word_1_70' title='bbox 1361 2147 1569 2212; x_wconf 89' lang='lat' dir='ltr'>sancti</span> <span class='ocrx_word' id='word_1_71' title='bbox 1610 2146 1880 2232; x_wconf 88' lang='lat' dir='ltr'>Antonij</span> <span class='ocrx_word' id='word_1_72' title='bbox 1930 2147 2168 2228; x_wconf 88' lang='lat' dir='ltr'>debito,</span> <span class='ocrx_word' id='word_1_73' title='bbox 2202 2168 2320 2211; x_wconf 88' lang='lat' dir='ltr'>nec</span> <span class='ocrx_word' id='word_1_74' title='bbox 2367 2168 2495 2211; x_wconf 90' lang='lat' dir='ltr'>non</span> <span class='ocrx_word' id='word_1_75' title='bbox 2538 2145 2618 2211; x_wconf 90' lang='lat' dir='ltr'>de</span> <span class='ocrx_word' id='word_1_76' title='bbox 2650 2144 2850 2210; x_wconf 87' lang='lat' dir='ltr'>fundo</span> <span class='ocrx_word' id='word_1_77' title='bbox 2884 2145 3163 2231; x_wconf 90' lang='lat' dir='ltr'>quodam</span> <span class='ocrx_word' id='word_1_78' title='bbox 3211 2146 3337 2231; x_wconf 84' lang='lat' dir='ltr'>qui·</span> <span class='ocrx_word' id='word_1_79' title='bbox 3363 2144 3596 2209; x_wconf 90' lang='lat' dir='ltr'>dicitur</span> <span class='ocrx_word' id='word_1_80' title='bbox 3630 2145 4031 2230; x_wconf 81' lang='lat' dir='ltr'>Sanguineta</span> <span class='ocrx_word' id='word_1_81' title='bbox 4063 2166 4101 2209; x_wconf 89' lang='lat' dir='ltr'>a</span> <span class='ocrx_word' id='word_1_82' title='bbox 4134 2145 4301 2211; x_wconf 90' lang='lat' dir='ltr'>bone</span> 
     </span>
     <span class='ocr_line' id='line_1_10' title="bbox 665 2252 4300 2341; baseline -0.001 -22"><span class='ocrx_word' id='word_1_83' title='bbox 665 2256 972 2320; x_wconf 89' lang='lat' dir='ltr'>memorie</span> <span class='ocrx_word' id='word_1_84' title='bbox 1022 2253 1365 2338; x_wconf 86' lang='lat' dir='ltr'>G[erardo]</span> <span class='ocrx_word' id='word_1_85' title='bbox 1411 2254 1792 2319; x_wconf 83' lang='lat' dir='ltr'>bononiensi</span> <span class='ocrx_word' id='word_1_86' title='bbox 1852 2254 2176 2341; x_wconf 81' lang='lat' dir='ltr'>Episcopo</span> <span class='ocrx_word' id='word_1_87' title='bbox 2239 2254 2423 2318; x_wconf 86' lang='lat' dir='ltr'>vobis</span> <span class='ocrx_word' id='word_1_88' title='bbox 2477 2254 2754 2337; x_wconf 85' lang='lat' dir='ltr'>factam,</span> <span class='ocrx_word' id='word_1_89' title='bbox 2804 2254 2969 2317; x_wconf 88' lang='lat' dir='ltr'>sicut</span> <span class='ocrx_word' id='word_1_90' title='bbox 3015 2261 3113 2317; x_wconf 90' lang='lat' dir='ltr'>est</span> <span class='ocrx_word' id='word_1_91' title='bbox 3159 2252 3426 2339; x_wconf 83' lang='lat' dir='ltr'>provide</span> <span class='ocrx_word' id='word_1_92' title='bbox 3474 2252 3800 2318; x_wconf 89' lang='lat' dir='ltr'>celebrata</span> <span class='ocrx_word' id='word_1_93' title='bbox 3858 2261 3922 2316; x_wconf 89' lang='lat' dir='ltr'>et</span> <span class='ocrx_word' id='word_1_94' title='bbox 3984 2253 4047 2316; x_wconf 92' lang='lat' dir='ltr'>in</span> <span class='ocrx_word' id='word_1_95' title='bbox 4111 2253 4300 2318; x_wconf 88' lang='lat' dir='ltr'>istru-</span> 
     </span>
     <span class='ocr_line' id='line_1_11' title="bbox 665 2360 4300 2449; baseline -0.001 -22"><span class='ocrx_word' id='word_1_96' title='bbox 665 2369 880 2427; x_wconf 89' lang='lat' dir='ltr'>mento</span> <span class='ocrx_word' id='word_1_97' title='bbox 929 2362 1187 2449; x_wconf 89' lang='lat' dir='ltr'>publico</span> <span class='ocrx_word' id='word_1_98' title='bbox 1235 2361 1383 2425; x_wconf 89' lang='lat' dir='ltr'>inde</span> <span class='ocrx_word' id='word_1_99' title='bbox 1432 2362 1723 2426; x_wconf 84' lang='lat' dir='ltr'>confecto</span> <span class='ocrx_word' id='word_1_100' title='bbox 1771 2362 2026 2448; x_wconf 86' lang='lat' dir='ltr'>plenius</span> <span class='ocrx_word' id='word_1_101' title='bbox 2073 2362 2455 2445; x_wconf 78' lang='lat' dir='ltr'>continetur,</span> <span class='ocrx_word' id='word_1_102' title='bbox 2489 2360 2674 2425; x_wconf 89' lang='lat' dir='ltr'>vobis</span> <span class='ocrx_word' id='word_1_103' title='bbox 2716 2362 3099 2426; x_wconf 87' lang='lat' dir='ltr'>auctoritate</span> <span class='ocrx_word' id='word_1_104' title='bbox 3148 2361 3503 2446; x_wconf 86' lang='lat' dir='ltr'>apostolica</span> <span class='ocrx_word' id='word_1_105' title='bbox 3550 2361 4000 2425; x_wconf 86' lang='lat' dir='ltr'>confirmamus</span> <span class='ocrx_word' id='word_1_106' title='bbox 4048 2366 4112 2425; x_wconf 90' lang='lat' dir='ltr'>et</span> <span class='ocrx_word' id='word_1_107' title='bbox 4155 2382 4300 2448; x_wconf 88' lang='lat' dir='ltr'>pre-</span> 
     </span>
     <span class='ocr_line' id='line_1_12' title="bbox 666 2467 4301 2556; baseline -0 -23"><span class='ocrx_word' id='word_1_108' title='bbox 666 2470 867 2534; x_wconf 89' lang='lat' dir='ltr'>sentis</span> <span class='ocrx_word' id='word_1_109' title='bbox 914 2469 1136 2556; x_wconf 87' lang='lat' dir='ltr'>scripti</span> <span class='ocrx_word' id='word_1_110' title='bbox 1182 2469 1543 2555; x_wconf 88' lang='lat' dir='ltr'>patrocinio</span> <span class='ocrx_word' id='word_1_111' title='bbox 1592 2468 2100 2551; x_wconf 89' lang='lat' dir='ltr'>communimus,</span> <span class='ocrx_word' id='word_1_112' title='bbox 2149 2468 2566 2532; x_wconf 90' lang='lat' dir='ltr'>ecclesiarum</span> <span class='ocrx_word' id='word_1_113' title='bbox 2630 2467 3167 2553; x_wconf 83' lang='lat' dir='ltr'>parroechialium</span> <span class='ocrx_word' id='word_1_114' title='bbox 3227 2468 3374 2552; x_wconf 88' lang='lat' dir='ltr'>jure</span> <span class='ocrx_word' id='word_1_115' title='bbox 3437 2467 3617 2532; x_wconf 91' lang='lat' dir='ltr'>salvo</span> <span class='ocrx_word' id='word_1_116' title='bbox 3679 2467 3849 2532; x_wconf 88' lang='lat' dir='ltr'>circa</span> <span class='ocrx_word' id='word_1_117' title='bbox 3895 2467 4175 2532; x_wconf 89' lang='lat' dir='ltr'>decimas</span> <span class='ocrx_word' id='word_1_118' title='bbox 4222 2467 4301 2532; x_wconf 90' lang='lat' dir='ltr'>de</span> 
     </span>
     <span class='ocr_line' id='line_1_13' title="bbox 665 2574 4301 2664; baseline -0.001 -22"><span class='ocrx_word' id='word_1_119' title='bbox 665 2576 1088 2664; x_wconf 85' lang='lat' dir='ltr'>possessionis</span> <span class='ocrx_word' id='word_1_120' title='bbox 1135 2575 1563 2661; x_wconf 80' lang='lat' dir='ltr'>acquirendis.</span> <span class='ocrx_word' id='word_1_121' title='bbox 1612 2575 1718 2638; x_wconf 90' lang='lat' dir='ltr'>Ad</span> <span class='ocrx_word' id='word_1_122' title='bbox 1767 2576 2080 2660; x_wconf 88' lang='lat' dir='ltr'>majorem</span> <span class='ocrx_word' id='word_1_123' title='bbox 2128 2584 2345 2639; x_wconf 89' lang='lat' dir='ltr'>autem</span> <span class='ocrx_word' id='word_1_124' title='bbox 2393 2575 2486 2639; x_wconf 89' lang='lat' dir='ltr'>rei</span> <span class='ocrx_word' id='word_1_125' title='bbox 2535 2574 2947 2655; x_wconf 89' lang='lat' dir='ltr'>evidentiam,</span> <span class='ocrx_word' id='word_1_126' title='bbox 2983 2581 3273 2639; x_wconf 90' lang='lat' dir='ltr'>tenorem</span> <span class='ocrx_word' id='word_1_127' title='bbox 3319 2575 3519 2661; x_wconf 89' lang='lat' dir='ltr'>ipsius</span> <span class='ocrx_word' id='word_1_128' title='bbox 3551 2575 3958 2638; x_wconf 83' lang='lat' dir='ltr'>instrumenti</span> <span class='ocrx_word' id='word_1_129' title='bbox 3991 2574 4070 2639; x_wconf 90' lang='lat' dir='ltr'>de</span> <span class='ocrx_word' id='word_1_130' title='bbox 4104 2575 4301 2639; x_wconf 91' lang='lat' dir='ltr'>verbo</span> 
     </span>
     <span class='ocr_line' id='line_1_14' title="bbox 666 2681 2884 2769; baseline -0.001 -21"><span class='ocrx_word' id='word_1_131' title='bbox 666 2684 748 2748; x_wconf 91' lang='lat' dir='ltr'>ad</span> <span class='ocrx_word' id='word_1_132' title='bbox 794 2684 1060 2749; x_wconf 86' lang='lat' dir='ltr'>verbum</span> <span class='ocrx_word' id='word_1_133' title='bbox 1110 2683 1519 2769; x_wconf 88' lang='lat' dir='ltr'>presentibus</span> <span class='ocrx_word' id='word_1_134' title='bbox 1567 2681 1871 2746; x_wconf 80' lang='lat' dir='ltr'>duximus</span> <span class='ocrx_word' id='word_1_135' title='bbox 1919 2682 2353 2765; x_wconf 89' lang='lat' dir='ltr'>inserendum,</span> <span class='ocrx_word' id='word_1_136' title='bbox 2403 2682 2512 2767; x_wconf 90' lang='lat' dir='ltr'>qui</span> <span class='ocrx_word' id='word_1_137' title='bbox 2559 2689 2656 2746; x_wconf 90' lang='lat' dir='ltr'>est</span> <span class='ocrx_word' id='word_1_138' title='bbox 2701 2682 2884 2745; x_wconf 84' lang='lat' dir='ltr'>talis:</span> 
     </span>
    </p>

    <p class='ocr_par' dir='ltr' id='par_1_5' title="bbox 662 2788 4313 6090">
     <span class='ocr_line' id='line_1_15' title="bbox 854 2788 4300 2875; baseline 0 -21"><span class='ocrx_word' id='word_1_139' title='bbox 854 2817 884 2847; x_wconf 71' lang='grc' dir='ltr'>«ι</span> <span class='ocrx_word' id='word_1_140' title='bbox 934 2788 1317 2873; x_wconf 83' lang='lat' dir='ltr'>G[erardus]</span> <span class='ocrx_word' id='word_1_141' title='bbox 1363 2789 1489 2853; x_wconf 91' lang='lat' dir='ltr'>Dei</span> <span class='ocrx_word' id='word_1_142' title='bbox 1529 2790 1743 2874; x_wconf 86' lang='lat' dir='ltr'>gratia</span> <span class='ocrx_word' id='word_1_143' title='bbox 1775 2788 2204 2853; x_wconf 88' lang='lat' dir='ltr'>Bononiensis</span> <span class='ocrx_word' id='word_1_144' title='bbox 2237 2788 2618 2875; x_wconf 90' lang='lat' dir='ltr'>Episcopus,</span> <span class='ocrx_word' id='word_1_145' title='bbox 2653 2789 2903 2853; x_wconf 91' lang='lat' dir='ltr'>dilectis</span> <span class='ocrx_word' id='word_1_146' title='bbox 2940 2788 3001 2851; x_wconf 91' lang='lat' dir='ltr'>in</span> <span class='ocrx_word' id='word_1_147' title='bbox 3037 2788 3291 2852; x_wconf 85' lang='lat' dir='ltr'>Christo</span> <span class='ocrx_word' id='word_1_148' title='bbox 3324 2788 3633 2852; x_wconf 90' lang='lat' dir='ltr'>fratribus</span> <span class='ocrx_word' id='word_1_149' title='bbox 3664 2788 3951 2853; x_wconf 86' lang='lat' dir='ltr'>Henrico</span> <span class='ocrx_word' id='word_1_150' title='bbox 3984 2790 4300 2854; x_wconf 89' lang='lat' dir='ltr'>archidia-</span> 
     </span>
     <span class='ocr_line' id='line_1_16' title="bbox 665 2894 4302 2982; baseline -0 -20"><span class='ocrx_word' id='word_1_151' title='bbox 665 2918 847 2980; x_wconf 90' lang='lat' dir='ltr'>cono,</span> <span class='ocrx_word' id='word_1_152' title='bbox 882 2903 946 2960; x_wconf 88' lang='lat' dir='ltr'>et</span> <span class='ocrx_word' id='word_1_153' title='bbox 978 2896 1067 2961; x_wconf 89' lang='lat' dir='ltr'>Ju</span> <span class='ocrx_word' id='word_1_154' title='bbox 1100 2945 1115 2960; x_wconf 91' lang='lat'><strong>.</strong></span> <span class='ocrx_word' id='word_1_155' title='bbox 1152 2945 1167 2959; x_wconf 90' lang='lat'><strong>.</strong></span> <span class='ocrx_word' id='word_1_156' title='bbox 1205 2945 1218 2960; x_wconf 92' lang='lat'>.</span> <span class='ocrx_word' id='word_1_157' title='bbox 1254 2945 1269 2960; x_wconf 91' lang='lat'><strong>.</strong></span> <span class='ocrx_word' id='word_1_158' title='bbox 1306 2896 1867 2982; x_wconf 84' lang='lat' dir='ltr'>archipresbiterO,</span> <span class='ocrx_word' id='word_1_159' title='bbox 1902 2903 1967 2961; x_wconf 88' lang='lat' dir='ltr'>et</span> <span class='ocrx_word' id='word_1_160' title='bbox 2013 2896 2331 2960; x_wconf 87' lang='lat' dir='ltr'>universis</span> <span class='ocrx_word' id='word_1_161' title='bbox 2364 2896 2703 2960; x_wconf 79' lang='lat' dir='ltr'>Fratribus</span> <span class='ocrx_word' id='word_1_162' title='bbox 2751 2895 3167 2959; x_wconf 87' lang='lat' dir='ltr'>bononiensis</span> <span class='ocrx_word' id='word_1_163' title='bbox 3216 2894 3498 2981; x_wconf 79' lang='lat' dir='ltr'>Capituli</span> <span class='ocrx_word' id='word_1_164' title='bbox 3535 2895 3943 2981; x_wconf 87' lang='lat' dir='ltr'>presentibus</span> <span class='ocrx_word' id='word_1_165' title='bbox 3975 2904 4040 2960; x_wconf 93' lang='lat' dir='ltr'>et</span> <span class='ocrx_word' id='word_1_166' title='bbox 4069 2896 4302 2961; x_wconf 87' lang='lat' dir='ltr'>futuris</span> 
     </span>
     <span class='ocr_line' id='line_1_17' title="bbox 664 3003 4303 3091; baseline 0 -24"><span class='ocrx_word' id='word_1_167' title='bbox 664 3004 731 3068; x_wconf 91' lang='lat' dir='ltr'>in</span> <span class='ocrx_word' id='word_1_168' title='bbox 762 3010 1167 3091; x_wconf 86' lang='lat' dir='ltr'>perpetuum.</span> <span class='ocrx_word' id='word_1_169' title='bbox 1203 3003 1365 3068; x_wconf 90' lang='lat' dir='ltr'>Cum</span> <span class='ocrx_word' id='word_1_170' title='bbox 1398 3003 1664 3089; x_wconf 89' lang='lat' dir='ltr'>speciali</span> <span class='ocrx_word' id='word_1_171' title='bbox 1696 3005 2112 3090; x_wconf 89' lang='lat' dir='ltr'>prerogativa</span> <span class='ocrx_word' id='word_1_172' title='bbox 2158 3004 2553 3068; x_wconf 86' lang='lat' dir='ltr'>bononiense</span> <span class='ocrx_word' id='word_1_173' title='bbox 2596 3003 2967 3089; x_wconf 86' lang='lat' dir='ltr'>Capitulum</span> <span class='ocrx_word' id='word_1_174' title='bbox 3015 3010 3351 3067; x_wconf 87' lang='lat' dir='ltr'>teneamur</span> <span class='ocrx_word' id='word_1_175' title='bbox 3397 3003 3688 3089; x_wconf 89' lang='lat' dir='ltr'>diligere,</span> <span class='ocrx_word' id='word_1_176' title='bbox 3722 3003 4117 3090; x_wconf 89' lang='lat' dir='ltr'>profectibus</span> <span class='ocrx_word' id='word_1_177' title='bbox 4162 3006 4303 3088; x_wconf 89' lang='lat' dir='ltr'>ejus</span> 
     </span>
     <span class='ocr_line' id='line_1_18' title="bbox 662 3110 4304 3197; baseline 0 -22"><span class='ocrx_word' id='word_1_178' title='bbox 662 3112 995 3175; x_wconf 88' lang='lat' dir='ltr'>intendere</span> <span class='ocrx_word' id='word_1_179' title='bbox 1044 3111 1339 3175; x_wconf 90' lang='lat' dir='ltr'>volumus</span> <span class='ocrx_word' id='word_1_180' title='bbox 1388 3117 1454 3174; x_wconf 91' lang='lat' dir='ltr'>et</span> <span class='ocrx_word' id='word_1_181' title='bbox 1498 3111 1762 3194; x_wconf 89' lang='lat' dir='ltr'>honori,</span> <span class='ocrx_word' id='word_1_182' title='bbox 1812 3132 1889 3174; x_wconf 91' lang='lat' dir='ltr'>ea</span> <span class='ocrx_word' id='word_1_183' title='bbox 1947 3118 2211 3197; x_wconf 88' lang='lat' dir='ltr'>propter</span> <span class='ocrx_word' id='word_1_184' title='bbox 2275 3111 2493 3174; x_wconf 89' lang='lat' dir='ltr'>dilecti</span> <span class='ocrx_word' id='word_1_185' title='bbox 2556 3111 2621 3174; x_wconf 91' lang='lat' dir='ltr'>in</span> <span class='ocrx_word' id='word_1_186' title='bbox 2687 3110 2942 3176; x_wconf 87' lang='lat' dir='ltr'>Christo</span> <span class='ocrx_word' id='word_1_187' title='bbox 3004 3111 3237 3174; x_wconf 90' lang='lat' dir='ltr'>fratres</span> <span class='ocrx_word' id='word_1_188' title='bbox 3300 3110 3624 3174; x_wconf 89' lang='lat' dir='ltr'>Henricus</span> <span class='ocrx_word' id='word_1_189' title='bbox 3691 3110 4180 3175; x_wconf 90' lang='lat' dir='ltr'>archidiaconus</span> <span class='ocrx_word' id='word_1_190' title='bbox 4240 3121 4304 3176; x_wconf 91' lang='lat' dir='ltr'>et</span> 
     </span>
     <span class='ocr_line' id='line_1_19' title="bbox 666 3216 4304 3305; baseline 0 -24"><span class='ocrx_word' id='word_1_191' title='bbox 666 3217 752 3282; x_wconf 89' lang='lat' dir='ltr'>Ju</span> <span class='ocrx_word' id='word_1_192' title='bbox 782 3267 795 3281; x_wconf 92' lang='lat'><em>.</em></span> <span class='ocrx_word' id='word_1_193' title='bbox 827 3266 840 3281; x_wconf 92' lang='lat'>.</span> <span class='ocrx_word' id='word_1_194' title='bbox 869 3265 884 3280; x_wconf 88' lang='lat'><strong>.</strong></span> <span class='ocrx_word' id='word_1_195' title='bbox 914 3265 929 3280; x_wconf 88' lang='lat'><strong>.</strong></span> <span class='ocrx_word' id='word_1_196' title='bbox 980 3217 1482 3305; x_wconf 88' lang='lat' dir='ltr'>archipresbiter</span> <span class='ocrx_word' id='word_1_197' title='bbox 1527 3224 1591 3280; x_wconf 88' lang='lat' dir='ltr'>et</span> <span class='ocrx_word' id='word_1_198' title='bbox 1637 3217 1923 3280; x_wconf 87' lang='lat' dir='ltr'>universi</span> <span class='ocrx_word' id='word_1_199' title='bbox 1970 3217 2262 3301; x_wconf 86' lang='lat' dir='ltr'>ejusdem</span> <span class='ocrx_word' id='word_1_200' title='bbox 2312 3216 2596 3302; x_wconf 88' lang='lat' dir='ltr'>Capituli</span> <span class='ocrx_word' id='word_1_201' title='bbox 2641 3216 2912 3299; x_wconf 86' lang='lat' dir='ltr'>fratres,</span> <span class='ocrx_word' id='word_1_202' title='bbox 2962 3217 3261 3302; x_wconf 89' lang='lat' dir='ltr'>precibus</span> <span class='ocrx_word' id='word_1_203' title='bbox 3322 3217 3552 3280; x_wconf 91' lang='lat' dir='ltr'>vestris</span> <span class='ocrx_word' id='word_1_204' title='bbox 3617 3222 3803 3301; x_wconf 88' lang='lat' dir='ltr'>grato</span> <span class='ocrx_word' id='word_1_205' title='bbox 3852 3226 4304 3282; x_wconf 87' lang='lat' dir='ltr'>concurrentes</span> 
     </span>
     <span class='ocr_line' id='line_1_20' title="bbox 668 3323 4308 3410; baseline 0.001 -23"><span class='ocrx_word' id='word_1_206' title='bbox 668 3345 956 3406; x_wconf 90' lang='lat' dir='ltr'>assensu,</span> <span class='ocrx_word' id='word_1_207' title='bbox 992 3324 1218 3387; x_wconf 88' lang='lat' dir='ltr'>damus</span> <span class='ocrx_word' id='word_1_208' title='bbox 1267 3330 1330 3387; x_wconf 90' lang='lat' dir='ltr'>et</span> <span class='ocrx_word' id='word_1_209' title='bbox 1378 3323 1785 3387; x_wconf 87' lang='lat' dir='ltr'>concedimus</span> <span class='ocrx_word' id='word_1_210' title='bbox 1834 3329 1897 3387; x_wconf 89' lang='lat' dir='ltr'>et</span> <span class='ocrx_word' id='word_1_211' title='bbox 1943 3324 2260 3409; x_wconf 88' lang='lat' dir='ltr'>presentis</span> <span class='ocrx_word' id='word_1_212' title='bbox 2309 3324 2530 3410; x_wconf 84' lang='lat' dir='ltr'>scripti</span> <span class='ocrx_word' id='word_1_213' title='bbox 2566 3324 2807 3409; x_wconf 86' lang='lat' dir='ltr'>pagina</span> <span class='ocrx_word' id='word_1_214' title='bbox 2839 3324 3312 3406; x_wconf 87' lang='lat' dir='ltr'>confirmamus,</span> <span class='ocrx_word' id='word_1_215' title='bbox 3346 3323 3803 3409; x_wconf 88' lang='lat' dir='ltr'>recipientibus</span> <span class='ocrx_word' id='word_1_216' title='bbox 3834 3324 4018 3388; x_wconf 89' lang='lat' dir='ltr'>vobis</span> <span class='ocrx_word' id='word_1_217' title='bbox 4050 3325 4308 3389; x_wconf 89' lang='lat' dir='ltr'>nomine</span> 
     </span>
     <span class='ocr_line' id='line_1_21' title="bbox 668 3431 4307 3519; baseline 0 -24"><span class='ocrx_word' id='word_1_218' title='bbox 668 3433 869 3518; x_wconf 90' lang='lat' dir='ltr'>ipsius</span> <span class='ocrx_word' id='word_1_219' title='bbox 932 3432 1250 3519; x_wconf 89' lang='lat' dir='ltr'>Capituli,</span> <span class='ocrx_word' id='word_1_220' title='bbox 1295 3432 1404 3517; x_wconf 92' lang='lat' dir='ltr'>jus</span> <span class='ocrx_word' id='word_1_221' title='bbox 1449 3432 1711 3517; x_wconf 88' lang='lat' dir='ltr'>petendi</span> <span class='ocrx_word' id='word_1_222' title='bbox 1759 3439 1823 3496; x_wconf 91' lang='lat' dir='ltr'>et</span> <span class='ocrx_word' id='word_1_223' title='bbox 1870 3431 2221 3518; x_wconf 88' lang='lat' dir='ltr'>recipiendi</span> <span class='ocrx_word' id='word_1_224' title='bbox 2288 3432 2607 3516; x_wconf 88' lang='lat' dir='ltr'>decimas,</span> <span class='ocrx_word' id='word_1_225' title='bbox 2658 3440 2723 3496; x_wconf 91' lang='lat' dir='ltr'>et</span> <span class='ocrx_word' id='word_1_226' title='bbox 2768 3433 2942 3518; x_wconf 90' lang='lat' dir='ltr'>ipsas</span> <span class='ocrx_word' id='word_1_227' title='bbox 2990 3431 3272 3497; x_wconf 89' lang='lat' dir='ltr'>decimas</span> <span class='ocrx_word' id='word_1_228' title='bbox 3321 3432 3605 3496; x_wconf 91' lang='lat' dir='ltr'>omnium</span> <span class='ocrx_word' id='word_1_229' title='bbox 3649 3432 4127 3518; x_wconf 90' lang='lat' dir='ltr'>possessionum</span> <span class='ocrx_word' id='word_1_230' title='bbox 4174 3440 4307 3497; x_wconf 90' lang='lat' dir='ltr'>tam</span> 
     </span>
     <span class='ocr_line' id='line_1_22' title="bbox 666 3538 4303 3626; baseline -0.001 -22"><span class='ocrx_word' id='word_1_231' title='bbox 666 3540 1031 3622; x_wconf 90' lang='lat' dir='ltr'>novalium,</span> <span class='ocrx_word' id='word_1_232' title='bbox 1079 3560 1271 3625; x_wconf 91' lang='lat' dir='ltr'>quam</span> <span class='ocrx_word' id='word_1_233' title='bbox 1320 3539 1630 3622; x_wconf 90' lang='lat' dir='ltr'>aliarum,</span> <span class='ocrx_word' id='word_1_234' title='bbox 1680 3560 1803 3624; x_wconf 90' lang='lat' dir='ltr'>que</span> <span class='ocrx_word' id='word_1_235' title='bbox 1845 3541 1992 3625; x_wconf 87' lang='lat' dir='ltr'>jure</span> <span class='ocrx_word' id='word_1_236' title='bbox 2040 3540 2454 3625; x_wconf 89' lang='lat' dir='ltr'>proprietatis</span> <span class='ocrx_word' id='word_1_237' title='bbox 2501 3540 2604 3602; x_wconf 90' lang='lat' dir='ltr'>vel</span> <span class='ocrx_word' id='word_1_238' title='bbox 2654 3539 3145 3626; x_wconf 82' lang='lat' dir='ltr'>emphiteoticO,</span> <span class='ocrx_word' id='word_1_239' title='bbox 3194 3538 3300 3603; x_wconf 93' lang='lat' dir='ltr'>vel</span> <span class='ocrx_word' id='word_1_240' title='bbox 3347 3539 3477 3602; x_wconf 85' lang='lat' dir='ltr'>alia</span> <span class='ocrx_word' id='word_1_241' title='bbox 3524 3538 3933 3603; x_wconf 88' lang='lat' dir='ltr'>concessione</span> <span class='ocrx_word' id='word_1_242' title='bbox 3981 3538 4066 3602; x_wconf 93' lang='lat' dir='ltr'>ad</span> <span class='ocrx_word' id='word_1_243' title='bbox 4113 3539 4303 3626; x_wconf 89' lang='lat' dir='ltr'>Capi-</span> 
     </span>
     <span class='ocr_line' id='line_1_23' title="bbox 664 3644 4304 3732; baseline -0 -21"><span class='ocrx_word' id='word_1_244' title='bbox 664 3647 870 3711; x_wconf 86' lang='lat' dir='ltr'>tulum</span> <span class='ocrx_word' id='word_1_245' title='bbox 935 3647 1331 3711; x_wconf 88' lang='lat' dir='ltr'>bononiense</span> <span class='ocrx_word' id='word_1_246' title='bbox 1397 3646 1758 3732; x_wconf 88' lang='lat' dir='ltr'>pertinent,</span> <span class='ocrx_word' id='word_1_247' title='bbox 1806 3647 1909 3709; x_wconf 91' lang='lat' dir='ltr'>vel</span> <span class='ocrx_word' id='word_1_248' title='bbox 1958 3647 2021 3709; x_wconf 90' lang='lat' dir='ltr'>in</span> <span class='ocrx_word' id='word_1_249' title='bbox 2087 3645 2305 3710; x_wconf 85' lang='lat' dir='ltr'>futuro</span> <span class='ocrx_word' id='word_1_250' title='bbox 2369 3646 2786 3732; x_wconf 88' lang='lat' dir='ltr'>pertinebunt</span> <span class='ocrx_word' id='word_1_251' title='bbox 2831 3646 2895 3709; x_wconf 92' lang='lat' dir='ltr'>in</span> <span class='ocrx_word' id='word_1_252' title='bbox 2945 3653 3079 3710; x_wconf 88' lang='lat' dir='ltr'>toto</span> <span class='ocrx_word' id='word_1_253' title='bbox 3126 3646 3507 3710; x_wconf 88' lang='lat' dir='ltr'>bononiensi</span> <span class='ocrx_word' id='word_1_254' title='bbox 3551 3644 3981 3731; x_wconf 88' lang='lat' dir='ltr'>Episcopatu,</span> <span class='ocrx_word' id='word_1_255' title='bbox 4031 3654 4304 3732; x_wconf 80' lang='lat' dir='ltr'>excepta</span> 
     </span>
     <span class='ocr_line' id='line_1_24' title="bbox 667 3752 4305 3839; baseline -0 -21"><span class='ocrx_word' id='word_1_256' title='bbox 667 3753 863 3819; x_wconf 85' lang='lat' dir='ltr'>Curia</span> <span class='ocrx_word' id='word_1_257' title='bbox 912 3753 1098 3818; x_wconf 89' lang='lat' dir='ltr'>Centi</span> <span class='ocrx_word' id='word_1_258' title='bbox 1146 3761 1211 3817; x_wconf 89' lang='lat' dir='ltr'>et</span> <span class='ocrx_word' id='word_1_259' title='bbox 1255 3752 1659 3817; x_wconf 80' lang='lat' dir='ltr'>Maximatici</span> <span class='ocrx_word' id='word_1_260' title='bbox 1706 3759 1771 3816; x_wconf 89' lang='lat' dir='ltr'>et</span> <span class='ocrx_word' id='word_1_261' title='bbox 1816 3753 2037 3835; x_wconf 82' lang='lat' dir='ltr'>Podij,</span> <span class='ocrx_word' id='word_1_262' title='bbox 2088 3774 2212 3838; x_wconf 89' lang='lat' dir='ltr'>que</span> <span class='ocrx_word' id='word_1_263' title='bbox 2274 3754 2711 3839; x_wconf 88' lang='lat' dir='ltr'>possessiones</span> <span class='ocrx_word' id='word_1_264' title='bbox 2759 3774 2877 3839; x_wconf 90' lang='lat' dir='ltr'>per</span> <span class='ocrx_word' id='word_1_265' title='bbox 2924 3753 3085 3817; x_wconf 90' lang='lat' dir='ltr'>alios</span> <span class='ocrx_word' id='word_1_266' title='bbox 3131 3754 3401 3817; x_wconf 89' lang='lat' dir='ltr'>clericos</span> <span class='ocrx_word' id='word_1_267' title='bbox 3446 3752 3552 3816; x_wconf 90' lang='lat' dir='ltr'>vel</span> <span class='ocrx_word' id='word_1_268' title='bbox 3596 3753 3797 3816; x_wconf 88' lang='lat' dir='ltr'>laicos</span> <span class='ocrx_word' id='word_1_269' title='bbox 3851 3752 4220 3817; x_wconf 88' lang='lat' dir='ltr'>detinentur</span> <span class='ocrx_word' id='word_1_270' title='bbox 4267 3775 4305 3817; x_wconf 90' lang='lat' dir='ltr'>a</span> 
     </span>
     <span class='ocr_line' id='line_1_25' title="bbox 663 3859 4304 3947; baseline -0 -21"><span class='ocrx_word' id='word_1_271' title='bbox 663 3861 1061 3926; x_wconf 88' lang='lat' dir='ltr'>Bononiensi</span> <span class='ocrx_word' id='word_1_272' title='bbox 1110 3860 1411 3947; x_wconf 88' lang='lat' dir='ltr'>Capitulo</span> <span class='ocrx_word' id='word_1_273' title='bbox 1459 3860 1524 3925; x_wconf 90' lang='lat' dir='ltr'>in</span> <span class='ocrx_word' id='word_1_274' title='bbox 1575 3860 2022 3946; x_wconf 87' lang='lat' dir='ltr'>emphiteosim</span> <span class='ocrx_word' id='word_1_275' title='bbox 2070 3859 2174 3924; x_wconf 80' lang='lat' dir='ltr'>vel</span> <span class='ocrx_word' id='word_1_276' title='bbox 2221 3860 2349 3925; x_wconf 91' lang='grc'>0110</span> <span class='ocrx_word' id='word_1_277' title='bbox 2398 3860 2622 3943; x_wconf 91' lang='lat' dir='ltr'>modo,</span> <span class='ocrx_word' id='word_1_278' title='bbox 2672 3867 2742 3925; x_wconf 91' lang='lat' dir='ltr'>ut</span> <span class='ocrx_word' id='word_1_279' title='bbox 2790 3861 3112 3926; x_wconf 89' lang='lat' dir='ltr'>dictarum</span> <span class='ocrx_word' id='word_1_280' title='bbox 3173 3860 3650 3947; x_wconf 89' lang='lat' dir='ltr'>possessionum</span> <span class='ocrx_word' id='word_1_281' title='bbox 3711 3859 3993 3925; x_wconf 89' lang='lat' dir='ltr'>decimas</span> <span class='ocrx_word' id='word_1_282' title='bbox 4045 3860 4304 3947; x_wconf 88' lang='lat' dir='ltr'>possitis</span> 
     </span>
     <span class='ocr_line' id='line_1_26' title="bbox 664 3967 4307 4055; baseline 0 -22"><span class='ocrx_word' id='word_1_283' title='bbox 664 3970 998 4055; x_wconf 88' lang='lat' dir='ltr'>percipere</span> <span class='ocrx_word' id='word_1_284' title='bbox 1046 3974 1111 4032; x_wconf 88' lang='lat' dir='ltr'>et</span> <span class='ocrx_word' id='word_1_285' title='bbox 1157 3990 1196 4032; x_wconf 91' lang='lat' dir='ltr'>a</span> <span class='ocrx_word' id='word_1_286' title='bbox 1245 3968 1535 4053; x_wconf 92' lang='lat' dir='ltr'>quolibet</span> <span class='ocrx_word' id='word_1_287' title='bbox 1581 3968 2018 4054; x_wconf 89' lang='lat' dir='ltr'>possessiones</span> <span class='ocrx_word' id='word_1_288' title='bbox 2064 3968 2416 4033; x_wconf 88' lang='lat' dir='ltr'>vindicare.</span> <span class='ocrx_word' id='word_1_289' title='bbox 2465 3967 2630 4031; x_wconf 90' lang='lat' dir='ltr'>Item</span> <span class='ocrx_word' id='word_1_290' title='bbox 2695 3968 2923 4032; x_wconf 89' lang='lat' dir='ltr'>damus</span> <span class='ocrx_word' id='word_1_291' title='bbox 2978 3975 3044 4033; x_wconf 88' lang='lat' dir='ltr'>et</span> <span class='ocrx_word' id='word_1_292' title='bbox 3090 3968 3499 4033; x_wconf 89' lang='lat' dir='ltr'>concedimus</span> <span class='ocrx_word' id='word_1_293' title='bbox 3546 3967 3729 4031; x_wconf 91' lang='lat' dir='ltr'>vobis</span> <span class='ocrx_word' id='word_1_294' title='bbox 3775 3967 3968 4053; x_wconf 89' lang='lat' dir='ltr'>pleno</span> <span class='ocrx_word' id='word_1_295' title='bbox 4010 3969 4157 4053; x_wconf 86' lang='lat' dir='ltr'>jure</span> <span class='ocrx_word' id='word_1_296' title='bbox 4204 3991 4307 4033; x_wconf 90' lang='lat' dir='ltr'>ec-</span> 
     </span>
     <span class='ocr_line' id='line_1_27' title="bbox 667 4075 4308 4161; baseline -0 -20"><span class='ocrx_word' id='word_1_297' title='bbox 667 4078 932 4142; x_wconf 90' lang='lat' dir='ltr'>clesiam</span> <span class='ocrx_word' id='word_1_298' title='bbox 981 4083 1202 4140; x_wconf 88' lang='lat' dir='ltr'>sancte</span> <span class='ocrx_word' id='word_1_299' title='bbox 1250 4075 1457 4140; x_wconf 88' lang='lat' dir='ltr'>Marie</span> <span class='ocrx_word' id='word_1_300' title='bbox 1505 4075 1585 4139; x_wconf 89' lang='lat' dir='ltr'>de</span> <span class='ocrx_word' id='word_1_301' title='bbox 1635 4081 1845 4140; x_wconf 90' lang='lat' dir='ltr'>castro</span> <span class='ocrx_word' id='word_1_302' title='bbox 1894 4076 2101 4140; x_wconf 90' lang='lat' dir='ltr'>sancti</span> <span class='ocrx_word' id='word_1_303' title='bbox 2145 4076 2346 4158; x_wconf 89' lang='lat' dir='ltr'>Petri,</span> <span class='ocrx_word' id='word_1_304' title='bbox 2382 4075 2552 4161; x_wconf 91' lang='lat' dir='ltr'>quod</span> <span class='ocrx_word' id='word_1_305' title='bbox 2602 4082 2700 4139; x_wconf 89' lang='lat' dir='ltr'>est</span> <span class='ocrx_word' id='word_1_306' title='bbox 2738 4077 2932 4160; x_wconf 84' lang='lat' dir='ltr'>juxta</span> <span class='ocrx_word' id='word_1_307' title='bbox 2983 4076 3325 4159; x_wconf 88' lang='lat' dir='ltr'>Sellarnm,</span> <span class='ocrx_word' id='word_1_308' title='bbox 3367 4082 3431 4140; x_wconf 89' lang='lat' dir='ltr'>et</span> <span class='ocrx_word' id='word_1_309' title='bbox 3478 4097 3740 4139; x_wconf 89' lang='lat' dir='ltr'>censum</span> <span class='ocrx_word' id='word_1_310' title='bbox 3786 4075 3972 4140; x_wconf 91' lang='lat' dir='ltr'>nobis</span> <span class='ocrx_word' id='word_1_311' title='bbox 4019 4075 4308 4141; x_wconf 88' lang='lat' dir='ltr'>debitum</span> 
     </span>
     <span class='ocr_line' id='line_1_28' title="bbox 668 4182 4308 4269; baseline 0 -22"><span class='ocrx_word' id='word_1_312' title='bbox 668 4185 752 4249; x_wconf 91' lang='lat' dir='ltr'>ab</span> <span class='ocrx_word' id='word_1_313' title='bbox 800 4184 1072 4248; x_wconf 89' lang='lat' dir='ltr'>ecclesia</span> <span class='ocrx_word' id='word_1_314' title='bbox 1119 4183 1325 4246; x_wconf 89' lang='lat' dir='ltr'>sancti</span> <span class='ocrx_word' id='word_1_315' title='bbox 1371 4182 1666 4268; x_wconf 88' lang='lat' dir='ltr'>Antonij,</span> <span class='ocrx_word' id='word_1_316' title='bbox 1701 4183 1827 4246; x_wconf 88' lang='lat' dir='ltr'>sita</span> <span class='ocrx_word' id='word_1_317' title='bbox 1861 4183 2055 4267; x_wconf 81' lang='lat' dir='ltr'>juxta</span> <span class='ocrx_word' id='word_1_318' title='bbox 2106 4182 2410 4248; x_wconf 82' lang='lat' dir='ltr'>Savinam</span> <span class='ocrx_word' id='word_1_319' title='bbox 2460 4183 2525 4246; x_wconf 90' lang='lat' dir='ltr'>in</span> <span class='ocrx_word' id='word_1_320' title='bbox 2571 4182 2969 4248; x_wconf 90' lang='lat' dir='ltr'>Bononiensi</span> <span class='ocrx_word' id='word_1_321' title='bbox 3015 4183 3302 4269; x_wconf 90' lang='lat' dir='ltr'>plebatu,</span> <span class='ocrx_word' id='word_1_322' title='bbox 3350 4190 3414 4247; x_wconf 89' lang='lat' dir='ltr'>et</span> <span class='ocrx_word' id='word_1_323' title='bbox 3455 4184 3563 4266; x_wconf 90' lang='lat' dir='ltr'>jus</span> <span class='ocrx_word' id='word_1_324' title='bbox 3610 4182 4048 4266; x_wconf 88' lang='lat' dir='ltr'>institutionis,</span> <span class='ocrx_word' id='word_1_325' title='bbox 4098 4204 4308 4248; x_wconf 88' lang='lat' dir='ltr'>corre-</span> 
     </span>
     <span class='ocr_line' id='line_1_29' title="bbox 669 4289 4311 4377; baseline -0.001 -22"><span class='ocrx_word' id='word_1_326' title='bbox 669 4292 933 4373; x_wconf 90' lang='lat' dir='ltr'>ctionis,</span> <span class='ocrx_word' id='word_1_327' title='bbox 984 4289 1499 4372; x_wconf 86' lang='lat' dir='ltr'>reformationis,</span> <span class='ocrx_word' id='word_1_328' title='bbox 1548 4290 1717 4376; x_wconf 91' lang='lat' dir='ltr'>quod</span> <span class='ocrx_word' id='word_1_329' title='bbox 1766 4289 1828 4353; x_wconf 90' lang='lat' dir='ltr'>in</span> <span class='ocrx_word' id='word_1_330' title='bbox 1880 4290 2037 4376; x_wconf 89' lang='lat' dir='ltr'>ipsis</span> <span class='ocrx_word' id='word_1_331' title='bbox 2083 4290 2370 4354; x_wconf 91' lang='lat' dir='ltr'>ecclesiis</span> <span class='ocrx_word' id='word_1_332' title='bbox 2419 4297 2484 4354; x_wconf 89' lang='lat' dir='ltr'>et</span> <span class='ocrx_word' id='word_1_333' title='bbox 2530 4290 2875 4377; x_wconf 88' lang='lat' dir='ltr'>hospitali,</span> <span class='ocrx_word' id='word_1_334' title='bbox 2925 4300 3117 4376; x_wconf 90' lang='lat' dir='ltr'>atque</span> <span class='ocrx_word' id='word_1_335' title='bbox 3166 4297 3360 4376; x_wconf 87' lang='lat' dir='ltr'>ponte</span> <span class='ocrx_word' id='word_1_336' title='bbox 3425 4289 3717 4373; x_wconf 82' lang='lat' dir='ltr'>ejusdem</span> <span class='ocrx_word' id='word_1_337' title='bbox 3777 4290 4045 4355; x_wconf 89' lang='lat' dir='ltr'>ecclesie</span> <span class='ocrx_word' id='word_1_338' title='bbox 4105 4290 4311 4355; x_wconf 90' lang='lat' dir='ltr'>sancti</span> 
     </span>
     <span class='ocr_line' id='line_1_30' title="bbox 666 4396 4310 4483; baseline -0.001 -20"><span class='ocrx_word' id='word_1_339' title='bbox 666 4399 961 4482; x_wconf 86' lang='lat' dir='ltr'>Antonij,</span> <span class='ocrx_word' id='word_1_340' title='bbox 1012 4404 1077 4462; x_wconf 89' lang='lat' dir='ltr'>et</span> <span class='ocrx_word' id='word_1_341' title='bbox 1125 4418 1312 4462; x_wconf 88' lang='lat' dir='ltr'>omne</span> <span class='ocrx_word' id='word_1_342' title='bbox 1370 4396 1546 4460; x_wconf 90' lang='lat' dir='ltr'>aliud</span> <span class='ocrx_word' id='word_1_343' title='bbox 1606 4398 1715 4482; x_wconf 90' lang='lat' dir='ltr'>jus</span> <span class='ocrx_word' id='word_1_344' title='bbox 1777 4397 1949 4483; x_wconf 89' lang='lat' dir='ltr'>quod</span> <span class='ocrx_word' id='word_1_345' title='bbox 2013 4397 2078 4461; x_wconf 88' lang='lat' dir='ltr'>in</span> <span class='ocrx_word' id='word_1_346' title='bbox 2127 4398 2219 4462; x_wconf 89' lang='lat' dir='ltr'>eis</span> <span class='ocrx_word' id='word_1_347' title='bbox 2267 4397 2601 4461; x_wconf 90' lang='lat' dir='ltr'>habemus.</span> <span class='ocrx_word' id='word_1_348' title='bbox 2652 4397 2738 4461; x_wconf 90' lang='lat' dir='ltr'>Et</span> <span class='ocrx_word' id='word_1_349' title='bbox 2785 4398 3048 4483; x_wconf 89' lang='lat' dir='ltr'>insuper</span> <span class='ocrx_word' id='word_1_350' title='bbox 3096 4397 3323 4461; x_wconf 92' lang='lat' dir='ltr'>damus</span> <span class='ocrx_word' id='word_1_351' title='bbox 3372 4397 3554 4461; x_wconf 90' lang='lat' dir='ltr'>vobis</span> <span class='ocrx_word' id='word_1_352' title='bbox 3603 4403 3669 4461; x_wconf 89' lang='lat' dir='ltr'>et</span> <span class='ocrx_word' id='word_1_353' title='bbox 3715 4397 4123 4461; x_wconf 89' lang='lat' dir='ltr'>concedimus</span> <span class='ocrx_word' id='word_1_354' title='bbox 4163 4399 4310 4483; x_wconf 90' lang='lat' dir='ltr'>jure</span> 
     </span>
     <span class='ocr_line' id='line_1_31' title="bbox 665 4502 4310 4592; baseline 0 -23"><span class='ocrx_word' id='word_1_355' title='bbox 665 4506 1081 4592; x_wconf 86' lang='lat' dir='ltr'>proprietatis</span> <span class='ocrx_word' id='word_1_356' title='bbox 1132 4503 1476 4590; x_wconf 87' lang='lat' dir='ltr'>quemdam</span> <span class='ocrx_word' id='word_1_357' title='bbox 1523 4502 1793 4568; x_wconf 87' lang='lat' dir='ltr'>fundum</span> <span class='ocrx_word' id='word_1_358' title='bbox 1843 4511 2014 4569; x_wconf 85' lang='lat' dir='ltr'>terre</span> <span class='ocrx_word' id='word_1_359' title='bbox 2060 4505 2127 4567; x_wconf 89' lang='lat' dir='ltr'>in</span> <span class='ocrx_word' id='word_1_360' title='bbox 2177 4505 2500 4590; x_wconf 89' lang='lat' dir='ltr'>integrum</span> <span class='ocrx_word' id='word_1_361' title='bbox 2555 4505 2838 4591; x_wconf 91' lang='lat' dir='ltr'>positum</span> <span class='ocrx_word' id='word_1_362' title='bbox 2901 4506 2966 4567; x_wconf 92' lang='lat' dir='ltr'>in</span> <span class='ocrx_word' id='word_1_363' title='bbox 3028 4505 3434 4590; x_wconf 89' lang='lat' dir='ltr'>pertinentiis</span> <span class='ocrx_word' id='word_1_364' title='bbox 3495 4504 3809 4588; x_wconf 87' lang='lat' dir='ltr'>Argelatc</span> <span class='ocrx_word' id='word_1_365' title='bbox 3873 4504 3937 4568; x_wconf 90' lang='lat' dir='ltr'>in</span> <span class='ocrx_word' id='word_1_366' title='bbox 3998 4505 4140 4569; x_wconf 94' lang='grc'>1000</span> <span class='ocrx_word' id='word_1_367' title='bbox 4201 4507 4310 4592; x_wconf 91' lang='lat' dir='ltr'>qui</span> 
     </span>
     <span class='ocr_line' id='line_1_32' title="bbox 669 4610 4312 4698; baseline 0.001 -23"><span class='ocrx_word' id='word_1_368' title='bbox 669 4610 904 4675; x_wconf 88' lang='lat' dir='ltr'>dicitur</span> <span class='ocrx_word' id='word_1_369' title='bbox 952 4612 1355 4696; x_wconf 84' lang='lat' dir='ltr'>Sanguineta</span> <span class='ocrx_word' id='word_1_370' title='bbox 1397 4612 1591 4696; x_wconf 80' lang='lat' dir='ltr'>juxta</span> <span class='ocrx_word' id='word_1_371' title='bbox 1641 4610 2020 4694; x_wconf 86' lang='lat' dir='ltr'>Galeolum,</span> <span class='ocrx_word' id='word_1_372' title='bbox 2071 4611 2181 4697; x_wconf 93' lang='lat' dir='ltr'>qui</span> <span class='ocrx_word' id='word_1_373' title='bbox 2227 4618 2324 4675; x_wconf 90' lang='lat' dir='ltr'>est</span> <span class='ocrx_word' id='word_1_374' title='bbox 2370 4610 2449 4675; x_wconf 90' lang='lat' dir='ltr'>de</span> <span class='ocrx_word' id='word_1_375' title='bbox 2492 4612 2640 4696; x_wconf 87' lang='lat' dir='ltr'>jure</span> <span class='ocrx_word' id='word_1_376' title='bbox 2688 4611 2843 4676; x_wconf 91' lang='lat' dir='ltr'>dicti</span> <span class='ocrx_word' id='word_1_377' title='bbox 2892 4611 3209 4698; x_wconf 89' lang='lat' dir='ltr'>Capituli,</span> <span class='ocrx_word' id='word_1_378' title='bbox 3259 4611 3443 4675; x_wconf 84' lang='lat' dir='ltr'>salva</span> <span class='ocrx_word' id='word_1_379' title='bbox 3505 4617 3722 4675; x_wconf 90' lang='lat' dir='ltr'>tamen</span> <span class='ocrx_word' id='word_1_380' title='bbox 3783 4612 4193 4676; x_wconf 86' lang='lat' dir='ltr'>concessione</span> <span class='ocrx_word' id='word_1_381' title='bbox 4248 4619 4312 4677; x_wconf 88' lang='lat' dir='ltr'>et</span> 
     </span>
     <span class='ocr_line' id='line_1_33' title="bbox 670 4718 4312 4805; baseline 0.001 -24"><span class='ocrx_word' id='word_1_382' title='bbox 670 4718 950 4801; x_wconf 88' lang='lat' dir='ltr'>datione,</span> <span class='ocrx_word' id='word_1_383' title='bbox 1002 4740 1195 4804; x_wconf 89' lang='lat' dir='ltr'>quam</span> <span class='ocrx_word' id='word_1_384' title='bbox 1242 4718 1511 4782; x_wconf 84' lang='lat' dir='ltr'>fecimus</span> <span class='ocrx_word' id='word_1_385' title='bbox 1560 4718 1794 4782; x_wconf 88' lang='lat' dir='ltr'>dilecto</span> <span class='ocrx_word' id='word_1_386' title='bbox 1843 4718 2030 4783; x_wconf 90' lang='lat' dir='ltr'>fratri</span> <span class='ocrx_word' id='word_1_387' title='bbox 2078 4726 2297 4783; x_wconf 88' lang='lat' dir='ltr'>nostro</span> <span class='ocrx_word' id='word_1_388' title='bbox 2345 4719 2727 4783; x_wconf 89' lang='lat' dir='ltr'>bononiensi</span> <span class='ocrx_word' id='word_1_389' title='bbox 2773 4718 3337 4805; x_wconf 88' lang='lat' dir='ltr'>Archipresbitero</span> <span class='ocrx_word' id='word_1_390' title='bbox 3386 4719 3451 4782; x_wconf 90' lang='lat' dir='ltr'>in</span> <span class='ocrx_word' id='word_1_391' title='bbox 3496 4719 3632 4782; x_wconf 86' lang='lat' dir='ltr'>vita</span> <span class='ocrx_word' id='word_1_392' title='bbox 3677 4740 3815 4801; x_wconf 90' lang='lat' dir='ltr'>sua,</span> <span class='ocrx_word' id='word_1_393' title='bbox 3864 4725 3933 4781; x_wconf 91' lang='lat' dir='ltr'>ut</span> <span class='ocrx_word' id='word_1_394' title='bbox 3979 4727 4126 4805; x_wconf 89' lang='lat' dir='ltr'>post</span> <span class='ocrx_word' id='word_1_395' title='bbox 4171 4721 4312 4803; x_wconf 83' lang='lat' dir='ltr'>ejus</span> 
     </span>
     <span class='ocr_line' id='line_1_34' title="bbox 670 4825 4313 4912; baseline 0 -22"><span class='ocrx_word' id='word_1_396' title='bbox 670 4826 915 4890; x_wconf 90' lang='lat' dir='ltr'>obitum</span> <span class='ocrx_word' id='word_1_397' title='bbox 965 4826 1159 4889; x_wconf 88' lang='lat' dir='ltr'>liceat</span> <span class='ocrx_word' id='word_1_398' title='bbox 1205 4825 1388 4890; x_wconf 91' lang='lat' dir='ltr'>vobis</span> <span class='ocrx_word' id='word_1_399' title='bbox 1431 4826 1578 4910; x_wconf 87' lang='lat' dir='ltr'>jure</span> <span class='ocrx_word' id='word_1_400' title='bbox 1627 4826 2041 4911; x_wconf 88' lang='lat' dir='ltr'>proprietatis</span> <span class='ocrx_word' id='word_1_401' title='bbox 2089 4848 2165 4890; x_wconf 91' lang='lat' dir='ltr'>ac</span> <span class='ocrx_word' id='word_1_402' title='bbox 2213 4826 2481 4912; x_wconf 89' lang='lat' dir='ltr'>dominij</span> <span class='ocrx_word' id='word_1_403' title='bbox 2532 4826 2773 4891; x_wconf 86' lang='lat' dir='ltr'>dictam</span> <span class='ocrx_word' id='word_1_404' title='bbox 2821 4833 3061 4890; x_wconf 86' lang='lat' dir='ltr'>terram</span> <span class='ocrx_word' id='word_1_405' title='bbox 3108 4825 3519 4912; x_wconf 87' lang='lat' dir='ltr'>emphiteotis</span> <span class='ocrx_word' id='word_1_406' title='bbox 3572 4825 4085 4911; x_wconf 88' lang='lat' dir='ltr'>possessionibus</span> <span class='ocrx_word' id='word_1_407' title='bbox 4131 4848 4313 4891; x_wconf 82' lang='lat' dir='ltr'>revo-</span> 
     </span>
     <span class='ocr_line' id='line_1_35' title="bbox 670 4931 4311 5020; baseline 0 -25"><span class='ocrx_word' id='word_1_408' title='bbox 670 4952 818 4996; x_wconf 90' lang='lat' dir='ltr'>care</span> <span class='ocrx_word' id='word_1_409' title='bbox 866 4938 930 4999; x_wconf 85' lang='lat' dir='ltr'>et</span> <span class='ocrx_word' id='word_1_410' title='bbox 978 4933 1042 4995; x_wconf 91' lang='lat' dir='ltr'>in</span> <span class='ocrx_word' id='word_1_411' title='bbox 1093 4932 1540 5017; x_wconf 88' lang='lat' dir='ltr'>emphiteosim</span> <span class='ocrx_word' id='word_1_412' title='bbox 1590 4932 1773 5014; x_wconf 90' lang='lat' dir='ltr'>dare,</span> <span class='ocrx_word' id='word_1_413' title='bbox 1823 4933 2164 5018; x_wconf 89' lang='lat' dir='ltr'>pensiones</span> <span class='ocrx_word' id='word_1_414' title='bbox 2212 4940 2277 4997; x_wconf 90' lang='lat' dir='ltr'>et</span> <span class='ocrx_word' id='word_1_415' title='bbox 2323 4933 2605 4997; x_wconf 89' lang='lat' dir='ltr'>decimas</span> <span class='ocrx_word' id='word_1_416' title='bbox 2653 4934 3006 5019; x_wconf 87' lang='lat' dir='ltr'>percipere,</span> <span class='ocrx_word' id='word_1_417' title='bbox 3059 4941 3124 4997; x_wconf 92' lang='lat' dir='ltr'>et</span> <span class='ocrx_word' id='word_1_418' title='bbox 3169 4932 3581 5020; x_wconf 88' lang='lat' dir='ltr'>proprietatis</span> <span class='ocrx_word' id='word_1_419' title='bbox 3629 4931 3802 4995; x_wconf 92' lang='lat' dir='ltr'>illins</span> <span class='ocrx_word' id='word_1_420' title='bbox 3848 4931 4031 4996; x_wconf 86' lang='lat' dir='ltr'>fundi</span> <span class='ocrx_word' id='word_1_421' title='bbox 4076 4934 4311 4998; x_wconf 89' lang='lat' dir='ltr'>consti-</span> 
     </span>
     <span class='ocr_line' id='line_1_36' title="bbox 669 5038 4310 5125; baseline 0.001 -23"><span class='ocrx_word' id='word_1_422' title='bbox 669 5040 909 5103; x_wconf 85' lang='lat' dir='ltr'>tuimus</span> <span class='ocrx_word' id='word_1_423' title='bbox 957 5060 1072 5102; x_wconf 92' lang='lat' dir='ltr'>vos</span> <span class='ocrx_word' id='word_1_424' title='bbox 1120 5038 1469 5125; x_wconf 87' lang='lat' dir='ltr'>possidere.</span> <span class='ocrx_word' id='word_1_425' title='bbox 1504 5039 1590 5103; x_wconf 88' lang='lat' dir='ltr'>Et</span> <span class='ocrx_word' id='word_1_426' title='bbox 1638 5040 1790 5124; x_wconf 88' lang='lat' dir='ltr'>quia</span> <span class='ocrx_word' id='word_1_427' title='bbox 1836 5041 2133 5104; x_wconf 88' lang='lat' dir='ltr'>volumus</span> <span class='ocrx_word' id='word_1_428' title='bbox 2179 5041 2347 5105; x_wconf 89' lang='lat' dir='ltr'>hanc</span> <span class='ocrx_word' id='word_1_429' title='bbox 2396 5047 2682 5105; x_wconf 84' lang='lat' dir='ltr'>nostram</span> <span class='ocrx_word' id='word_1_430' title='bbox 2729 5041 3060 5106; x_wconf 86' lang='lat' dir='ltr'>dationem</span> <span class='ocrx_word' id='word_1_431' title='bbox 3109 5048 3172 5105; x_wconf 90' lang='lat' dir='ltr'>et</span> <span class='ocrx_word' id='word_1_432' title='bbox 3219 5041 3697 5105; x_wconf 86' lang='lat' dir='ltr'>concessionem</span> <span class='ocrx_word' id='word_1_433' title='bbox 3743 5061 3782 5103; x_wconf 89' lang='lat' dir='ltr'>a</span> <span class='ocrx_word' id='word_1_434' title='bbox 3829 5040 4013 5104; x_wconf 90' lang='lat' dir='ltr'>nobis</span> <span class='ocrx_word' id='word_1_435' title='bbox 4059 5049 4123 5104; x_wconf 88' lang='lat' dir='ltr'>et</span> <span class='ocrx_word' id='word_1_436' title='bbox 4170 5062 4310 5105; x_wconf 88' lang='lat' dir='ltr'>suc-</span> 
     </span>
     <span class='ocr_line' id='line_1_37' title="bbox 671 5145 4311 5234; baseline 0 -23"><span class='ocrx_word' id='word_1_437' title='bbox 671 5145 1033 5211; x_wconf 89' lang='lat' dir='ltr'>cessoribus</span> <span class='ocrx_word' id='word_1_438' title='bbox 1082 5146 1318 5210; x_wconf 90' lang='lat' dir='ltr'>nostris</span> <span class='ocrx_word' id='word_1_439' title='bbox 1367 5146 1828 5210; x_wconf 89' lang='lat' dir='ltr'>inviolabiliter</span> <span class='ocrx_word' id='word_1_440' title='bbox 1875 5147 2239 5231; x_wconf 85' lang='lat' dir='ltr'>observari,</span> <span class='ocrx_word' id='word_1_441' title='bbox 2287 5148 2719 5234; x_wconf 88' lang='lat' dir='ltr'>promittimus</span> <span class='ocrx_word' id='word_1_442' title='bbox 2767 5149 2953 5212; x_wconf 89' lang='lat' dir='ltr'>vobis</span> <span class='ocrx_word' id='word_1_443' title='bbox 2999 5148 3456 5234; x_wconf 88' lang='lat' dir='ltr'>recipientibus</span> <span class='ocrx_word' id='word_1_444' title='bbox 3504 5147 3761 5212; x_wconf 90' lang='lat' dir='ltr'>nomine</span> <span class='ocrx_word' id='word_1_445' title='bbox 3807 5146 3962 5211; x_wconf 91' lang='lat' dir='ltr'>dicti</span> <span class='ocrx_word' id='word_1_446' title='bbox 4008 5147 4311 5234; x_wconf 88' lang='lat' dir='ltr'>Capituli,</span> 
     </span>
     <span class='ocr_line' id='line_1_38' title="bbox 671 5253 4312 5341; baseline 0 -24"><span class='ocrx_word' id='word_1_447' title='bbox 671 5260 735 5317; x_wconf 89' lang='lat' dir='ltr'>et</span> <span class='ocrx_word' id='word_1_448' title='bbox 780 5253 1264 5339; x_wconf 90' lang='lat' dir='ltr'>stipulationem</span> <span class='ocrx_word' id='word_1_449' title='bbox 1313 5253 1564 5317; x_wconf 88' lang='lat' dir='ltr'>solvere</span> <span class='ocrx_word' id='word_1_450' title='bbox 1613 5254 1871 5317; x_wconf 90' lang='lat' dir='ltr'>nomine</span> <span class='ocrx_word' id='word_1_451' title='bbox 1918 5275 2082 5340; x_wconf 91' lang='lat' dir='ltr'>pene</span> <span class='ocrx_word' id='word_1_452' title='bbox 2146 5263 2403 5318; x_wconf 90' lang='lat' dir='ltr'>centum</span> <span class='ocrx_word' id='word_1_453' title='bbox 2464 5257 2761 5320; x_wconf 89' lang='lat' dir='ltr'>marchas</span> <span class='ocrx_word' id='word_1_454' title='bbox 2828 5256 3052 5341; x_wconf 89' lang='lat' dir='ltr'>optimi</span> <span class='ocrx_word' id='word_1_455' title='bbox 3114 5256 3401 5340; x_wconf 86' lang='lat' dir='ltr'>argenti,</span> <span class='ocrx_word' id='word_1_456' title='bbox 3450 5255 3505 5318; x_wconf 92' lang='lat' dir='ltr'>si</span> <span class='ocrx_word' id='word_1_457' title='bbox 3568 5276 3683 5318; x_wconf 92' lang='lat' dir='ltr'>nos</span> <span class='ocrx_word' id='word_1_458' title='bbox 3744 5255 3848 5318; x_wconf 88' lang='lat' dir='ltr'>vel</span> <span class='ocrx_word' id='word_1_459' title='bbox 3911 5276 4312 5319; x_wconf 89' lang='lat' dir='ltr'>successores</span> 
     </span>
     <span class='ocr_line' id='line_1_39' title="bbox 669 5359 4312 5448; baseline 0 -24"><span class='ocrx_word' id='word_1_460' title='bbox 669 5361 873 5425; x_wconf 90' lang='lat' dir='ltr'>nostri</span> <span class='ocrx_word' id='word_1_461' title='bbox 918 5360 1087 5424; x_wconf 87' lang='lat' dir='ltr'>hanc</span> <span class='ocrx_word' id='word_1_462' title='bbox 1135 5360 1615 5423; x_wconf 87' lang='lat' dir='ltr'>concessionem</span> <span class='ocrx_word' id='word_1_463' title='bbox 1666 5369 1730 5423; x_wconf 90' lang='lat' dir='ltr'>et</span> <span class='ocrx_word' id='word_1_464' title='bbox 1776 5359 2103 5424; x_wconf 87' lang='lat' dir='ltr'>dationem</span> <span class='ocrx_word' id='word_1_465' title='bbox 2152 5361 2504 5446; x_wconf 89' lang='lat' dir='ltr'>infringere</span> <span class='ocrx_word' id='word_1_466' title='bbox 2553 5363 3038 5444; x_wconf 75' lang='lat' dir='ltr'>tentaverimus,</span> <span class='ocrx_word' id='word_1_467' title='bbox 3088 5369 3153 5426; x_wconf 90' lang='lat' dir='ltr'>et</span> <span class='ocrx_word' id='word_1_468' title='bbox 3199 5362 3411 5426; x_wconf 91' lang='lat' dir='ltr'>soluta</span> <span class='ocrx_word' id='word_1_469' title='bbox 3457 5382 3647 5448; x_wconf 89' lang='lat' dir='ltr'>pena,</span> <span class='ocrx_word' id='word_1_470' title='bbox 3686 5361 3805 5426; x_wconf 91' lang='lat' dir='ltr'>hec</span> <span class='ocrx_word' id='word_1_471' title='bbox 3851 5361 4027 5426; x_wconf 86' lang='lat' dir='ltr'>datio</span> <span class='ocrx_word' id='word_1_472' title='bbox 4066 5368 4131 5426; x_wconf 88' lang='lat' dir='ltr'>et</span> <span class='ocrx_word' id='word_1_473' title='bbox 4161 5383 4312 5426; x_wconf 91' lang='lat' dir='ltr'>con-</span> 
     </span>
     <span class='ocr_line' id='line_1_40' title="bbox 669 5468 4312 5556; baseline 0 -23"><span class='ocrx_word' id='word_1_474' title='bbox 669 5468 871 5533; x_wconf 89' lang='lat' dir='ltr'>cessio</span> <span class='ocrx_word' id='word_1_475' title='bbox 918 5468 985 5530; x_wconf 90' lang='lat' dir='ltr'>in</span> <span class='ocrx_word' id='word_1_476' title='bbox 1033 5489 1152 5531; x_wconf 89' lang='lat' dir='ltr'>sua</span> <span class='ocrx_word' id='word_1_477' title='bbox 1199 5474 1625 5554; x_wconf 86' lang='lat' dir='ltr'>permaneant</span> <span class='ocrx_word' id='word_1_478' title='bbox 1671 5468 2010 5552; x_wconf 89' lang='lat' dir='ltr'>firmitate;</span> <span class='ocrx_word' id='word_1_479' title='bbox 2046 5477 2110 5533; x_wconf 91' lang='lat' dir='ltr'>et</span> <span class='ocrx_word' id='word_1_480' title='bbox 2156 5469 2420 5556; x_wconf 90' lang='lat' dir='ltr'>insuper</span> <span class='ocrx_word' id='word_1_481' title='bbox 2468 5469 2872 5534; x_wconf 88' lang='lat' dir='ltr'>decernimus</span> <span class='ocrx_word' id='word_1_482' title='bbox 2920 5477 2991 5534; x_wconf 89' lang='lat' dir='ltr'>ut</span> <span class='ocrx_word' id='word_1_483' title='bbox 3031 5471 3192 5534; x_wconf 90' lang='lat' dir='ltr'>nulli</span> <span class='ocrx_word' id='word_1_484' title='bbox 3225 5470 3484 5535; x_wconf 89' lang='lat' dir='ltr'>omnino</span> <span class='ocrx_word' id='word_1_485' title='bbox 3516 5470 3683 5534; x_wconf 90' lang='lat' dir='ltr'>laico</span> <span class='ocrx_word' id='word_1_486' title='bbox 3716 5470 3821 5533; x_wconf 94' lang='lat' dir='ltr'>vel</span> <span class='ocrx_word' id='word_1_487' title='bbox 3855 5469 4086 5534; x_wconf 90' lang='lat' dir='ltr'>clerico</span> <span class='ocrx_word' id='word_1_488' title='bbox 4118 5469 4312 5534; x_wconf 89' lang='lat' dir='ltr'>liceat</span> 
     </span>
     <span class='ocr_line' id='line_1_41' title="bbox 668 5574 4310 5663; baseline 0.001 -23"><span class='ocrx_word' id='word_1_489' title='bbox 668 5577 818 5640; x_wconf 92' lang='lat' dir='ltr'>huic</span> <span class='ocrx_word' id='word_1_490' title='bbox 865 5582 1082 5639; x_wconf 88' lang='lat' dir='ltr'>nostre</span> <span class='ocrx_word' id='word_1_491' title='bbox 1132 5574 1564 5639; x_wconf 89' lang='lat' dir='ltr'>concessionis</span> <span class='ocrx_word' id='word_1_492' title='bbox 1613 5575 1849 5661; x_wconf 83' lang='lat' dir='ltr'>pagine</span> <span class='ocrx_word' id='word_1_493' title='bbox 1898 5577 2238 5659; x_wconf 88' lang='lat' dir='ltr'>contraire,</span> <span class='ocrx_word' id='word_1_494' title='bbox 2274 5584 2339 5640; x_wconf 92' lang='lat' dir='ltr'>et</span> <span class='ocrx_word' id='word_1_495' title='bbox 2385 5577 2437 5640; x_wconf 91' lang='lat' dir='ltr'>si</span> <span class='ocrx_word' id='word_1_496' title='bbox 2488 5577 2630 5662; x_wconf 90' lang='lat' dir='ltr'>quis</span> <span class='ocrx_word' id='word_1_497' title='bbox 2679 5578 3022 5642; x_wconf 87' lang='lat' dir='ltr'>temerario</span> <span class='ocrx_word' id='word_1_498' title='bbox 3070 5599 3231 5642; x_wconf 89' lang='lat' dir='ltr'>ausu</span> <span class='ocrx_word' id='word_1_499' title='bbox 3274 5578 3397 5642; x_wconf 92' lang='lat' dir='ltr'>hoc</span> <span class='ocrx_word' id='word_1_500' title='bbox 3438 5577 3652 5642; x_wconf 88' lang='lat' dir='ltr'>facere</span> <span class='ocrx_word' id='word_1_501' title='bbox 3685 5577 3962 5642; x_wconf 84' lang='lat' dir='ltr'>scienter</span> <span class='ocrx_word' id='word_1_502' title='bbox 3992 5577 4097 5641; x_wconf 90' lang='lat' dir='ltr'>vel</span> <span class='ocrx_word' id='word_1_503' title='bbox 4130 5578 4310 5663; x_wconf 90' lang='lat' dir='ltr'>igno·</span> 
     </span>
     <span class='ocr_line' id='line_1_42' title="bbox 671 5681 4312 5770; baseline 0 -24"><span class='ocrx_word' id='word_1_504' title='bbox 671 5689 891 5746; x_wconf 90' lang='lat' dir='ltr'>ranter</span> <span class='ocrx_word' id='word_1_505' title='bbox 939 5681 1445 5769; x_wconf 81' lang='lat' dir='ltr'>attemptaverit,</span> <span class='ocrx_word' id='word_1_506' title='bbox 1481 5682 1536 5746; x_wconf 91' lang='lat' dir='ltr'>si</span> <span class='ocrx_word' id='word_1_507' title='bbox 1581 5682 1772 5747; x_wconf 86' lang='lat' dir='ltr'>tertio</span> <span class='ocrx_word' id='word_1_508' title='bbox 1821 5684 2186 5747; x_wconf 89' lang='lat' dir='ltr'>admonitus</span> <span class='ocrx_word' id='word_1_509' title='bbox 2233 5705 2302 5748; x_wconf 89' lang='lat' dir='ltr'>se</span> <span class='ocrx_word' id='word_1_510' title='bbox 2349 5706 2477 5749; x_wconf 90' lang='lat' dir='ltr'>non</span> <span class='ocrx_word' id='word_1_511' title='bbox 2519 5685 2893 5769; x_wconf 82' lang='lat' dir='ltr'>correxerit,</span> <span class='ocrx_word' id='word_1_512' title='bbox 2929 5685 3659 5750; x_wconf 76' lang='lat' dir='ltr'>excommunicationem</span> <span class='ocrx_word' id='word_1_513' title='bbox 3691 5692 3996 5768; x_wconf 89' lang='lat' dir='ltr'>nostram,</span> <span class='ocrx_word' id='word_1_514' title='bbox 4032 5684 4150 5748; x_wconf 91' lang='lat' dir='ltr'>sub</span> <span class='ocrx_word' id='word_1_515' title='bbox 4185 5706 4312 5770; x_wconf 87' lang='lat' dir='ltr'>qua</span> 
     </span>
     <span class='ocr_line' id='line_1_43' title="bbox 670 5789 4313 5878; baseline 0.001 -25"><span class='ocrx_word' id='word_1_516' title='bbox 670 5811 751 5854; x_wconf 91' lang='lat' dir='ltr'>ne</span> <span class='ocrx_word' id='word_1_517' title='bbox 801 5789 863 5853; x_wconf 93' lang='lat' dir='ltr'>id</span> <span class='ocrx_word' id='word_1_518' title='bbox 913 5789 1026 5853; x_wconf 87' lang='lat' dir='ltr'>fiat</span> <span class='ocrx_word' id='word_1_519' title='bbox 1072 5789 1500 5875; x_wconf 89' lang='lat' dir='ltr'>precipimus,</span> <span class='ocrx_word' id='word_1_520' title='bbox 1550 5796 1615 5853; x_wconf 91' lang='lat' dir='ltr'>et</span> <span class='ocrx_word' id='word_1_521' title='bbox 1662 5790 2179 5854; x_wconf 84' lang='lat' dir='ltr'>maledictionem</span> <span class='ocrx_word' id='word_1_522' title='bbox 2226 5791 2353 5855; x_wconf 87' lang='lat' dir='ltr'>Dei</span> <span class='ocrx_word' id='word_1_523' title='bbox 2401 5792 2857 5878; x_wconf 89' lang='lat' dir='ltr'>omnipotentis</span> <span class='ocrx_word' id='word_1_524' title='bbox 2913 5814 2982 5856; x_wconf 89' lang='lat' dir='ltr'>se</span> <span class='ocrx_word' id='word_1_525' title='bbox 3046 5791 3296 5857; x_wconf 88' lang='lat' dir='ltr'>noverit</span> <span class='ocrx_word' id='word_1_526' title='bbox 3359 5792 3785 5856; x_wconf 87' lang='lat' dir='ltr'>incursurum.</span> <span class='ocrx_word' id='word_1_527' title='bbox 3840 5791 4033 5856; x_wconf 87' lang='lat' dir='ltr'>Hanc</span> <span class='ocrx_word' id='word_1_528' title='bbox 4096 5798 4313 5855; x_wconf 90' lang='lat' dir='ltr'>autem</span> 
     </span>
     <span class='ocr_line' id='line_1_44' title="bbox 669 5880 4313 5986; baseline 0.001 -26"><span class='ocrx_word' id='word_1_529' title='bbox 669 5897 1016 5984; x_wconf 87' lang='lat' dir='ltr'>paginam,</span> <span class='ocrx_word' id='word_1_530' title='bbox 1065 5897 1218 5961; x_wconf 89' lang='lat' dir='ltr'>licet</span> <span class='ocrx_word' id='word_1_531' title='bbox 1263 5897 1348 5960; x_wconf 92' lang='lat' dir='ltr'>sit</span> <span class='ocrx_word' id='word_1_532' title='bbox 1394 5918 1589 5960; x_wconf 89' lang='lat' dir='ltr'>manu</span> <span class='ocrx_word' id='word_1_533' title='bbox 1636 5897 1896 5984; x_wconf 90' lang='lat' dir='ltr'>publica</span> <span class='ocrx_word' id='word_1_534' title='bbox 1942 5880 2219 5984; x_wconf 83' lang='lat' dir='ltr'>scripta,</span> <span class='ocrx_word' id='word_1_535' title='bbox 2269 5921 2349 5962; x_wconf 91' lang='lat' dir='ltr'>ne</span> <span class='ocrx_word' id='word_1_536' title='bbox 2398 5899 2478 5962; x_wconf 90' lang='lat' dir='ltr'>de</span> <span class='ocrx_word' id='word_1_537' title='bbox 2524 5899 2648 5963; x_wconf 88' lang='grc'>1100</span> <span class='ocrx_word' id='word_1_538' title='bbox 2695 5900 3106 5964; x_wconf 90' lang='lat' dir='ltr'>concessione</span> <span class='ocrx_word' id='word_1_539' title='bbox 3155 5907 3219 5964; x_wconf 87' lang='lat' dir='ltr'>et</span> <span class='ocrx_word' id='word_1_540' title='bbox 3266 5899 3525 5965; x_wconf 88' lang='lat' dir='ltr'>datione</span> <span class='ocrx_word' id='word_1_541' title='bbox 3574 5900 3717 5986; x_wconf 89' lang='lat' dir='ltr'>quis</span> <span class='ocrx_word' id='word_1_542' title='bbox 3779 5899 4062 5983; x_wconf 89' lang='lat' dir='ltr'>dubitet,</span> <span class='ocrx_word' id='word_1_543' title='bbox 4110 5900 4313 5964; x_wconf 89' lang='lat' dir='ltr'>nostri</span> 
     </span>
     <span class='ocr_line' id='line_1_45' title="bbox 670 6003 1950 6090; baseline -0.001 -22"><span class='ocrx_word' id='word_1_544' title='bbox 670 6003 871 6090; x_wconf 87' lang='lat' dir='ltr'>sigilli</span> <span class='ocrx_word' id='word_1_545' title='bbox 916 6003 1186 6068; x_wconf 89' lang='lat' dir='ltr'>fecimus</span> <span class='ocrx_word' id='word_1_546' title='bbox 1235 6003 1587 6067; x_wconf 89' lang='lat' dir='ltr'>munimine</span> <span class='ocrx_word' id='word_1_547' title='bbox 1635 6005 1950 6068; x_wconf 86' lang='lat' dir='ltr'>roborari.</span> 
     </span>
    </p>

    <p class='ocr_par' dir='ltr' id='par_1_6' title="bbox 669 6110 4312 6415">
     <span class='ocr_line' id='line_1_46' title="bbox 849 6110 4308 6199; baseline 0 -25"><span class='ocrx_word' id='word_1_548' title='bbox 849 6110 1089 6174; x_wconf 88' lang='lat' dir='ltr'>Actum</span> <span class='ocrx_word' id='word_1_549' title='bbox 1135 6110 1201 6173; x_wconf 90' lang='lat' dir='ltr'>in</span> <span class='ocrx_word' id='word_1_550' title='bbox 1249 6111 1493 6196; x_wconf 89' lang='lat' dir='ltr'>palatio</span> <span class='ocrx_word' id='word_1_551' title='bbox 1539 6110 1847 6198; x_wconf 90' lang='lat' dir='ltr'>Episcopi</span> <span class='ocrx_word' id='word_1_552' title='bbox 1895 6111 2235 6177; x_wconf 90' lang='lat' dir='ltr'>millesimo</span> <span class='ocrx_word' id='word_1_553' title='bbox 2269 6113 2708 6178; x_wconf 87' lang='lat' dir='ltr'>ducentesimo</span> <span class='ocrx_word' id='word_1_554' title='bbox 2740 6113 3202 6196; x_wconf 89' lang='lat' dir='ltr'>decimotertio,</span> <span class='ocrx_word' id='word_1_555' title='bbox 3237 6113 3339 6178; x_wconf 90' lang='lat' dir='ltr'>die</span> <span class='ocrx_word' id='word_1_556' title='bbox 3374 6120 3606 6199; x_wconf 90' lang='lat' dir='ltr'>quarta</span> <span class='ocrx_word' id='word_1_557' title='bbox 3636 6114 3915 6178; x_wconf 88' lang='lat' dir='ltr'>intrante</span> <span class='ocrx_word' id='word_1_558' title='bbox 3954 6113 4308 6195; x_wconf 78' lang='lat' dir='ltr'>novembri,</span> 
     </span>
     <span class='ocr_line' id='line_1_47' title="bbox 670 6217 4312 6308; baseline 0.001 -27"><span class='ocrx_word' id='word_1_559' title='bbox 670 6217 1020 6281; x_wconf 88' lang='lat' dir='ltr'>indictione</span> <span class='ocrx_word' id='word_1_560' title='bbox 1066 6218 1297 6304; x_wconf 86' lang='lat' dir='ltr'>prima,</span> <span class='ocrx_word' id='word_1_561' title='bbox 1340 6218 1750 6303; x_wconf 87' lang='lat' dir='ltr'>presentibus</span> <span class='ocrx_word' id='word_1_562' title='bbox 1797 6220 2155 6306; x_wconf 84' lang='lat' dir='ltr'>presbitero</span> <span class='ocrx_word' id='word_1_563' title='bbox 2205 6220 2489 6305; x_wconf 81' lang='lat' dir='ltr'>Georgio</span> <span class='ocrx_word' id='word_1_564' title='bbox 2536 6220 2898 6307; x_wconf 83' lang='lat' dir='ltr'>Raynucio,</span> <span class='ocrx_word' id='word_1_565' title='bbox 2933 6221 3145 6285; x_wconf 89' lang='lat' dir='ltr'>scriba</span> <span class='ocrx_word' id='word_1_566' title='bbox 3192 6221 3392 6306; x_wconf 89' lang='lat' dir='ltr'>ipsius</span> <span class='ocrx_word' id='word_1_567' title='bbox 3438 6221 3765 6308; x_wconf 89' lang='lat' dir='ltr'>Episcopi,</span> <span class='ocrx_word' id='word_1_568' title='bbox 3798 6220 4136 6302; x_wconf 89' lang='lat' dir='ltr'>Jacobino,</span> <span class='ocrx_word' id='word_1_569' title='bbox 4169 6241 4312 6306; x_wconf 91' lang='lat' dir='ltr'>pre·</span> 
     </span>
     <span class='ocr_line' id='line_1_48' title="bbox 669 6324 3580 6415; baseline 0.001 -27"><span class='ocrx_word' id='word_1_570' title='bbox 669 6324 985 6390; x_wconf 88' lang='lat' dir='ltr'>nominati</span> <span class='ocrx_word' id='word_1_571' title='bbox 1030 6324 1340 6411; x_wconf 88' lang='lat' dir='ltr'>Episcopi</span> <span class='ocrx_word' id='word_1_572' title='bbox 1387 6327 1766 6409; x_wconf 89' lang='lat' dir='ltr'>camerario,</span> <span class='ocrx_word' id='word_1_573' title='bbox 1817 6334 1881 6391; x_wconf 90' lang='lat' dir='ltr'>et</span> <span class='ocrx_word' id='word_1_574' title='bbox 1927 6326 2362 6413; x_wconf 84' lang='lat' dir='ltr'>Martignone,</span> <span class='ocrx_word' id='word_1_575' title='bbox 2410 6329 2713 6415; x_wconf 89' lang='lat' dir='ltr'>prelibati</span> <span class='ocrx_word' id='word_1_576' title='bbox 2757 6327 3063 6415; x_wconf 90' lang='lat' dir='ltr'>Episcopi</span> <span class='ocrx_word' id='word_1_577' title='bbox 3109 6330 3429 6394; x_wconf 85' lang='lat' dir='ltr'>serviente</span> <span class='ocrx_word' id='word_1_578' title='bbox 3478 6354 3580 6392; x_wconf 83' lang='lat'>».·</span> 
     </span>
    </p>
   </div>
   <div class='ocr_carea' id='block_1_4' title="bbox 791 6553 3168 6628">
    <p class='ocr_par' dir='ltr' id='par_1_7' title="bbox 791 6553 3168 6628">
     <span class='ocr_line' id='line_1_49' title="bbox 791 6553 3168 6628; baseline 0.002 -21"><span class='ocrx_word' id='word_1_579' title='bbox 791 6554 907 6621; x_wconf 89' lang='lat' dir='ltr'>.(l)</span> <span class='ocrx_word' id='word_1_580' title='bbox 946 6553 1031 6605; x_wconf 86' lang='lat' dir='ltr'>Ex</span> <span class='ocrx_word' id='word_1_581' title='bbox 1066 6571 1179 6624; x_wconf 82' lang='lat' dir='ltr'>reg.</span> <span class='ocrx_word' id='word_1_582' title='bbox 1219 6554 1326 6606; x_wconf 91' lang='lat'>111.</span> <span class='ocrx_word' id='word_1_583' title='bbox 1366 6555 1595 6608; x_wconf 88' lang='lat' dir='ltr'>Honorii</span> <span class='ocrx_word' id='word_1_584' title='bbox 1632 6556 1765 6622; x_wconf 90' lang='lat'>111.,</span> <span class='ocrx_word' id='word_1_585' title='bbox 1807 6574 1896 6625; x_wconf 88' lang='lat' dir='ltr'>ep.</span> <span class='ocrx_word' id='word_1_586' title='bbox 1935 6560 2057 6623; x_wconf 82' lang='lat'>631,</span> <span class='ocrx_word' id='word_1_587' title='bbox 2098 6557 2193 6610; x_wconf 80' lang='lat' dir='ltr'>fol.</span> <span class='ocrx_word' id='word_1_588' title='bbox 2236 6561 2355 6624; x_wconf 80' lang='lat'>124,</span> <span class='ocrx_word' id='word_1_589' title='bbox 2393 6557 2729 6625; x_wconf 59' lang='lat' dir='ltr'>Mccxxl„</span> <span class='ocrx_word' id='word_1_590' title='bbox 2769 6558 2921 6611; x_wconf 78' lang='lat' dir='ltr'>XVI.</span> <span class='ocrx_word' id='word_1_591' title='bbox 2962 6560 3168 6628; x_wconf 86' lang='lat' dir='ltr'>aprilis.</span> 
     </span>
    </p>
   </div>
   <div class='ocr_carea' id='block_1_5' title="bbox 5510 3379 5512 4087">
    <p class='ocr_par' dir='ltr' id='par_1_8' title="bbox 5510 3379 5512 4087">
     <span class='ocr_line' id='line_1_50' title="bbox 5510 3379 5512 4087; baseline 0 0"><span class='ocrx_word' id='word_1_592' title='bbox 5510 3379 5512 4087; x_wconf 95' lang='lat' dir='ltr'> </span> 
     </span>
    </p>
   </div>
  </div>
 </body>
</html>
