5542 7775
2084 672 2249 724 mn.
2310 673 2455 723 clv,
2514 673 2610 723 m·
2667 673 2838 722 CAN.
2898 673 3114 722 Pnon.
4265 650 4410 722 361

783 850 1092 924 suaeque
1150 827 1424 924 patriae
1482 827 1817 925 prodesse
1874 852 2261 926 numquam
2318 828 2589 902 destitit
2646 828 3241 926 quemadmodum
3279 853 3370 902 ex
3408 829 3585 901 actis
3633 828 3893 901 nostris
3942 825 4241 925 publicis
4279 827 4422 901 col-

783 950 906 1046 ligi
963 959 1219 1049 potest.
1262 951 1399 1025 Sed
1457 952 1630 1025 iuris
1668 953 1927 1049 studia,
1969 953 2184 1026 etiam
2222 952 2694 1049 longo-veluti
2730 952 3108 1027 intervallo
3146 954 3575 1049 intermissa,
3618 978 3988 1027 revocasse
4028 952 4423 1050 putandum

784 1085 914 1150 est.
976 1077 1156 1150 Cum
1213 1078 1402 1150 enim
1457 1078 1707 1151 eadem
1771 1102 2203 1176 magnopere
2276 1078 2573 1152 florente
2651 1086 2888 1151 aetate
2964 1077 3392 1152 excoluisset
3448 1087 3519 1151 et
3574 1103 3715 1152 non
3774 1079 4198 1151 mediocrem
4256 1077 4419 1150 inde

783 1201 1081 1298 gloriam
1140 1202 1271 1274 sibi
1330 1210 1835 1299 comparasset,
1879 1203 2189 1275 dubitari
2246 1226 2416 1275 sane
2475 1226 2617 1274 non
2656 1208 2893 1299 potest
2933 1203 3100 1298 quin
3140 1202 3446 1300 aliquem
3486 1201 3740 1276 saltem
3776 1202 3994 1275 animi
4030 1202 4419 1300 requietem

780 1336 1055 1422 nactuS‚
1097 1326 1401 1401 libenter
1438 1336 1510 1400 et
1549 1352 1807 1422 magna
1845 1327 2063 1400 animi
2102 1327 2560 1401 consensione
2618 1327 2691 1398 in
2748 1351 2834 1400 ea
2885 1352 2959 1399 se
3008 1327 3263 1400 iterum
3302 1327 3676 1400 abdiderit.
3718 1327 4146 1400 Huiusmodi
4183 1335 4420 1400 autem

781 1454 1193 1549 graviorum
1263 1452 1711 1547 negotiorum
1780 1453 2150 1526 vacatione
2225 1476 2392 1525 usus
2461 1460 2570 1524 est
2642 1477 2865 1550 usque
2923 1453 3012 1524 ad
3070 1476 3335 1525 annum
3391 1451 3987 1549 MCCCXVIII.,
4047 1476 4186 1549 quo
4256 1477 4425 1525 sane

779 1602 1042 1652 novam
1096 1578 1286 1674 apud
1344 1577 1763 1650 Pontificem
1832 1577 2261 1673 legationem
2329 1577 2523 1650 obire
2599 1577 2832 1674 ipsum
2899 1576 3235 1675 oportuit.
3294 1577 3404 1650 De
3461 1576 3594 1650 hac
3653 1577 3934 1674 quidem
3995 1585 4275 1651 constat
4332 1602 4421 1650 ex

780 1703 959 1776 actis
1028 1703 1325 1800 publicis
1392 1702 1703 1775 eiusdem
1775 1703 1984 1798 anni3
2051 1702 2173 1775 sed
2241 1702 2408 1799 quid
2471 1726 2724 1775 revera
2794 1702 3058 1798 negotii
3118 1702 3249 1800 ipsi
3307 1703 3597 1800 eiusque
3655 1703 3863 1775 sociis
3920 1702 4424 1776 demandatum

780 1828 998 1902 fuerit
1056 1853 1144 1900 ex
1204 1828 1451 1900 iisdem
1509 1828 1794 1900 minime
1853 1836 2177 1925 apparet.

991 1953 1285 2025 Maioris
1341 1978 1510 2026 sane
1568 1952 1908 2026 momenti
1961 1951 2389 2045 legationem
2447 1953 2537 2025 ad
2596 1953 3045 2027 Florentinos
3104 1961 3175 2026 et
3233 1952 3581 2025 Senenses
3640 1952 3952 2050 suscepit
4006 1952 4419 2025 Bonifacius

779 2102 965 2151 anno
1024 2074 1465 2149 MCCCXX.
1527 2076 1924 2150 Bononiam
1981 2085 2278 2149 venerat
2332 2076 2755 2150 Franciscus
2795 2076 3213 2175 Ramponus
3252 2075 3647 2149 cenetensis
3685 2076 4081 2174 Episcopus
4129 2074 4419 2171 electus,

779 2205 899 2300 qui
965 2203 1332 2278 Pontificis
1407 2204 1688 2275 nomine
1748 2203 1851 2296 (is
1907 2211 2061 2275 erat
2116 2202 2434 2275 Joannes
2491 2202 2782 2297 XXII.)
2839 2217 3270 2299 magnopere
3338 2202 3543 2299 petiit
3613 2226 3656 2274 a
3710 2201 4278 2275 Bononiensibus
4345 2211 4424 2274 ut

780 2330 1242 2427 profligandis
1298 2329 1582 2426 penitus
1642 2327 1929 2401 tandem
1988 2325 2414 2401 Ghibellinis
2473 2329 2662 2402 omni
2719 2338 2981 2401 conatu
3018 2329 3533 2422 incumberent,
3576 2327 3765 2424 quod
3803 2325 3995 2399 haud
4034 2351 4201 2421 egre
4242 2326 4426 2400 obti-

780 2480 947 2528 nere
1006 2463 1335 2553 poterent
1392 2454 1449 2526 si
1507 2454 1735 2526 socios
1792 2477 1883 2526 ex
1941 2453 2341 2550 praecipuis
2401 2453 2652 2525 Italiae
2709 2453 3004 2526 urbibus
3079 2452 3575 2525 adsciscendos
3646 2459 4004 2524 curarent.
4064 2451 4266 2524 Haec
4343 2460 4423 2523 ut

698 2591 717 2605 ⁴
782 2588 1031 2653 notum
1089 2588 1198 2651 est
1258 2602 1431 2651 cura
1493 2637 1507 2653 .
1573 2636 1587 2652 .
1654 2635 1668 2650 .
1732 2575 1885 2651 .(¹).

943 2917 1022 2981 (1)
1062 2914 1165 2966 Hic
1208 2914 1429 2966 mutilus
1468 2912 1763 2966 Factorinii
1804 2913 2192 2982 autographus.

946 6532 1186 6571 ron.1n
4186 6514 4253 6562 46
