5542 7775
1219 634 1371 705 220
2792 653 3271 705 MONUMENTA

1215 810 1420 874 voluit
1467 817 1531 873 et
1577 808 1893 894 disposuit
1940 808 2108 894 quod
2158 808 2383 872 domus
2430 809 2573 892 ejus
2621 809 2831 895 posita
2879 809 2942 872 10
2992 809 3300 895 parochia
3348 811 3553 874 sancti
3600 810 3937 875 Michaelis
3978 812 4057 875 de
4089 812 4442 895 Boccaziis,
4477 834 4669 898 quam
4703 814 4857 878 emit

1213 918 1538 1004 quondam
1585 940 1624 981 a
1671 918 1930 982 domino
1977 916 2374 981 Munsarello
2422 917 2650 981 Alietti
2693 919 2886 1005 juxta
2934 918 3073 981 vias
3121 939 3159 980 a
3208 918 3414 982 tribus
3463 919 3793 1001 lateribus,
3843 928 3907 984 et
3949 921 4141 1004 juxta
4189 920 4459 985 heredes
4506 921 4857 986 Rolandini

1213 1027 1293 1091 de
1344 1025 1626 1090 Carariis
1677 1025 1852 1089 nullo
1900 1032 2188 1110 tempore
2236 1024 2301 1088 in
2349 1031 2731 1111 perpetuum
2796 1026 2998 1111 possit
3062 1025 3290 1107 vendi,
3340 1026 3443 1089 vel
3492 1027 3804 1111 obligari,
3855 1036 3967 1091 001
4014 1028 4321 1110 alienari,
4370 1029 4476 1092 vel
4521 1029 4651 1093 alio
4699 1051 4855 1115 quo-

1216 1155 1487 1219 cumque
1535 1134 1745 1213 modo,
1797 1133 1898 1196 vel
1946 1140 2280 1197 contractu
2329 1132 2391 1195 in
2442 1132 2639 1195 alium
2688 1132 3046 1215 transferri,
3082 1142 3180 1197 set
3227 1132 3461 1197 debeat
3507 1133 3679 1198 dicta
3727 1134 3953 1199 domus
4001 1142 4311 1222 perpetuo
4360 1138 4694 1200 annuatim
4742 1159 4857 1224 per

1215 1241 1505 1306 Priorem
1556 1247 1910 1304 conventus
1957 1240 2261 1304 Fratrum
2307 1240 2515 1303 sancti
2561 1239 2901 1304 Michaelis
2949 1240 3027 1304 de
3077 1240 3356 1323 Busche,
3408 1241 3517 1326 qui
3563 1262 3679 1327 pro
3728 1248 4014 1328 tempore
4062 1242 4278 1325 fuerit,
4327 1243 4525 1307 locari
4573 1244 4655 1307 ad
4702 1265 4856 1330 pen-

1215 1349 1501 1430 sionem,
1552 1355 1616 1411 ct
1662 1347 1888 1434 pensio
1937 1346 2114 1432 exigi
2162 1368 2277 1434 per
2324 1368 2512 1427 eum,
2563 1346 2668 1410 vel
2712 1368 2831 1432 per
2878 1348 3021 1430 ejus
3069 1355 3588 1433 procuratorem,
3639 1349 3749 1433 qui
3794 1347 3983 1412 Prior
4043 1349 4277 1413 debeat
4340 1350 4627 1435 quolibet
4689 1371 4857 1415 anno

1215 1457 1317 1521 die
1365 1455 1792 1539 anniversarij
1841 1454 2040 1540 ipsius
2088 1454 2414 1518 testatoris
2459 1476 2575 1540 pro
2624 1454 2841 1517 anima
2907 1476 3025 1517 sua
3091 1454 3297 1540 ipsam
3359 1455 3731 1540 pensionem
3796 1455 4179 1521 distribuere
4241 1463 4307 1519 et
4368 1478 4672 1541 errogare
4736 1457 4855 1522 hoc

1213 1564 1438 1647 modo;
1489 1562 1789 1627 videlicet
1836 1561 2247 1625 medietatem
2294 1562 2494 1647 ipsius
2541 1561 2870 1647 pensionis
2936 1561 3245 1626 exhibere
3308 1563 3652 1627 conventui
3713 1563 4016 1627 Fratrum
4063 1563 4387 1629 Minorum
4433 1563 4745 1648 Bononie,
4791 1573 4857 1630 et

1215 1673 1409 1736 aliam
1457 1671 1868 1735 medietatem
1915 1690 2031 1732 suo
2079 1668 2422 1732 conventui
2470 1669 2678 1732 sancti
2725 1668 3064 1733 Michaelis
3112 1668 3190 1733 de
3240 1669 3538 1751 Busch0,
3587 1676 3659 1734 ut
3723 1670 3845 1757 ipsi
3902 1678 4255 1735 conventus
4299 1671 4655 1757 predictam
4704 1694 4856 1758 pen·

1214 1780 1460 1843 sionem
1509 1778 1825 1857 habeant,
1875 1784 1940 1840 et
1985 1777 2049 1840 in
2096 1775 2514 1840 refectionem
2560 1775 2867 1839 Fratrum
2914 1797 3174 1840 suorum
3226 1783 3639 1859 convertant,
3690 1784 3754 1841 et
3800 1784 4143 1842 teneantur
4188 1777 4342 1843 dicti
4390 1788 4742 1843 conventus
4788 1780 4854 1843 in

1214 1887 1317 1951 die
1365 1885 1793 1969 anniversarij
1842 1885 1983 1968 ejus
2031 1883 2304 1968 singulis
2351 1884 2538 1946 annis
2585 1883 2897 1968 exequias
2945 1882 3158 1947 facere
3206 1906 3322 1970 pro
3370 1884 3587 1947 anima
3626 1884 3826 1970 ipsius
3860 1884 4206 1949 testatoris.
4244 1885 4314 1949 Si
4346 1894 4562 1949 autem
4594 1885 4855 1951 Fratres

1212 1994 1418 2059 sancti
1464 1992 1801 2057 Michaelis
1847 1991 1926 2055 de
1975 1991 2234 2054 Buscho
2282 1990 2604 2054 voluerint
2653 1992 2718 2055 in
2766 1990 2939 2055 dicta
2985 1990 3175 2054 domo
3223 1991 3570 2055 recondere
3616 1991 3901 2073 bladum,
3935 1992 4039 2056 vel
4075 1992 4203 2055 alia
4236 2015 4353 2079 pro
4386 2014 4609 2057 eorum
4643 2016 4852 2059 como-

1214 2102 1436 2183 ditate,
1471 2101 1695 2179 voluit,
1730 2099 1899 2185 quod
1948 2098 2194 2185 possint
2241 2098 2705 2162 habitationem
2754 2106 2819 2162 et
2866 2119 3053 2161 usum
3096 2098 3297 2185 ipsius
3329 2098 3555 2162 domus
3590 2098 3850 2181 habere,
3885 2098 4097 2164 dando
4131 2107 4195 2164 et
4227 2101 4536 2165 solvendo
4571 2102 4857 2187 quolibet

1213 2231 1412 2289 00110,
1463 2230 1588 2294 quo
1637 2229 1781 2271 eam
1828 2207 2068 2270 habere
2117 2213 2181 2269 et
2228 2206 2320 2269 uti
2369 2206 2690 2269 voluerint
2736 2227 2854 2292 pro
2904 2227 3008 2287 se,
3058 2206 3280 2270 decem
3337 2207 3536 2270 libras
3598 2206 4083 2270 bononenorum
4145 2208 4491 2272 conventui
4553 2208 4855 2273 Fratrum

1211 2318 1534 2382 Minorum
1581 2314 1874 2379 Bononie
1920 2321 2208 2399 tempore
2257 2312 2358 2376 sui
2406 2313 3000 2399 anniversarij.pro
3051 2314 3397 2377 refectione
3446 2313 3729 2400 ipsorum
3762 2313 4086 2379 Fratrum.
4122 2314 4310 2389 Quod
4343 2315 4400 2379 si
4430 2315 4618 2380 Prior
4649 2317 4853 2381 sancti

1214 2422 1549 2487 Michaelis
1597 2420 1677 2484 de
1724 2420 1982 2484 Buscho
2030 2420 2152 2483 hoc
2201 2419 2498 2499 noluerit,
2534 2420 2637 2483 vel
2687 2420 2971 2483 renuerit
3020 2419 3255 2502 facere,
3300 2421 3602 2484 succedat
3649 2421 3709 2483 ei
3758 2420 3821 2484 in
3869 2419 3991 2485 1100
4037 2421 4354 2507 hospitale
4402 2422 4608 2486 sancti
4653 2421 4852 2506 Petri,

1213 2538 1276 2595 et
1326 2536 1703 2616 procurator
1750 2526 2040 2612 ejusdem
2086 2526 2446 2612 hospitalis,
2482 2527 2592 2612 qui
2638 2526 2764 2590 ista
2797 2526 2941 2608 sibi,
2976 2534 3039 2591 et
3074 2527 3376 2613 hospitali
3410 2549 3525 2591 suo
3558 2549 3674 2613 pro
3708 2527 3993 2611 dimidia,
4029 2536 4093 2593 et
4124 2528 4464 2593 Fratribus
4498 2529 4853 2594 Minoribus

1212 2660 1329 2724 pro
1379 2638 1508 2700 alia
1556 2635 1822 2699 dimidia
1867 2635 2127 2717 habeat,
2161 2642 2231 2697 nt
2279 2634 2517 2698 dictum
2567 2642 2685 2716 est,
2721 2643 2785 2698 et
2832 2633 3065 2698 debeat
3112 2655 3460 2720 procurare
3518 2641 3582 2698 et
3630 2635 3695 2698 in
3740 2635 3864 2699 hoc
3910 2636 4212 2701 benefitio
4252 2644 4315 2700 et
4351 2638 4498 2721 jure
4533 2638 4852 2723 predictos

1214 2746 1585 2810 Conventus
1631 2743 1985 2824 Minorum,
2033 2749 2098 2807 et
2159 2742 2366 2805 sancti
2412 2741 2750 2805 Michaelis
2799 2741 2878 2805 (10
2926 2741 3221 2823 Buscho,
3271 2742 3326 2804 si
3371 2742 3562 2807 Prior
3608 2743 3809 2828 ipsius
3858 2752 4211 2808 conventus
4257 2744 4548 2829 predicta
4595 2745 4851 2827 fecerit,

1215 2853 1502 2937 alioquin
1549 2852 1689 2914 loco
1738 2850 1838 2913 sui
1884 2848 2126 2913 dictum
2171 2849 2491 2934 hospitale
2549 2849 2755 2912 sancti
2818 2848 2998 2912 Petri
3055 2848 3177 2912 sibi
3223 2848 3495 2913 heredes
3558 2850 3833 2914 instituit
3898 2859 4019 2915 010.
4068 2850 4219 2914 fidei
4280 2852 4751 2915 commissarios
4777 2853 4854 2915 (1)

1216 2983 1385 3039 3003,
1419 2968 1482 3023 01
1530 2959 1722 3042 hujus
1770 2957 1869 3020 sui
1916 2957 2285 3020 testamenti
2332 2965 2712 3020 executores
2760 2957 3112 3038 constituit,
3147 2963 3212 3021 et
3258 2956 3534 3043 reliquid
3582 2957 3661 3020 ad
3710 2957 4000 3043 predicta
4034 2958 4248 3022 omnia
4279 2959 4577 3023 facienda
4609 2968 4673 3023 et
4705 2980 4854 3023 exe-

1216 3068 1470 3154 quenda
1520 3066 1812 3129 Priorem
1859 3065 2066 3129 sancti
2110 3064 2447 3128 Michaelis
2481 3064 2559 3128 (10
2594 3065 2874 3146 Busche,
2910 3071 2975 3128 et
3008 3064 3299 3128 Priorem
3334 3065 3540 3128 sancti
3573 3064 4014 3129 Bartholomei
4063 3073 4245 3152 porte
4290 3066 4714 3149 Ravennatis,
4747 3067 4856 3152 qui

1214 3197 1330 3261 pro
1378 3183 1665 3259 tempore
1713 3172 1972 3253 fuerint,
2006 3178 2071 3236 et
2118 3171 2384 3234 fratrem
2435 3171 2692 3253 Carum,
2728 3179 2791 3235 et
2841 3172 3109 3236 fratrem
3156 3170 3535 3255 [Clarelnm]
3578 3180 3842 3257 nepotes
3877 3194 4047 3254 suos,
4081 3179 4146 3237 et
4178 3173 4468 3237 dominos
4502 3173 4856 3258 Ugolinum

1213 3281 1292 3346 de
1341 3281 1647 3362 MaranO,
1697 3279 2039 3343 Albertum
2088 3277 2167 3341 de
2215 3278 2592 3363 Piccigottis
2640 3286 2705 3342 01
2751 3279 3071 3343 Aliottum
3119 3277 3496 3364 [quondam]
3545 3278 3785 3342 domini
3831 3278 4211 3343 Munsarelli
4261 3286 4383 3344 etc.
4434 3287 4579 3366 post
4626 3281 4743 3345 hec
4790 3281 4855 3344 in

1213 3389 1339 3453 fine
1387 3388 1478 3452 sic
1528 3386 1862 3473 disposuit.
1913 3385 1990 3449 In
2039 3385 2334 3449 omnibus
2382 3386 2526 3448 aliis
2575 3386 2710 3449 suis
2758 3386 2942 3450 bonis
2990 3386 3333 3449 mobilibus
3380 3394 3444 3449 et
3492 3385 3944 3467 immobilibus,
3980 3394 4045 3450 et
4071 3386 4347 3471 juribus,
4381 3396 4447 3451 et
4493 3388 4853 3452 actionibus

1209 3496 1333 3560 sibi
1383 3493 1895 3581 competentibus
1942 3500 2007 3557 et
2055 3493 2496 3578 competituris
2545 3493 2903 3575 Julianum,
2952 3492 3333 3556 Fedcricnin
3381 3499 3446 3556 et
3495 3492 3920 3578 Synicardum
3969 3493 4136 3557 filios
4182 3494 4506 3579 quondam
4544 3494 4857 3580 Raynerii

1210 3605 1310 3668 sui
1356 3603 1575 3666 fratris
1622 3623 1739 3687 pro
1789 3601 1978 3665 tertia
2026 3608 2210 3686 parte
2254 3600 2570 3685 equaliter
2624 3600 2793 3663 inter
2847 3621 2956 3664 eos
3012 3599 3387 3681 dividenda,
3444 3607 3508 3664 et
3567 3599 3991 3685 Synicardum
4048 3601 4249 3665 filium
4306 3601 4629 3687 quondam
4685 3602 4855 3667 Tho-

1211 3711 1411 3795 maxij
1463 3709 1560 3773 301
1609 3709 1827 3772 fratris
1875 3730 1992 3793 pro
2041 3707 2171 3770 alia
2220 3708 2410 3771 tertia
2457 3714 2664 3793 parte,
2699 3713 2763 3770 et
2811 3707 3359 3789 Bonaventuram,
3395 3714 3458 3771 et
3505 3706 3929 3771 Jacobuzium
3975 3707 4140 3771 filios
4187 3708 4428 3772 domini
4476 3708 4853 3794 Aldegherii

1208 3818 1429 3883 fratris
1477 3817 1579 3880 301
1624 3838 1740 3903 pro
1790 3815 2039 3901 reliqua
2089 3815 2281 3878 tertia
2327 3820 2510 3901 parte
2560 3814 2683 3878 sibi
2730 3813 3001 3878 heredes
3049 3814 3323 3878 instituit
3371 3822 3491 3879 etc.

1389 3926 1626 3990 Actum
1674 3924 1796 3988 fuit
1843 3930 2299 3987 testamentum
2347 3922 2741 4008 predictum,
2791 3923 2858 3985 in
2907 3944 3032 4008 quo
3080 3922 3367 4008 predicta
3424 3925 3852 4006 continentur,
3902 3923 3967 3988 in
4015 3924 4318 3988 chamera
4367 3924 4565 4009 ipsius
4613 3924 4855 3989 domini

1208 4032 1762 4119 Archipresbiteri
1811 4031 1983 4117 apud
2030 4030 2368 4094 ecclesiam
2416 4029 2592 4093 beati
2637 4029 2819 4093 Petri
2866 4029 3159 4093 Bononie
3208 4029 3271 4093 in
3320 4031 3646 4116 presentia
3693 4030 3954 4117 dompni
3995 4030 4348 4095 Petroboni
4380 4032 4719 4116 presbiteri
4752 4053 4853 4096 sa-

1210 4142 1401 4206 criste
1450 4140 1618 4204 dicte
1666 4138 1935 4203 ecclesie
1986 4137 2095 4223 qui
2142 4137 2384 4200 (1101010
2433 4142 2810 4201 testatorem
2856 4135 3020 4200 dixit
3067 4158 3135 4200 se
3198 4158 3623 4222 cognoscere;
3670 4138 4075 4224 presentibus
4141 4137 4400 4202 domino
4448 4138 4731 4223 Ugolino
4791 4145 4856 4203 et

1209 4249 1469 4313 domino
1517 4247 1839 4331 Folingno
1888 4244 2214 4309 canonicis
2262 4243 2788 4326 bononiensibus,
2837 4243 3196 4330 presbitero
3243 4243 3593 4309 Formento
3640 4252 3705 4309 et
3751 4244 4026 4309 dominis
4075 4244 4358 4310 Consilio
4391 4252 4456 4309 et
4486 4243 4641 4309 Pari
4673 4267 4855 4310 man-

1210 4355 1511 4420 sionariis
1560 4353 1850 4418 Ecclesie
1899 4352 2335 4434 bononiensis,
2369 4351 2569 4415 fratre
2620 4351 2941 4416 Coradino
2990 4351 3069 4415 (10
3119 4351 3438 4416 Cremona
3484 4352 3563 4416 de
3613 4352 3856 4417 Ordine
3902 4351 4248 4436 Minorum,
4281 4352 4638 4438 presbitero
4686 4354 4853 4418 Zan-

1210 4464 1379 4529 110110
1429 4462 1508 4526 (10
1557 4469 1780 4525 sancto
1829 4460 2110 4525 Martino
2159 4459 2238 4523 de
2286 4459 2559 4545 Apoxa,
2605 4459 2964 4545 presbitero
3011 4457 3311 4524 Johanne
3378 4460 3735 4547 cappelano
3797 4460 3951 4524 (11011
4013 4460 4255 4524 (1001101
4308 4460 4853 4546 Archipresbiteri

1210 4578 1275 4635 et
1325 4570 1606 4655 Symone
1655 4567 1922 4652 Ugolini
1970 4567 2049 4630 de
2098 4566 2420 4631 Castaldis
2470 4566 2720 4631 notario
2770 4572 2834 4630 et
2883 4573 3035 4630 tunc
3082 4567 3165 4631 ad
3213 4568 3615 4632 memorialia
3664 4567 3992 4654 deputatO,
4033 4567 4304 4631 testibus
4353 4588 4391 4630 a
4438 4567 4609 4632 dicto
4656 4575 4852 4633 testa-

1210 4685 1348 4742 tore
1395 4677 1660 4762 rogatiS.

1389 4783 1492 4864 (L.
1520 4784 1563 4865 †
1598 4782 1693 4864 S.)
1739 4782 1883 4866 Ego
1932 4780 2312 4846 Leonardus
2361 4781 2685 4867 quondam
2733 4780 3075 4844 Bonvicini
3123 4781 3469 4864 Leonardi,
3505 4781 3824 4868 imperiali
3872 4782 4255 4846 auctoritate
4295 4782 4607 4864 notarius,
4642 4780 4851 4867 predi-

1211 4899 1381 4957 ctam
1429 4898 1682 4977 partem
1731 4890 2099 4953 testamenti
2150 4888 2349 4975 ipsius
2395 4888 2690 4973 magistri
2741 4888 3061 4953 Sinicardi
3107 4896 3300 4974 prout
3348 4889 3410 4952 in
3438 4896 3842 4974 ‘testamento
3876 4911 3992 4954 suo
4026 4890 4263 4972 inveni,
4296 4911 4381 4954 ex
4413 4888 4856 4974 rogationibus

1210 4999 1364 5064 (11011
1414 4999 1540 5062 0101
1588 4998 1791 5084 patris
1840 5018 1922 5061 ex
1971 4996 2355 5060 auctoritate
2404 4996 2596 5060 michi
2645 5016 2952 5060 concessa
2997 5017 3113 5081 per
3161 5017 3429 5060 comune
3476 4996 3771 5061 Bononie
3821 4996 3910 5060 ita
3957 4995 4354 5083 exemplavi,
4403 4996 4631 5082 scripsi
4676 5002 4740 5059 et
4785 4996 4849 5059 10

1208 5108 1538 5193 publicam
1587 5107 1861 5170 formam
1910 5104 2130 5188 redegi
2179 5110 2244 5167 et
2291 5103 2642 5189 subscripsi
2690 5111 2755 5167 et
2803 5103 3059 5187 signavi
3105 5110 3225 5168 etc.

2945 5369 3138 5434 VIII.

2681 5567 2875 5650 1279,
2930 5567 3013 5630 13
3058 5566 3406 5631 decembri&

1222 5768 1328 5833 Ex
1375 5766 1575 5832 Arch.
1623 5764 1801 5829 Max.
1848 5765 2031 5848 bon.,
2083 5765 2147 5827 10
2199 5763 2458 5828 Memor.
2506 5763 2772 5847 Comm„
2821 5763 3014 5828 Mem.
3064 5762 3383 5828 Johannis
3422 5757 3806 5827 ‘Bonacosae
3857 5761 4224 5843 Cavallerii,
4280 5765 4471 5845 1279,
4521 5784 4574 5826 0.
4616 5765 4739 5827 166
4787 5784 4848 5827 v.

1389 5960 1870 6046 [Mcclxxviiij.]
1917 5960 2040 6024 Die
2090 5961 2390 6025 mercurii
2439 5960 2578 6043 xiij.
2628 5960 2911 6024 intrante
2960 5959 3305 6023 decembri.

1388 6073 1495 6146 (Ῑῖ
1524 6069 1935 6134 Venerabilis
1983 6075 2168 6155 pater
2213 6069 2510 6133 dominus
2558 6069 2759 6132 frater
2809 6067 3270 6149 Thederichus,
3304 6067 3643 6153 episcopus
3677 6065 4045 6147 cerviensis,
4079 6064 4325 6128 habens
4358 6064 4617 6150 plenam
4653 6063 4849 6128 licen-

1209 6178 1368 6243 tiam
1415 6185 1481 6242 et
1529 6176 2017 6242 irrevocabilem
2065 6183 2454 6262 potestatem
2502 6197 2541 6240 a
2588 6175 2915 6240 canonicis
2963 6182 3026 6239 et
3074 6174 3356 6260 capitulo
3389 6173 3589 6260 ipsius
3621 6171 3909 6238 Ecclesie
3943 6171 4291 6236 cerviensis
4323 6192 4517 6257 super
4555 6170 4679 6235 hiis
4727 6191 4850 6256 que

1209 6286 1276 6350 in
1324 6286 1609 6372 presenti
1656 6285 2081 6349 instrumento
2128 6284 2559 6367 continentur,
2609 6283 2773 6348 sicut
2821 6289 3047 6368 aparet
3094 6303 3178 6345 ex
3224 6281 3669 6363 instrumento,
3718 6279 3853 6343 sive
3897 6278 4362 6361 instrumentis,
4411 6278 4668 6365 scripto,
4714 6277 4849 6342 sive

1372 6518 1451 6583 (1)
1491 6533 1520 6567 ‹
1563 6515 1726 6567 Fieda·
1762 6516 2158 6568 commissarios
2198 6532 2229 6565 »
2266 6531 2365 6584 pro
2404 6531 2433 6565 ι
2472 6514 2602 6580 fidei
2637 6515 3036 6566 commissarios
3074 6530 3103 6561 ι
3144 6512 3364 6582 legitur.
