5542 7775
1669 664 2130 714 SPEOTANTIA
2185 664 2288 714 AD
2344 664 2857 715 Paornssoans
2911 666 3329 715 MnnlcmAn
4165 647 4314 717 217

686 832 750 881 et
797 817 999 882 frater
1047 818 1260 906 Guido
1308 818 1388 883 de
1435 825 1658 884 sancto
1699 819 2028 902 Mauritio,
2060 819 2342 885 sindicus
2389 826 2454 884 et
2499 828 2879 906 procurator
2927 820 3245 885 dictorum
3291 820 3536 885 Prioris
3584 828 3648 885 et
3693 820 4017 905 Fratrum,
4065 822 4323 886 nomine

684 924 1002 989 dictorum
1047 925 1294 991 Prioris
1342 933 1407 991 et
1454 926 1737 1013 Capituli
1769 926 2072 991 Fratrum
2105 927 2310 991 sancti
2343 926 2385 992 J
2390 928 2575 992 acobi
2607 927 2686 992 de
2722 926 2986 1011 Savina,
3020 928 3266 992 habens
3314 927 3396 992 ad
3444 927 4090 1015 compromittendum
4131 949 4326 1015 super

685 1032 763 1095 iis
810 1033 1090 1119 speciale
1138 1033 1544 1117 mandatum,
1592 1054 1676 1097 ex
1723 1034 1964 1114 altera,
2013 1035 2588 1120 compromiserunt
2634 1056 2702 1098 se
2748 1034 2817 1098 in
2863 1035 3303 1100 venerabilem
3347 1042 3600 1122 patrem
3644 1036 3974 1100 dominum
4021 1034 4324 1100 Octavia-

684 1161 859 1223 num,
913 1140 1038 1205 Dei
1084 1142 1297 1227 gratia
1343 1141 1806 1207 bononiensem
1851 1141 2168 1224 Electum,
2215 1149 2548 1227 tamquam
2593 1143 2659 1206 in
2718 1142 3063 1226 arbitrum,
3112 1149 3184 1207 ut
3229 1142 3309 1207 de
3352 1144 3534 1228 jure,
3583 1143 3721 1207 sine
3768 1144 4041 1230 strepitu
4083 1143 4323 1228 juditii,

686 1269 879 1333 super
925 1248 1229 1333 predictis
1278 1249 1574 1313 omnibus
1621 1257 1686 1313 et
1732 1249 2003 1333 singulis
2049 1256 2113 1313 et
2158 1271 2352 1334 super
2399 1250 2476 1312 iis
2538 1271 2661 1335 que
2708 1249 2997 1335 predicta
3052 1250 3467 1335 contingunt,
3509 1251 3712 1337 possit
3756 1251 4102 1336 procedere
4151 1272 4322 1314 sum-

683 1355 886 1419 marie
934 1363 998 1420 et
1038 1377 1447 1440 cognoscere,
1493 1364 1752 1421 servata
1778 1357 1943 1441 juris
1990 1357 2461 1442 solempnitate,
2497 1357 2600 1420 vel
2648 1378 2777 1421 nou
2825 1365 3103 1440 servata,
3152 1358 3317 1422 sicut
3364 1358 3423 1421 ei
3468 1357 3813 1440 videbitur,
3862 1365 3927 1422 et
3973 1357 4325 1422 secundum

678 1462 844 1546 juris
909 1463 1197 1527 ordinem
1261 1462 1535 1527 diffinire
1583 1470 1648 1527 et
1695 1463 2111 1550 pronuntiare
2159 1463 2358 1527 semel
2420 1470 2484 1528 et
2543 1464 2786 1549 pl‘uries
2849 1485 2994 1528 cum
3056 1465 3374 1549 scriptura
3437 1472 3503 1529 et
3548 1466 3686 1529 sine
3733 1466 4051 1551 scriptura
4098 1465 4324 1530 diebus

684 1568 963 1652 feriatis,
1013 1570 1245 1655 quibus
1287 1578 1515 1656 sponte
1561 1570 2128 1652 renuntiaverunt,
2179 1576 2244 1633 et
2288 1589 2417 1633 non
2464 1568 2732 1651 feriatis,
2780 1569 2945 1633 sicut
2992 1570 3050 1634 ei
3099 1570 3458 1653 videbitur3
3504 1572 3951 1656 promittentes
3997 1593 4065 1636 se
4114 1579 4324 1635 ratum

683 1675 1019 1740 habituros
1067 1698 1182 1763 per
1228 1699 1296 1741 se
1346 1684 1410 1741 et
1457 1698 1606 1741 suos
1653 1697 2058 1741 successores
2120 1676 2292 1740 omni
2356 1684 2643 1762 tempore
2691 1677 2998 1762 quicquid
3042 1699 3160 1763 per
3205 1678 3415 1763 ipsum
3461 1678 3790 1743 dominum
3836 1679 4134 1743 Electum
4180 1700 4324 1743 sen·

685 1784 1061 1867 tentiatum,
1126 1785 1614 1870 pronuntiatum
1676 1770 1781 1848 rel
1827 1784 2168 1847 diffinitum
2229 1784 2424 1847 fuerit
2485 1784 2604 1847 sub
2664 1805 2835 1870 pena
2897 1786 3395 1870 quingentarum
3458 1786 3771 1850 librarum
3839 1788 4324 1851 bononenorum

684 1891 960 1956 invicem
1008 1900 1072 1955 et
1120 1893 1243 1978 ipsi
1289 1892 1531 1956 arbitro
1580 1893 1919 1977 promissa,
1968 1898 2033 1955 et
2079 1912 2205 1955 non
2254 1898 2479 1955 contra
2525 1892 2744 1955 venire
2793 1893 3041 1957 ratione
3076 1893 3295 1978 aliqua
3328 1894 3463 1957 sive
3498 1914 3714 1977 causa,
3750 1895 3937 1958 modo
3971 1894 4188 1980 aliquo
4219 1894 4326 1958 vel

685 1999 966 2084 ingeniO,
1002 2022 1118 2065 nec
1166 2021 1490 2087 opponere
1539 2000 1710 2086 quod
1743 2000 2082 2082 sententia,
2117 2021 2239 2085 que
2273 2000 2536 2081 feretur,
2570 2000 2653 2063 sit
2681 2000 2925 2086 iniqua,
2960 2022 3074 2064 seu
3107 2001 3279 2086 quod
3311 2002 3656 2066 reducatur
3685 2002 3765 2066 ad
3801 2002 4138 2066 arbitrium
4170 2002 4323 2066 boni

685 2107 828 2189 viri,
871 2129 988 2171 nec
1036 2109 1310 2192 alicujus
1358 2108 1632 2171 lexionis
1681 2108 2015 2171 occasione
2068 2108 2534 2172 restitutionem
2583 2107 2867 2192 aliquam
2912 2108 3279 2195 implorare,
3314 2109 3433 2173 sub
3477 2129 3645 2195 pena
3700 2109 4199 2194 quingentarum
4245 2109 4322 2172 li-

686 2214 946 2278 brarum
996 2205 1480 2279 bononeuorum
1530 2236 1568 2278 a
1614 2214 1852 2301 p[arte]
1901 2236 2029 2278 non
2076 2222 2374 2279 servante
2410 2214 2516 2278 vel
2547 2236 2807 2278 servare
2842 2215 3098 2279 nolente
3132 2216 3302 2302 parti
3335 2216 3621 2280 servanti
3652 2216 3753 2279 vel
3788 2237 4048 2281 servare
4080 2217 4324 2281 volenti

685 2321 1016 2405 solvenda,
1052 2330 1116 2386 et
1165 2322 1561 2408 obligatione
1607 2322 1922 2386 bonorum
1968 2321 2284 2386 dictorum
2334 2321 2617 2408 Capituli
2662 2329 2728 2386 et
2777 2322 3167 2405 Conventus,
3202 2330 3267 2387 et
3313 2323 3736 2410 dampnorum
3787 2331 3851 2388 et
3890 2345 4324 2409 expensarum

683 2429 1070 2510 refectione3
1120 2451 1248 2515 qua
1311 2430 1553 2511 soluta,
1602 2430 1705 2493 ‘vel
1770 2451 1932 2511 non,
1981 2428 2563 2514 com[promissum]
2626 2437 2690 2493 et
2752 2431 3074 2494 sententia
3121 2438 3185 2493 et
3231 2452 3416 2494 omne
3466 2430 3567 2512 id,
3617 2431 3788 2516 quod
3836 2431 4323 2516 pronuntiatum

684 2536 900 2618 fuerit,
943 2538 1140 2600 robur
1189 2538 1476 2601 obtineat
1522 2543 1832 2623 perpetue
1879 2537 2220 2601 firmitatis.

863 2645 948 2708 Et
997 2645 1258 2732 insuper
1304 2644 1621 2731 dompnus
1684 2643 1918 2726 Gnido,
1962 2645 2181 2709 abbas-
2237 2644 2609 2708 monasterii
2670 2645 2876 2708 sancti
2934 2644 3270 2708 Michaelis
3334 2645 3413 2709 de
3476 2645 3833 2728 Medicina,
3879 2653 3946 2710 et
4006 2647 4324 2732 presbiter

685 2751 1038 2833 Johanues,
1074 2752 1290 2816 clerici
1332 2752 1539 2815 sancti
1582 2751 1929 2833 Leonardi,
1965 2758 2029 2815 et
2076 2752 2372 2816 dominus
2417 2752 2673 2834 Petrus,
2707 2757 2917 2815 rector
2957 2752 3224 2815 ecclesie
3266 2761 3485 2816 sancte
3519 2753 3725 2817 Marie
3756 2752 4145 2837 Magdaleue
4178 2775 4322 2839 pre-

685 2866 920 2940 sentes,
972 2858 1146 2941 [hiis]
1197 2858 1491 2923 omnibus
1540 2866 1604 2922 et
1649 2858 1923 2941 singulis
1973 2864 2454 2923 consenserunt.
3050 2851 3057 2857 “

863 2966 1172 3029 Preterea
1221 2965 1517 3030 dominus
1566 2965 1768 3029 frater
1814 2965 2223 3029 Lanfrancus
2271 2966 2446 3051 prior
2492 2964 2816 3049 generalis
2866 2965 3136 3051 predicti
3183 2965 3445 3030 Ordinis
3505 2966 3985 3047 heremitarum,
4034 2988 4319 3052 prosena,

685 3072 988 3159 predictis
1038 3073 1333 3137 omnibus
1382 3072 1725 3154 consensit,
1776 3079 1840 3136 et
1887 3094 2068 3135 suam
2118 3072 2566 3136 auctoritatem
2615 3077 2680 3135 et
2726 3093 3061 3136 assensum
3107 3072 3409 3158 prestitit.

860 3181 1099 3244 Actum
1144 3179 1436 3244 Bononie
1485 3180 1550 3242 in
1598 3179 1870 3243 balcone
1918 3202 1956 3242 a
2003 3179 2206 3243 latere
2255 3200 2397 3242 sero
2448 3199 2702 3243 camere
2752 3178 2995 3242 domini
3037 3179 3449 3244 bononiensis
3481 3179 3710 3262 Electi,
3746 3182 4153 3266 presentibus
4186 3202 4319 3244 ma-

685 3289 885 3372 gistro
933 3287 1340 3351 Bernardino
1389 3287 1631 3351 vicario
1678 3286 1921 3351 domini
1966 3286 2379 3350 bononiensis
2423 3285 2652 3368 Electi,
2686 3286 2944 3365 domino
2994 3286 3294 3350 Johanne
3340 3287 3552 3372 priore
3601 3293 3820 3352 sancte
3853 3287 4058 3351 Marie
4093 3287 4321 3372 m[ajo-

683 3394 817 3478 ris],
866 3394 1124 3458 domino
1172 3394 1528 3480 presbitero
1576 3393 1874 3457 Rolando
1924 3393 2002 3457 de
2055 3393 2379 3475 SerenicO,
2423 3392 2681 3456 domino
2727 3392 2947 3457 Vitale
2995 3392 3075 3457 de
3123 3393 3467 3458 Allxendis
3515 3395 3786 3477 notari0,
3821 3394 4078 3459 domino
4124 3395 4319 3458 Lam-

682 3502 934 3566 bertino
983 3502 1062 3565 de
1109 3510 1332 3565 sancto
1381 3501 1681 3565 «Iohanne
1730 3508 1794 3564 et
1841 3500 2100 3564 Janello
2156 3500 2437 3582 Perlini,
2487 3500 2720 3564 clerico
2785 3499 3067 3564 eiusdem
3135 3508 3341 3583 terre,
3391 3501 3696 3584 testibus,
3746 3511 3811 3566 et
3873 3502 3937 3565 in
3996 3503 4320 3589 presentia

684 3609 838 3673 dicti
885 3608 1127 3671 domini
1171 3606 1427 3672 Ellecti.

861 3716 977 3797 (L.
997 3717 1040 3798 †
1068 3716 1163 3796 S.)
1195 3716 1339 3800 Ego
1370 3715 1671 3780 Matheus
1706 3713 2031 3800 quondam
2055 3714 2097 3779 J
2102 3714 2286 3778 acobi
2318 3713 2627 3798 Palatinj,
2663 3714 3046 3779 auctoritate
3081 3715 3399 3800 imperiali
3440 3716 3694 3799 notarii,
3720 3716 4024 3802 predictis
4057 3738 4320 3803 presens

683 3824 988 3907 existens,
1039 3845 1118 3887 ea
1165 3823 1380 3888 omnia
1421 3823 1608 3907 jussu
1656 3821 2088 3908 predictorum
2136 3822 2362 3908 scripsi
2409 3827 2473 3886 et
2519 3822 2584 3884 in
2629 3822 2955 3908 publicam
3005 3822 3279 3886 formam
3326 3822 3568 3909 redegi.

858 4039 1155 4113 (E‘Anno
1181 4037 1444 4102 Domini
1477 4037 1816 4101 millesimo
1850 4037 2287 4101 ducentesimo
2320 4037 2725 4120 sexagesimo
2759 4037 3062 4120 secundO,
3088 4037 3434 4102 indictione
3469 4039 3712 4124 quinta,
3741 4038 3843 4103 die
3877 4040 4101 4103 ultimo
4129 4040 4316 4123 junii,

682 4168 875 4231 super
923 4146 1212 4226 balcone,
1249 4145 1353 4230 qui
1398 4153 1494 4209 est
1540 4166 1578 4208 a
1628 4166 1771 4208 sero
1820 4165 2072 4208 camere
2105 4144 2347 4208 domini
2379 4144 2791 4208 bononiensis
2824 4143 3052 4226 Electi,
3088 4145 3260 4209 facto
3294 4145 3751 4231 compromisso
3788 4146 3852 4209 in
3882 4146 4319 4210 venerabilem

679 4261 928 4339 patrem
978 4253 1308 4316 dominum
1354 4250 1786 4317 Octavianum
1833 4251 2294 4315 bononiensem
2325 4251 2642 4333 Electum,
2676 4252 3084 4337 presentibus
3119 4251 3414 4315 omnibus
3463 4253 3572 4337 qui
3620 4254 4078 4339 compromisso
4126 4254 4321 4317 inter-

680 4360 962 4443 fuerunt,
1013 4360 1180 4423 idem
1229 4359 1617 4423 venerabilis
1665 4367 1851 4446 pater
1897 4359 2193 4422 dominus
2243 4358 2659 4441 Octavianus,
2708 4359 3123 4422 bononiensis
3170 4358 3455 4437 Electus,
3498 4360 3723 4424 statuit
3769 4360 4111 4424 terminum
4166 4360 4319 4424 Bol-

680 4467 845 4531 nisio
909 4466 1195 4549 notario,
1245 4466 1489 4529 sindico
1553 4465 1956 4529 dominorum
2005 4465 2551 4551 Archipresbiteri
2599 4472 2664 4529 et
2712 4465 2995 4551 Capituli
3041 4466 3490 4549 bononiensis,
3539 4474 3603 4530 et
3657 4467 3843 4530 fratri
3907 4466 4189 4531 Guidoni
4242 4467 4321 4531 de

680 4581 901 4638 sancto
950 4573 1276 4656 MauritiO,
1319 4572 1564 4637 sindico
1612 4572 1857 4637 Prioris
1905 4579 1969 4635 et
2015 4573 2319 4636 Fratrum
2366 4573 2827 4637 heremitarum
2876 4572 3084 4636 sancti
3129 4572 3362 4637 Jacobi
3407 4572 3486 4636 de
3538 4573 3779 4636 Savina
3820 4574 4013 4658 juxta
4060 4574 4322 4637 circlam

680 4681 958 4746 civitatis
1009 4680 1320 4762 Bononie,
1356 4687 1426 4743 ut
1473 4680 1626 4743 dent
1673 4680 1794 4743 sibi
1842 4681 2057 4743 omnia
2104 4681 2531 4744 instrumenta
2578 4687 2643 4744 et
2683 4682 2836 4765 jura
2882 4702 3005 4766 que
3052 4680 3296 4744 habent
3342 4687 3405 4744 et
3453 4680 3684 4766 quibus
3732 4681 3958 4744 volunt
3992 4681 4319 4765 utiusque

681 4788 762 4852 ad
812 4788 981 4852 diem
1030 4787 1420 4852 dominicum
1466 4788 1759 4873 proxime
1809 4793 2204 4851 venturum.-

856 5002 1103 5067 Eodem
1151 5023 1319 5065 anno
1367 5008 1431 5065 et
1478 5001 1847 5083 indictione,
1893 5001 1996 5065 die
2046 5023 2215 5066 nono
2264 5002 2544 5066 intrante
2587 5002 2775 5086 julio,
2819 5001 3106 5088 precepit
3152 5002 3448 5066 dominus
3493 5002 3757 5066 Electus
3804 5002 4130 5088 predictus
4177 5022 4317 5086 pre·

680 5111 867 5174 dictis
917 5108 1213 5192 Sindicis,
1263 5108 1432 5194 quod
1482 5129 1644 5190 cras,
1688 5115 1835 5194 post
1881 5129 2139 5191 nouam,
2175 5107 2393 5172 statim
2440 5109 2570 5174 sint
2616 5110 2681 5172 in
2729 5109 2957 5174 eodem
3004 5110 3145 5173 loco
3193 5131 3340 5175 cum
3389 5109 3802 5195 Sapientibus
3850 5110 3982 5172 suis
4031 5108 4113 5172 ad
4160 5108 4318 5172 alle-

680 5217 968 5303 gandum
1015 5217 1225 5281 adhuc
1272 5215 1590 5301 ali[quid],
1626 5216 1678 5278 si
1727 5215 1972 5298 volunt,
2007 5237 2225 5280 coram
2274 5214 2689 5301 Sapientibus
2737 5216 2959 5280 electis
3005 5237 3123 5302 per
3171 5238 3338 5300 eum,
3388 5224 3452 5281 et
3496 5217 3882 5301 perentorie,
3932 5224 3998 5280 et
4043 5215 4127 5279 ad
4173 5236 4317 5278 sen-

681 5325 952 5389 tentiam
998 5323 1406 5387 audiendam.

856 5537 934 5600 In
983 5537 1238 5602 nomine
1286 5536 1502 5600 Patris
1552 5543 1614 5601 et
1680 5537 1832 5600 Filii
1894 5545 1990 5601 et·
2022 5536 2297 5623 Spiritus
2363 5536 2620 5621 Sancti,
2671 5559 2880 5601 amen.
2934 5536 3145 5623 Super
3208 5537 3580 5623 questione,
3630 5559 3754 5623 que
3818 5536 4089 5600 vertitur
4149 5535 4318 5598 inter

674 5645 1038 5709 Bolnisium
1086 5644 1444 5726 notarium,
1492 5651 1977 5729 procuratorem
2024 5651 2088 5708 et
2135 5644 2451 5709 sindicum
2514 5645 2797 5731 Capituli
2853 5645 3310 5728 bononiensis,
3361 5653 3425 5709 et
3486 5644 3753 5708 fratrem
3817 5643 4180 5708 Gnidonem
4239 5642 4319 5706 de

676 5758 898 5816 sancto
933 5751 1260 5834 Maur-itio,
1296 5752 1610 5815 sindicum
1659 5758 1724 5815 et
1771 5759 2252 5837 procuratorem
2301 5753 2570 5817 ecclesie
2618 5759 2683 5816 et
2721 5753 3027 5817 Fratrum
3068 5753 3552 5817 Heremitarum
3585 5751 3790 5815 sancti
3823 5751 4054 5815 Jacobi
4086 5750 4165 5814 de
4201 5749 4316 5813 Sa-

675 5860 827 5922 vina
870 5860 1061 5942 juxta
1112 5858 1389 5923 Circlam
1438 5858 1717 5922 civitatis
1763 5858 2091 5941 Bononie,
2143 5867 2356 5923 utrum
2405 5867 2693 5946 pactum,
2743 5860 2986 5924 sactum
3034 5881 3151 5946 per
3205 5858 3645 5923 venerabilem
3691 5866 3944 5945 patrem
3989 5857 4319 5921 dominum

677 5967 944 6032 fratrem
977 5967 1296 6032 Jacobum
1330 5968 1792 6031 bononiensem
1838 5966 2253 6053 Episcopum,
2287 5990 2405 6054 pro
2452 5990 2520 6032 se
2567 5975 2632 6033 et
2678 5968 2978 6054 Capitulo
3026 5969 3440 6032 bononiensis
3485 5967 3776 6031 Ecclesie
3825 5989 3910 6032 ex
3950 5989 4078 6030 una
4110 5974 4315 6053 parte,

677 6081 742 6138 et
797 6076 1120 6160 quendam
1165 6075 1433 6138 fratrem
1480 6075 1749 6139 ecclesie
1798 6080 1864 6138 et
1909 6074 2172 6140 Ordinis
2215 6076 2650 6161 predictorum
2700 6076 3006 6140 Fratrum
3053 6077 3259 6140 sancti
3305 6076 3539 6161 Jacobj
3603 6075 3682 6139 de
3747 6075 4010 6156 Savina,
4059 6076 4318 6140 nomine

678 6183 997 6247 dictorum
1044 6182 1318 6245 fratrum
1363 6204 1446 6246 ex
1480 6183 1705 6264 altera,
1742 6190 1806 6247 et
1838 6191 2054 6246 utrum
2086 6184 2441 6248 moderatio
2474 6184 2648 6248 facta
2677 6206 2795 6270 per
2827 6184 3067 6247 dictum
3099 6184 3538 6248 venerabilem
3572 6190 3821 6269 patrem
3856 6183 4318 6246 bononiensem

675 6290 1070 6376 Episcopum
1118 6312 1312 6375 super
1358 6290 1528 6354 dicto
1575 6298 1765 6375 pacto
1816 6290 2033 6354 valeat
2077 6298 2140 6354 et
2187 6297 2427 6372 teneat,
2477 6297 2542 6355 et
2588 6291 2672 6355 sit
2718 6313 2887 6377 equa
2934 6292 3038 6356 vel
3087 6281 3235 6374 non',
3286 6291 3625 6355 consilium
3671 6290 4075 6355 dominorum
4125 6290 4318 6354 Oldo·

678 6398 868 6481 fredj,
904 6397 1344 6482 Bonrecuperi
1392 6397 1470 6462 de
1520 6396 1725 6462 Porro
1772 6405 1838 6462 et
1883 6398 2185 6463 Jacobini
2232 6398 2592 6482 Gratiadej,
2626 6399 2879 6484 Legum
2913 6398 3266 6481 doctorum,
3301 6405 3366 6463 et
3412 6398 3652 6462 domini
3698 6398 3980 6462 Navarri
4026 6397 4321 6462 canonici

677 6505 1054 6590 Burgensis,
1104 6511 1202 6568 est
1247 6505 1399 6587 tale,
1449 6510 1521 6568 ut
1567 6505 1808 6570 dictum
1854 6513 2135 6591 pactum,
2185 6507 2368 6590 cujus
2416 6506 2592 6592 pacti
2636 6512 2824 6571 tenor
2869 6506 3018 6570 talis
3066 6513 3164 6570 est
3211 6512 3367 6588 etc.,
3416 6506 3634 6570 valeat
3680 6512 3745 6570 et
3791 6512 4043 6589 teneat,
4093 6512 4158 6570 et
4204 6527 4318 6569 va-

839 6644 974 6681 ron.
1014 6645 1077 6681 11.
4084 6634 4153 6685 28
