5542 7775
1222 645 1317 717 66
2802 664 3284 716 MONUMENTA

2877 1032 3200 1097 XXXIX.

2726 1249 2930 1332 1281,
2980 1249 3018 1311 1
3064 1247 3335 1313 octobris.

1338 1463 1445 1529 Ex
1493 1485 1687 1552 opere
1734 1464 1810 1528 Τ.
1858 1463 2129 1550 Rymeri
2185 1487 2216 1521 α
2263 1461 2562 1547 Foedera,
2606 1466 3023 1528 conventiones
3067 1469 3189 1527 etc.
3240 1486 3301 1544 ι»,
3349 1469 3504 1526 tom.
3552 1461 3607 1527 Ι.
3636 1512 3652 1545 ,
3699 1483 3852 1549 pars
3898 1460 3954 1526 Ι.
4002 1469 4067 1527 et
4113 1461 4242 1546 II.,
4288 1482 4440 1548 pag.
4496 1464 4620 1527 196
4642 1461 4742 1527 (1).

1814 1677 2108 1761 [Litera,
2156 1697 2279 1762 qua
2325 1674 2698 1740 Franciscus
2742 1675 3028 1740 Accursii
3071 1677 3303 1740 iuravit
3341 1676 3697 1760 fidelitatem
3743 1674 3901 1761 Reqi
3944 1673 4280 1762 AnqliaeJ.

1389 1891 1730 1957 Universis
1780 1890 2020 1956 Christi
2065 1889 2364 1954 fidelibus
2420 1889 2540 1953 hoc
2586 1910 2854 1975 presens
2901 1888 3210 1975 scriptum
3257 1887 3491 1952 visuris
3538 1897 3604 1953 et
3649 1888 3964 1953 audituris
4009 1888 4396 1954 Franciscus
4437 1889 4735 1955 Accursii
4775 1890 4855 1956 de

1211 2001 1530 2083 Bononia,
1579 1999 1803 2064 doctor
1847 1998 2088 2084 legum,
2137 1997 2413 2061 salutem
2461 1996 2526 2060 in
2573 1994 2874 2060 Domino.

1392 2107 1664 2172 Noverit
1709 2105 2117 2170 Universitas
2164 2111 2382 2169 vestra
2427 2103 2636 2190 quod,
2686 2125 2834 2168 cum
2879 2103 3325 2168 serenissimus
3375 2103 3688 2190 Princeps
3748 2110 3814 2168 et
3873 2103 4168 2169 dominus
4231 2127 4411 2170 meus
4475 2106 4854 2170 karissimus

1214 2215 1512 2281 dominus
1558 2213 1960 2296 Edwardus‚
2008 2212 2135 2277 Dei
2181 2211 2396 2297 gratia
2442 2233 2559 2275 rex
2605 2210 2847 2296 Anglie
2895 2211 3199 2294 illustris,
3245 2232 3364 2297 pro
3425 2211 3689 2275 servitio
3738 2232 3880 2275 meo
3925 2211 4050 2276 sibi
4094 2212 4409 2276 hactenus
4454 2213 4745 2300 impenso
4792 2219 4857 2277 et

1212 2324 1613 2410 inposterum
1660 2319 2090 2408 inpendendO,
2124 2318 2375 2383 dederit
2422 2318 2579 2381 mihi
2626 2318 3121 2404 quadringintas
3169 2339 3420 2381 marcas
3465 2317 3923 2404 sterlingorum
3966 2339 4083 2405 pre
4129 2319 4447 2402 manibus,
4482 2326 4547 2384 et
4586 2319 4856 2384 ulterius

1212 2429 1604 2493 concesserit
1649 2426 1808 2495 mihi
1855 2424 2288 2511 quadraginta
2335 2445 2587 2488 marcas
2633 2423 2908 2510 singulis
2955 2424 3142 2487 annis
3190 2423 3274 2487 ad
3321 2429 3525 2487 totam
3570 2422 3773 2487 vitam
3818 2444 4050 2506 meam,
4084 2445 4227 2510 ego,
4260 2446 4376 2511 pro
4418 2431 4600 2489 tanta
4649 2425 4856 2490 curia-

1211 2537 1395 2601 litate
1443 2536 1598 2601 mihi
1646 2536 1968 2621 impensa,
2018 2533 2143 2597 feci
2191 2533 2571 2597 fidelitatem
2617 2532 2827 2597 eidem
2875 2532 3134 2599 domino
3183 2553 3326 2597 meo
3376 2532 3550 2618 regi,
3595 2538 3660 2596 et
3705 2538 4180 2597 sacramentum
4229 2534 4562 2619 corporale
4608 2534 4860 2620 prestiti

1215 2644 1388 2731 quod
1435 2644 1733 2708 omnibus
1784 2641 2011 2706 diebus
2057 2641 2188 2704 vite
2235 2661 2376 2704 mee
2425 2661 2536 2704 ero
2584 2640 2645 2703 ei
2692 2639 2922 2722 fidelis,
2957 2647 3020 2705 et
3069 2640 3283 2704 omnia
3331 2639 3601 2704 consilia
3646 2646 3712 2703 et
3757 2645 4007 2704 secreta
4052 2660 4171 2704 sna
4217 2640 4413 2704 michi
4457 2641 4750 2706 revelata
4794 2649 4860 2706 et

1211 2753 1583 2834 revelanda,
1633 2750 1909 2814 fideliter
1954 2748 2216 2830 celab03
2266 2755 2329 2811 et
2378 2747 2907 2833 quotiescumque
2953 2753 3016 2811 et
3064 2753 3651 2833 quantumcumque
3698 2747 3961 2811 servitio
4010 2768 4152 2811 meo
4199 2747 4550 2833 indiguerit
4597 2748 4661 2812 in
4707 2770 4856 2834 par·

1210 2859 1385 2925 tibus
1432 2857 1881 2924 transmarinis
1937 2865 2002 2921 et
2048 2877 2165 2942 per
2212 2856 2443 2941 ipsum,
2477 2854 2581 2919 vel
2624 2876 2707 2918 ex
2752 2861 2939 2940 parte
2985 2875 3123 2936 sua,
3156 2875 3350 2940 super
3391 2854 3514 2918 hoc
3555 2853 3738 2918 fuero
3785 2854 4207 2940 premunitus,
4241 2855 4412 2920 circa
4458 2875 4538 2919 ea
4583 2855 4858 2920 fideliter

1211 2975 1278 3032 et
1324 2967 1670 3051 diligenter
1713 2965 2026 3029 laborabo
2072 2970 2208 3028 toto
2256 2983 2444 3048 posse
2492 2961 2789 3026 omnibus
2835 2961 3196 3047 sumptibus
3242 2969 3307 3025 et
3354 2961 3655 3047 expensis
3703 2960 3946 3024 domini
3991 2962 4185 3046 regis,
4233 2969 4300 3026 et
4347 2962 4713 3028 omnimoda
4759 2963 4857 3027 in-

1211 3076 1607 3161 dempnitate
1657 3073 1815 3137 mihi
1861 3081 2155 3156 servata3
2205 3079 2270 3135 et
2317 3070 2768 3135 nichilominus
2826 3070 3182 3133 satisfaciet
3244 3069 3439 3133 michi
3500 3069 3752 3154 integre
3803 3069 3884 3133 de
3931 3069 4125 3135 feudo
4172 3069 4495 3156 predict0,
4546 3071 4637 3135 ita
4685 3071 4857 3157 quod

1214 3182 1413 3247 nichil
1462 3181 1618 3244 mihi
1666 3180 1814 3245 inde
1863 3179 2116 3244 decidet
2163 3179 2499 3244 occasione
2547 3183 2919 3263 sumptuum
2966 3175 3421 3262 predictorum.

1390 3288 1475 3353 Et
1523 3288 1605 3351 ad
1655 3288 1870 3352 omnia
1917 3294 1981 3351 et
2028 3286 2286 3372 singula
2334 3284 2646 3371 premissa
2692 3283 2991 3347 facienda
3048 3283 3265 3370 obligo
3312 3307 3412 3349 me
3459 3291 3525 3349 et
3573 3284 3788 3349 omnia
3834 3284 4006 3348 bona
4056 3305 4197 3347 mea
4240 3283 4504 3349 mobilia
4527 3291 4601 3349 et
4633 3285 4856 3349 immo·

1210 3396 1387 3479 bilia,
1435 3395 1822 3480 ubicumque
1871 3394 2113 3459 fuerint
2159 3393 2528 3457 constituta.

1391 3502 1473 3568 In
1520 3504 1706 3588 cujus
1752 3500 1850 3565 rei
1895 3501 2334 3565 testimonium
2378 3499 2530 3564 huic
2576 3499 2815 3585 scripto
2863 3499 3136 3585 apposui
3182 3499 3466 3585 sigillum
3513 3520 3747 3564 meum.

1395 3609 1639 3674 Datum
1686 3608 1861 3695 apud
1905 3608 2292 3690 Lindhurst,
2325 3606 2532 3693 primo
2580 3606 2683 3670 die
2731 3606 3032 3689 octobris,
3066 3627 3236 3671 anno
3282 3606 3546 3671 Domini
3591 3607 3931 3671 millesimo
3979 3604 4416 3670 ducentesimo
4465 3606 4856 3691 octogesimo

1217 3716 1447 3804 primo.

2964 3927 3112 3992 XL.

2662 4142 2859 4225 1282,
2910 4142 2993 4205 11
3040 4141 3408 4227 septembris.

1518 4360 1625 4424 EX
1672 4366 1846 4423 tomo
1892 4357 2280 4422 LXXXIII.
2335 4354 2570 4419 Codicis
2616 4354 3016 4440 Diplomatici
3065 4356 3395 4442 Gfflnnasii
3437 4355 3864 4442 Bononien32‘8,
3912 4378 4086 4421 num.
4133 4356 4441 4422 XXXIII
4466 4358 4567 4423 (2).

1392 4573 1712 4638 Martinus
1756 4573 1942 4658 Papa
1974 4570 2124 4654 1V.,
2157 4570 2371 4634 Priori
2402 4569 2895 4634 Predicatorum
2927 4576 2992 4634 et
3024 4569 3401 4634 Guardiano
3432 4569 3756 4633 Minorum
3787 4569 4059 4634 fratrum
4106 4570 4422 4635 Ordinum
4453 4572 4853 4637 bononiensi.

1388 4682 1614 4767 Nuper
1661 4679 1744 4743 ad
1790 4686 2086 4744 nostrum
2132 4677 2428 4764 pervenit
2474 4677 2788 4759 auditum,
2838 4677 3007 4762 quod
3058 4676 3211 4742 olim
3268 4676 3565 4741 Scolares
3634 4677 3700 4741 in
3765 4677 4025 4742 civitate
4087 4677 4469 4743 bononiensi
4527 4686 4856 4744 morantes

1209 4790 1551 4870 Potestati,
1584 4787 1962 4873 Capitaneo‚
2000 4786 2325 4869 Antianis,
2360 4784 2768 4867 Consulibus,
2804 4784 3088 4849 Consilio
3136 4791 3200 4849 et
3241 4783 3582 4848 Communi
3611 4785 4114 4850 bononiensibus
4147 4785 4457 4871 quasdam
4491 4785 4854 4872 petitiones,

1209 4897 1628 4985 respicientes
1677 4894 1969 4959 favorem
2016 4893 2337 4958 dictorum
2387 4892 2767 4976 Scolarium,
2803 4898 3253 4978 porrexerunt,
3288 4898 3352 4956 et
3395 4891 3667 4979 prestito
3708 4894 4078 4977 juramento
4125 4892 4463 4957 firmarunt
4508 4893 4700 4979 quod,
4731 4893 4858 4958 nisi

1210 5005 1382 5070 infra
1428 5011 1675 5069 certum
1721 5002 2029 5088 temporis
2076 5001 2358 5087 spatium
2406 5020 2445 5063 a
2491 4999 2781 5087 predicto
2815 4999 3157 5064 Comumni
3186 4999 3530 5086 petitiones
3578 4999 4069 5064 admitterentur
4098 4999 4369 5087 prefate,
4406 4999 4702 5065 Scolares
4734 5001 4858 5087 ipsi

1208 5134 1416 5200 usque
1464 5111 1548 5176 ad
1594 5110 1833 5175 festum
1880 5109 2056 5174 beati
2101 5107 2442 5173 Michaelis
2495 5107 2790 5194 proxime
2847 5113 3193 5171 venturum
3260 5106 3340 5171 de
3410 5107 3671 5171 civitate
3733 5107 3873 5193 ipsa
3944 5107 4354 5191 recederent,
4422 5107 4506 5172 ad
4568 5129 4714 5173 eam
4774 5130 4859 5174 ex

1206 5228 1363 5285 tunc
1408 5219 1581 5283 infra
1629 5217 2140 5304 quinquennium
2187 5237 2385 5279 eausa
2433 5214 2643 5279 Stadii
2693 5214 2954 5277 minime
3001 5213 3301 5296 redituri3
3334 5220 3398 5277 et
3430 5214 3596 5278 inter
3640 5214 3803 5277 alias
3848 5213 4192 5300 petitiones
4238 5214 4610 5300 hujusmodi
4655 5215 4858 5280 conti·

1208 5328 1452 5393 nebant
1512 5332 1585 5390 ut
1644 5325 2010 5411 privilegia,
2058 5322 2487 5388 Universitati
2542 5321 2982 5408 predictorum
3054 5320 3415 5385 Scolarium
3483 5342 3788 5386 concessa
3848 5328 3914 5386 et
3980 5322 4381 5408 inposterum
4426 5321 4857 5405 concedenda,

1208 5436 1462 5520 integre
1510 5434 1667 5521 ipsis
1716 5432 2092 5497 Scolaribus
2140 5436 2631 5512 conserventur3
2681 5429 2772 5492 ita
2822 5428 3026 5514 quod,
3083 5427 3138 5491 si
3184 5428 3519 5513 contingat
3577 5428 3750 5494 dicta
3817 5428 4177 5515 Privilegia
4244 5429 4311 5492 in
4372 5436 4580 5494 totum
4625 5431 4731 5494 vel
4790 5430 4857 5494 in

1210 5543 1430 5629 aliqua
1477 5541 1578 5605 sui
1624 5546 1809 5627 parte
1859 5538 2146 5624 infringi,
2198 5537 2533 5624 promittat
2565 5542 2629 5601 et
2660 5542 2960 5600 teneatur
2991 5535 3234 5599 dictum
3268 5535 3620 5600 Commune
3652 5536 3828 5600 mille
3873 5536 4074 5600 libras
4121 5536 4554 5622 imperialium
4598 5538 4856 5602 nomine

1209 5671 1374 5737 pene
1422 5649 1712 5729 solvere,
1761 5666 2029 5709 romane
2075 5645 2365 5709 Ecclesie
2413 5643 2819 5730 applicande.
2870 5642 3187 5728 Quodque
3241 5642 3542 5707 Potestas
3586 5642 3693 5707 vel
3740 5641 4175 5730 Capitaneus,
4224 5665 4340 5707 seu
4387 5644 4621 5731 aliquis
4681 5644 4856 5710 vices

1209 5777 1431 5822 eorum
1479 5776 1734 5841 gerens,
1783 5774 1912 5818 non
1962 5753 2165 5839 possit
2209 5752 2604 5817 bononiense
2655 5751 2955 5816 Studium
3001 5749 3312 5837 impedire
3340 5800 3356 5832 ,
3403 5749 3803 5836 prohibendo
3869 5750 4237 5815 doctoribus
4298 5773 4378 5815 ne
4440 5752 4706 5838 legant,
4754 5753 4859 5816 vel

1207 5860 1623 5951 precipiendo
1668 5868 1741 5925 ut
1787 5860 2012 5945 legant
2059 5865 2282 5923 eontra
2331 5858 2730 5924 voluntatem
2782 5857 3143 5923 Scolarium
3188 5857 3644 5944 predictorum,
3693 5859 3798 5922 vel
3860 5857 3987 5922 alio
4035 5879 4293 5944 quoquo
4337 5858 4549 5924 mod0.
4611 5858 4860 5923 Verum

1209 5971 1381 6058 qnia,
1428 5971 1594 6035 sicut
1641 5969 2029 6055 accepimus,
2082 5965 2317 6053 prefati
2366 5965 2686 6048 PotestaS,
2736 5966 3129 6051 Capitaneus
3176 5972 3241 6029 et
3289 5964 3644 6029 Commune
3713 5986 3782 6028 se
3828 5965 3911 6029 ad
3966 5966 4322 6051 predictam
4368 5986 4604 6051 penam
4652 5967 4860 6032 teneri

1371 6258 1450 6324 (1)
1490 6256 1762 6320 Foedera,
1809 6254 2172 6306 conventiones
2183 6290 2199 6318 ,
2238 6252 2429 6303 literae
2455 6290 2470 6304 .
2497 6289 2511 6302 .
2537 6288 2551 6302 .
2581 6288 2595 6302 .
2644 6251 2786 6301 inter
2835 6265 2985 6316 reyes
3094 6251 3247 6302 uoles
3284 6251 3504 6302 chartas
3553 6251 3610 6301 in
3669 6249 3839 6301 Turri
3883 6250 4222 6303 Londinensi
4268 6253 4440 6303 denuo
4493 6267 4706 6304 summa
4758 6251 4863 6317 fide

1214 6348 1452 6414 Anyliae
1489 6353 1536 6399 et
1582 6347 1721 6398 alios
1775 6346 1986 6412 quosvis
2036 6346 2417 6410 imperatores,
2453 6357 2637 6408 reyes,
2668 6340 2979 6407 pontifices,
3089 6341 3287 6393 collata
3326 6347 3372 6392 et
3408 6340 3689 6391 emendata
3726 6340 3906 6392 studio
3941 6339 4161 6406 Georyt‘t’
4184 6340 4418 6394 Holmes.
4447 6371 4512 6379 —-
4541 6340 4737 6407 Hayae
4765 6340 4862 6392 Co·

1200 6438 1501 6507 principe&
1526 6436 1603 6487 vel
1628 6436 2031 6488 communitates
2067 6434 2136 6485 ab
2174 6435 2390 6485 ineunte
2424 6431 2637 6483 saeculo
2673 6430 2981 6481 duodecimo
3091 6431 3256 6497 mitis,
3296 6431 3445 6498 apud
3481 6430 3540 6482 J.
3578 6430 3857 6495 Neaulme,
3896 6430 3965 6482 M
3978 6428 4124 6480 DCC
4137 6430 4408 6482 XXXIX.

1210 6566 1225 6580 .
1247 6566 1261 6580 .
1284 6565 1298 6580 .
1322 6565 1336 6579 .
1363 6531 1653 6579 accurante
1701 6524 1909 6577 Thomu
1948 6524 2167 6590 Rymer.
2196 6555 2261 6563 —
2290 6524 2476 6575 Editio
2508 6523 2672 6574 tertia
2709 6523 2784 6573 ad
2819 6522 2985 6588 ortyi-
3258 6523 3336 6587 (2)
3377 6520 3460 6572 Ex
3496 6537 3609 6591 reg.
3647 6521 3823 6591 primo
3861 6520 4085 6572 Martini
4122 6520 4246 6586 IV„
4286 6537 4373 6590 ep.
4413 6523 4500 6587 96,
4539 6520 4635 6573 fol.
4674 6522 4761 6572 73.
