5542 7775
1328 660 1788 711 SPECTANTIA
1827 661 1929 710 An
1970 659 2299 710 anssnM
2337 654 3069 707 AncmmAcononnM
3109 655 3312 705 scon.
3355 653 3629 704 BoNoN.
4138 633 4288 704 263

665 839 912 882 vaccare
956 818 1271 901 contiyerit
1321 817 1634 898 ordinem,
1679 818 1771 881 vel
1828 818 2220 900 superiorem.
2271 813 2538 878 Nullum
2600 834 2835 898 quoque
2897 814 3143 877 electum
3212 819 3265 876 et
3325 812 3753 894 confirmatum
3800 814 3867 874 in
3920 810 4297 875 Canonicum

665 925 984 988 admittam
1029 924 1114 987 ad
1145 925 1588 1008 perceptionem
1635 922 1930 1006 benefitii,
1979 924 2103 986 nisi
2150 924 2360 1006 primo
2418 923 2706 1006 receperit
2766 920 3045 983 ordinem
3109 919 3195 982 ad
3256 940 3434 1004 quem
3493 926 3842 983 assumetur
3887 919 3977 982 vel
4021 919 4295 1002 eliyetur.

668 1030 809 1096 Non
845 1034 1200 1116 permittam
1256 1029 1634 1094 Canonicum
1681 1052 1748 1094 in
1783 1032 1993 1114 primo
2038 1032 2137 1093 sui
2180 1028 2586 1092 Canonicatus
2628 1048 2798 1091 anno
2830 1028 3147 1111 percipere
3177 1026 3517 1109 benefitium
3554 1027 3643 1090 rel
3660 1025 4063 1110 prebendam,
4084 1033 4297 1110 preter

666 1141 954 1204 victualia
997 1139 1162 1221 sola,
1208 1139 1314 1203 sed
1355 1138 1526 1202 illius
1569 1139 1727 1201 anni
1771 1136 2114 1220 benefitia-m
2161 1136 2253 1199 rel
2290 1135 2603 1220 prebenda
2659 1137 2724 1198 in
2787 1155 3069 1198 comunes
3127 1134 3417 1198 utilitates
3478 1140 3532 1197 et
3592 1135 3961 1198 necessitates
4025 1132 4297 1217 Capituli

667 1245 1167 1331 eapendaturss),
1198 1247 1286 1308 ita
1323 1252 1525 1308 tamen
1574 1245 1737 1329 quod
1765 1246 1928 1308 inter
1964 1242 2296 1307 Canonicos
2325 1264 2450 1306 non
2482 1242 2822 1326 dizidatmy
2840 1242 3263 1326 possessiones,
3280 1241 3441 1323 jura
3474 1247 3528 1305 et
3556 1241 3832 1322 honores,
3863 1243 4294 1323 instrumenta,

665 1374 771 1418 seu
816 1354 1058 1418 chartas
1108 1355 1230 1417 sive
1263 1354 1590 1437 privileqia
1645 1351 1920 1435 Capituli
1962 1359 2172 1415 contra
2219 1370 2422 1414 omnes
2466 1349 2736 1413 homines
2779 1349 3030 1431 adjutor
3061 1369 3163 1412 ero
3191 1349 3278 1410 ad
3305 1348 3810 1429 conservandum,
3841 1348 4296 1430 defendendum

667 1468 719 1527 et
765 1461 1279 1545 recuperandum,
1310 1462 1464 1523 sicut
1509 1458 1790 1543 Capitulo
1820 1458 1912 1522 rel
1939 1458 2163 1539 majori
2195 1459 2373 1540 parti
2417 1457 2634 1521 melius
2680 1464 2732 1520 et
2779 1456 2996 1519 utilius
3042 1453 3342 1519 videbitur
3355 1478 3378 1539 ,·
3398 1456 3797 1538 possessiones
3840 1454 4170 1520 immobiles
4210 1456 4298 1519 ad

663 1568 1020 1633 bononiense
1080 1566 1434 1651 Capitulum
1485 1568 1863 1650 pertinentes
1908 1586 2030 1628 non
2076 1562 2386 1647 alienabo,
2436 1585 2542 1627 nec
2593 1564 2863 1627 alienari
2915 1564 3305 1643 consentiam,
3351 1564 3474 1625 nisi
3508 1582 3629 1645 pro
3669 1564 3964 1646 emptione
4016 1563 4106 1626 vel
4146 1585 4293 1648 per-

665 1677 998 1739 mutatione
1040 1675 1298 1738 alterius
1332 1674 1725 1757 possessionis
1769 1670 2093 1734 immobilis
2137 1671 2401 1734 utilioris
2439 1670 2530 1733 vel
2576 1692 2723 1754 eque
2772 1671 2959 1751 utilis,
2993 1670 3081 1732 rel
3125 1671 3564 1732 constructione
3607 1669 3873 1751 alicujus
3910 1664 4172 1754 hedifitej
4212 1671 4297 1734 ad

666 1802 979 1847 comunem
1029 1781 1347 1845 utilitatem
1383 1780 1773 1864 pertinentis,
1807 1779 1899 1842 vel
1941 1779 2071 1842 alia
2117 1777 2377 1842 evidenti
2419 1778 2681 1841 utilitate
2725 1779 3006 1841 comuni:
3038 1779 3123 1840 ita
3168 1783 3371 1840 tamen
3420 1776 3583 1860 quod
3613 1777 3774 1840 inter
3809 1775 4143 1841 Canonicos
4172 1799 4297 1841 non

660 1889 774 1973 fiat
818 1890 1034 1952 divisio
1065 1888 1265 1972 pretij
1305 1886 1380 1951 de
1412 1887 1784 1970 possessione
1829 1888 2068 1969 recepti.
2121 1884 2324 1969 Super
2365 1884 2617 1969 ayendis
2662 1891 2715 1948 et
2760 1885 3023 1948 utilitate
3075 1882 3367 1967 Capituli,
3415 1903 3601 1968 quam
3643 1885 3899 1947 scienter
3942 1906 4067 1948 non
4113 1886 4297 1969 impe·

665 1996 869 2078 diam,
917 1996 1282 2079 requisitus,
1331 1993 1495 2078 quod
1538 1993 1733 2078 mayis
1781 1994 1928 2056 utile
1990 1992 2234 2055 credam
2296 1992 2612 2055 consilium
2669 1989 2843 2055 dabo.
2893 1990 3166 2054 Scienter
3208 2011 3332 2053 non
3383 1989 3696 2071 fraudabo
3747 1989 4133 2075 Capitulum,
4179 1994 4298 2058 sice

665 2102 929 2186 offitium
974 2100 1257 2183 habeam,
1302 2102 1424 2164 sive
1469 2120 1614 2163 non.
1664 2099 1764 2164 De
1823 2101 1901 2164 iis
1962 2121 2078 2184 que
2122 2101 2360 2163 venient
2403 2098 2489 2162 ad
2531 2118 2756 2162 manus
2800 2117 2967 2161 meas
2998 2117 3123 2181 pro
3174 2096 3476 2180 Capitula,
3524 2098 3614 2161 vel
3657 2098 3743 2161 ad
3792 2097 4299 2163 Communitatem

651 2211 968 2295 pertinent
1013 2209 1104 2272 vel
1136 2206 1554 2293 pertinebunt,
1601 2208 1813 2271 literas
1855 2228 1896 2271 a
1950 2206 2144 2269 Curia
2191 2226 2461 2295 romana·
2497 2212 2708 2268 contra
2752 2204 2859 2269 hec
2908 2203 3195 2289 Capitula
3242 2225 3367 2267 non
3410 2202 3763 2289 impetrabo,
3810 2226 3917 2269 nec
3961 2208 4300 2290 impetratis

665 2323 830 2381 utar.
881 2314 1147 2379 Nullum
1194 2314 1443 2379 electum
1488 2322 1542 2377 et
1585 2313 2012 2395 confirmatum
2058 2314 2125 2375 in
2178 2311 2558 2375 Canonicum
2600 2311 2926 2375 admittam
2969 2311 3055 2374 ad
3088 2313 3533 2395 perceptionem
3577 2309 3851 2395 beneficii
3905 2313 3996 2376 vel
4047 2315 4299 2377 consilia

670 2423 961 2508 Capituli,
993 2423 1116 2485 nisi
1154 2423 1357 2506 primo
1386 2421 1704 2504 juraverit
1748 2421 1833 2483 ad
1877 2427 2084 2483 sancta
2131 2418 2470 2504 Eranyelia
2516 2420 2723 2482 omnia
2768 2425 2823 2482 et
2866 2418 3115 2503 sinyula
3149 2418 3431 2501 predicta
3477 2416 3766 2502 Capitula
3817 2418 4148 2485 obser-vare.
4199 2419 4300 2486 Sic

665 2553 759 2596 me
803 2531 976 2595 Deus
1034 2530 1278 2613 adjuvet
1324 2537 1378 2594 et
1419 2528 1525 2593 hec
1578 2536 1788 2593 sancta
1851 2527 2212 2614 Evanyelia.
2263 2526 2614 2590 Secundum
2664 2528 3074 2610 prescriptam
3129 2527 3403 2608 formam
3452 2527 3801 2610 prescripta
3867 2525 4154 2611 Capitula
4182 2529 4297 2611 ju-

665 2644 958 2703 raverunt
1004 2635 1490 2720 Archipresbiter
1536 2643 1590 2700 et
1631 2636 1871 2721 sinyuli
1897 2636 2265 2719 prescripti,
2302 2632 2688 2717 presentibus
2733 2632 3182 2697 Arcla'diacono
3235 2632 3533 2696 antedicto
3578 2640 3631 2696 et
3683 2634 3826 2697 aliis
3867 2637 4301 2719 suprascriptis

661 2746 965 2809 universis
1011 2768 1071 2806 ».

840 2851 1078 2915 Actum
1126 2849 1191 2912 in
1239 2849 1499 2914 civitate
1545 2848 1837 2913 Bononie
1885 2849 1950 2912 in
1999 2848 2310 2914 canonica
2358 2849 2563 2913 saneti
2611 2848 2811 2929 Petri,
2846 2846 2910 2910 in
2960 2868 3216 2911 camera
3263 2847 3415 2911 dicti
3447 2847 3929 2929 Archidiaconi,
3964 2869 4133 2912 anno
4166 2848 4298 2913 Do-

661 2958 820 3021 mini
866 2956 1206 3021 millesimo
1255 2955 1693 3021 ducentesimo
1740 2955 2054 3041 vigesimo
2101 2957 2328 3041 primo,
2379 2956 2481 3020 die
2529 2956 2752 3040 quinta
2800 2960 3078 3017 exeunte
3127 2976 3344 3018 mense
3392 2953 3671 3039 augusti,
3713 2953 4059 3018 indictione
4107 2976 4297 3020 nona.

840 3064 983 3149 Ego
1031 3063 1302 3127 Albizus
1348 3063 1529 3127 Petri
1576 3063 1828 3145 Albici,
1877 3063 2283 3148 imperatoris
2330 3061 2624 3127 Federici
2672 3060 2997 3142 notarius,
3046 3061 3168 3123 hiis
3219 3061 3513 3124 omnibus
3559 3061 3842 3143 interfui,
3884 3068 3947 3124 et
3994 3062 4299 3129 mandato

663 3171 813 3235 dicti
864 3169 1106 3233 domini
1152 3169 1612 3234 Archidiaconi
1660 3177 1723 3233 et
1769 3169 1922 3233 dicti
1970 3167 2212 3232 domini
2259 3167 2803 3254 Archipresbiteri
2850 3174 2915 3230 et
2962 3174 3321 3230 ceterorum
3368 3167 3799 3253 predictorum
3849 3169 4302 3232 canonicorum

663 3278 909 3363 scripsi.

843 3384 964 3466 (L.
1001 3384 1045 3463 †
1080 3382 1175 3465 S.)
1222 3383 1365 3469 Ego
1411 3383 1786 3447 Bernardus
1833 3383 2002 3446 filius
2049 3383 2493 3447 Bencevennis
2542 3382 2978 3467 Boninsegne,
3013 3380 3332 3467 imperiali
3367 3381 3748 3445 auctoritate
3782 3383 4090 3464 notarim,
4124 3388 4197 3445 ut
4233 3383 4299 3446 in

660 3492 948 3578 predicto
996 3490 1424 3554 instrumento
1474 3490 1711 3571 inveni,
1763 3490 1852 3553 ita
1899 3512 2014 3575 per
2061 3490 2352 3553 ordinem
2399 3489 2676 3552 fideliter
2723 3489 3113 3574 exemplavj.

2369 3809 2593 3873 XXII.

2139 4025 2334 4106 1221,
2388 4026 2426 4087 1
2474 4023 2831 4089 novembris.

1715 4237 1858 4302 Iam
1906 4238 1973 4301 in
2022 4238 2287 4302 archivo
2337 4237 2545 4324 Capit.
2592 4236 2867 4322 Metrop.
2918 4237 3152 4301 bonon.
3180 4237 3257 4300 (2)

845 4452 980 4515 Nos
1014 4451 1323 4537 magister
1357 4450 1606 4534 Gratia,
1640 4451 2156 4516 Archidiaconus
2190 4459 2252 4516 et
2286 4452 2326 4516 J
2332 4451 2505 4514 udex
2537 4450 3061 4537 Archipresbiter
3106 4449 3541 4531 bononiensis,
3590 4450 3995 4535 presentibus
4043 4459 4107 4514 et
4156 4472 4305 4515 con-

667 4558 1089 4622 sentientibus
1132 4558 1441 4622 fratribus
1475 4558 1709 4623 nostris
1745 4558 2085 4623 Canonicis
2119 4559 2644 4641 bononiensibus,
2679 4558 3038 4644 presbitero
3070 4557 3421 4621 Lamberto
3457 4556 3781 4643 quondam
3817 4555 4102 4621 Sacrista
4135 4557 4308 4622 viam

668 4667 964 4731 universe
1028 4666 1239 4731 carnis
1303 4665 1630 4751 ingresso,
1680 4665 1758 4730 de
1822 4667 2115 4731 sacristia
2164 4666 2371 4730 sancti
2415 4666 2596 4730 Petri
2643 4673 2958 4729 statutum
3005 4664 3272 4729 fecimus
3322 4686 3575 4750 semper
3624 4664 4041 4749 imposterum
4091 4665 4307 4729 obser·

666 4773 985 4856 vandum3
1035 4773 1368 4856 videlicet,
1419 4773 1590 4859 quod
1637 4774 1720 4837 ad
1767 4773 2125 4838 custodiam
2172 4781 2237 4837 et
2284 4773 2842 4839 conservationem
2889 4773 3194 4859 precipue
3242 4772 3813 4835 instrumentorum
3860 4793 4025 4834 unus
4073 4772 4152 4836 de
4201 4794 4306 4836 ca-

667 4879 911 4943 nonicis
959 4902 1213 4965 semper
1260 4880 1341 4943 sit
1390 4879 1711 4962 Sacrista,
1760 4902 1889 4944 non
1952 4881 2034 4943 ad
2098 4901 2339 4944 annum
2401 4880 2514 4944 sed
2575 4886 2963 4966 perpetuus3
3013 4885 3077 4942 et
3135 4878 3421 4942 Sacrista
3483 4878 3592 4964 qui
3656 4878 3776 4941 erit
3839 4899 3955 4964 pro
4019 4885 4307 4965 tempore

666 4986 941 5071 accipiat
987 4994 1051 5050 et
1099 4987 1339 5050 habeat
1386 4986 1545 5050 duos
1593 4987 1960 5051 sacerdotes
2008 4988 2174 5051 boue
2224 4987 2543 5073 opinionis
2592 4987 2656 5049 in
2705 4986 2912 5050 officio
2960 4985 3350 5070 baptisterii,
3401 4991 3465 5048 et
3512 4984 3594 5048 ad
3643 4984 3806 5047 alias
3870 4984 4180 5048 utilitates
4244 4993 4308 5049 et

667 5092 1083 5157 necessitates
1147 5093 1431 5179 Capituli
1479 5116 1720 5176 unum,
1768 5094 1910 5158 loco
1956 5094 2227 5180 predicti
2274 5093 2616 5179 presbiteri
2671 5093 3006 5157 Lamberti
3065 5099 3129 5156 et
3192 5093 3391 5155 alium
3451 5113 3567 5178 pro
3632 5092 3995 5155 reverentia
4053 5091 4311 5156 Alfredi

668 5247 1021 5263 ......
1071 5200 1396 5286 quondam
1441 5201 1767 5287 Episcopi,
1802 5223 1918 5287 pro
1968 5202 2151 5286 cujus
2200 5208 2264 5265 et
2312 5201 2585 5264 aliorum
2631 5200 3121 5286 Episcopornm,
3158 5200 3262 5285 qui
3310 5199 3609 5285 Capitulo
3657 5198 4136 5282 benefecerunt,
4170 5201 4306 5263 ani·

667 5306 895 5370 mabus
951 5308 1376 5394 spiritualiter
1441 5329 1628 5372 orare
1691 5309 2090 5394 promittant.
2138 5308 2224 5372 Et
2285 5330 2401 5394 pro
2464 5308 2587 5371 hiis
2654 5307 2906 5371 duobus
2968 5306 3408 5371 sacerdotibus
3457 5314 3521 5370 et
3569 5305 3818 5370 duobus
3882 5307 4308 5371 servientibus

666 5413 915 5494 clericis
963 5416 1040 5478 ad
1093 5416 1485 5499 sacristiam,
1539 5416 1824 5480 Sacrista
1872 5415 2112 5479 habeat
2158 5423 2222 5479 et
2284 5415 2560 5501 accipiat
2622 5415 2931 5478 victualia
2994 5413 3073 5478 de
3137 5414 3394 5478 comuni
3456 5414 3519 5477 in
3585 5434 3752 5500 pane
3801 5422 3866 5476 et
3911 5414 4099 5496 vino,
4148 5415 4312 5479 sicut

667 5520 910 5586 habent
958 5530 1022 5586 et
1069 5523 1397 5610 accipiunt
1445 5523 1789 5606 Canonici3
1822 5523 2064 5587 scilicet
2098 5545 2173 5586 eo
2222 5522 2325 5585 die
2373 5543 2498 5608 quo
2541 5522 2934 5607 jejunabunt
2980 5522 3347 5586 sacerdotes
3387 5521 3679 5607 predicti,
3714 5520 3991 5606 accipiat
4025 5521 4309 5586 Sacrista

667 5635 731 5692 et
778 5630 1019 5694 habeat
1065 5652 1182 5717 pro
1231 5631 1325 5694 eis
1375 5638 1627 5694 tantum
1673 5638 1804 5694 tres
1853 5652 2073 5716 panes.
2125 5629 2358 5694 Cetera
2405 5652 2558 5694 vero
2615 5629 2922 5692 victualia
2971 5628 3246 5715 accipiat
3293 5637 3360 5692 et
3405 5628 3646 5692 habeat
3691 5650 3807 5714 pro
3856 5628 4159 5713 predictis
4208 5651 4309 5692 sa-

671 5736 1039 5801 cerdotibus
1086 5745 1150 5801 et
1198 5737 1627 5802 servientibus
1675 5737 2147 5823 aliquantulum
2198 5736 2264 5801 in
2311 5737 2541 5801 minori
2590 5737 2951 5822 quantitate
3008 5757 3202 5822 quam
3248 5736 3575 5801 Canonici.
3622 5735 3784 5800 Cum
3830 5756 3984 5800 vero
4032 5736 4097 5799 in
4145 5736 4310 5801 cella

666 5843 889 5906 vinum
933 5865 1061 5908 non
1095 5845 1290 5908 fuerit
1337 5844 1415 5909 de
1464 5845 1740 5927 comuni,
1778 5844 2063 5909 Sacrista
2110 5866 2225 5930 pro
2274 5844 2428 5930 ipsis
2475 5843 2919 5908 sacerdotibus
2968 5851 3031 5907 et
3077 5843 3505 5907 servientibus
3538 5843 3807 5928 recipiat
3849 5864 3886 5905 a
3922 5843 4310 5907 Camerariis

667 5950 888 6013 vinum
935 5951 1037 6014 vel
1100 5952 1601 6038 equivalentiam
1666 5959 2155 6038 competentem.
2204 5950 2468 6015 Habeat
2530 5971 2783 6035 quoque
2843 5971 2919 6013 ac
2974 5949 3288 6036 percipiat
3347 5949 3633 6014 Sacrista
3695 5949 3966 6034 singulis
4023 5949 4207 6013 annis
4271 5972 4308 6013 a

670 6056 1058 6123 Camerariis
1130 6059 1413 6146 Capituli
1481 6060 1567 6144 vj.
1621 6060 1821 6123 libras
1881 6059 2350 6124 bononinorum
2414 6080 2530 6145 pro
2595 6058 2882 6122 vestibus
2944 6058 3261 6122 dictorum
3327 6057 3766 6139 sacerdotum,
3816 6057 3907 6141 iij.
3974 6057 4173 6120 libras
4244 6058 4308 6122 in

830 6326 911 6388 (1)
951 6324 1016 6376 In
1056 6325 1338 6394 margine:
1376 6342 1406 6373 α
1447 6325 1590 6376 Nota
1628 6327 1841 6391 fructus
1868 6326 2272 6393 prebendarum
2313 6342 2417 6377 non
2449 6326 2824 6392 percipiendos
2852 6342 2957 6392 per
2994 6341 3099 6376 non
3137 6326 3416 6377 em'stentes
3454 6325 3513 6374 in
3548 6324 3725 6375 sacris
3763 6340 3811 6374 2».

830 6415 908 6479 (2)
948 6413 1348 6467 Documentum
1390 6414 1510 6481 hoc,
1537 6414 1591 6466 in
1629 6414 1849 6467 archivo
1888 6415 2129 6484 Capituli
2166 6415 2397 6484 Metrop.
2435 6416 2630 6467 bonon.
2671 6415 2969 6483 praeterito
3009 6415 3230 6466 saeculo
3270 6417 3634 6477 asservatum,
3674 6428 3818 6464 nunc
3858 6429 3958 6465 nec
3998 6415 4052 6465 in
4090 6414 4185 6465 illo
4225 6431 4310 6466 ar-

669 6503 845 6568 chivo,
885 6519 986 6555 nee
1023 6503 1170 6556 inter
1207 6508 1332 6556 acta
1371 6505 1612 6556 eiusdem
1652 6503 1910 6572 Capituli,
1948 6522 2088 6574 quae
2128 6509 2374 6574 prostant
2413 6506 2467 6556 in
2507 6504 2726 6556 archivo
2765 6503 3023 6570 Maximo,
3064 6504 3307 6555 invenire
3347 6502 3516 6571 potui.
