5542 7775
1572 587 2033 638 SPEOTANTIA
2088 586 2190 636 AD
2247 582 2757 634 PROFESSORES
2815 582 3025 633 JURIS
3081 580 3347 631 CIVILIS
4169 560 4266 630 69

642 746 1056 831 Passagerio,
1090 746 1347 810 domino
1392 743 1816 809 Rambertino
1865 742 1944 806 de
1993 740 2290 823 Osilittis,
2324 740 2580 805 domino
2619 739 2816 803 Petro
2848 737 3090 802 domini
3123 736 3366 802 Osilitti
3397 737 3475 802 (16
3507 738 3792 821 Aliottis,
3826 738 4083 803 domino
4118 738 4276 802 Gui-

643 853 810 918 done
858 853 937 917 (16
988 851 1536 939 Sanctogeorgio,
1586 850 1844 915 domino
1891 848 2202 914 Maiolino
2264 848 2342 912 de
2393 846 2703 912 Sardellis
2730 896 2746 929 ,
2796 845 3053 910 domino
3099 844 3308 910 Baldo
3354 845 3800 911 Francischini
3847 846 3926 910 de
3971 846 4273 931 Pistori0‚

643 960 903 1026 domino
953 960 1222 1025 Giberto
1271 957 1603 1024 Guidolini
1648 957 1921 1038 notario,
1970 955 2229 1020 domino
2276 954 2540 1018 Juliano
2580 954 2659 1018 de
2717 953 3066 1036 Sardellis,
3115 953 3387 1037 notario,
3434 953 3692 1018 domino
3739 955 4081 1020 Vincentio
4141 957 4274 1021 filio

647 1068 972 1154 quondam
1020 1067 1263 1132 domini
1299 1067 1341 1130 J
1347 1064 1602 1131 acobini
1646 1063 2081 1149 Benciguenis
2115 1071 2177 1127 ct
2208 1061 2465 1126 domino
2501 1062 2701 1126 Conte
2735 1061 3060 1147 quondam
3092 1061 3333 1125 domini
3364 1061 3621 1126 Alberti
3655 1061 3971 1145 Sachacii,
4005 1063 4276 1129 testibus

643 1175 727 1240 ad
771 1176 892 1240 hec
938 1175 1182 1261 rogatis
1229 1181 1295 1239 et
1340 1172 1670 1255 vochatis3
1720 1178 1783 1235 et
1830 1172 1921 1235 sic
1969 1171 2274 1234 dixerunt
2318 1176 2384 1234 et
2447 1168 2640 1233 scribi
2688 1168 3000 1251 fecerunt,
3047 1175 3346 1256 presente
3396 1169 3565 1235 dicto
3612 1171 3885 1235 notario.

2330 1435 2585 1500 XLIII.

2121 1634 2316 1717 1290,
2364 1636 2402 1697 1
2449 1633 2796 1699 decemBriS.

1456 1830 1563 1895 Ex
1609 1829 1895 1895 Archivo
1943 1830 2123 1895 Max.
2170 1831 2358 1913 bon.,
2408 1830 2473 1894 in
2522 1830 2714 1895 Libro
2758 1833 3086 1897 literarum
3133 1834 3467 1898 missarum

960 1947 1252 2025 tempore
1298 1937 1570 2003 Antonii
1616 1938 1695 2002 de
1742 1937 2119 2023 Fussiraga,
2169 1960 2222 2002 6.
2258 1941 2341 2002 29
2390 1960 2441 2002 r.
2476 1960 2540 2003 6.
2575 1960 2636 2003 n.
2685 1939 2827 2022 (Ex
2873 1939 3144 2005 Miscell.
3191 1939 3425 2026 fragm.
3472 1941 3599 2005 vol.
3633 1940 3784 2024 VL,
3820 1941 3961 2024 32).

822 2135 1188 2222 Magnificis
1234 2141 1301 2199 et
1344 2135 1715 2221 potentibus
1762 2134 1941 2218 viris,
1990 2134 2273 2198 dominis
2330 2155 2553 2199 eorum
2606 2134 2951 2221 precipuis,
2999 2135 3258 2200 domino
3322 2135 3728 2202 Bernardino
3797 2137 3877 2201 de
3945 2137 4152 2202 Scotis
4199 2138 4279 2204 de

643 2244 1017 2327 Placentia,
1069 2242 1437 2308 honorabili
1482 2243 1787 2328 potestati
1832 2242 2247 2307 bononiensis
2292 2241 2608 2325 civitatis,
2657 2242 2916 2307 domino
2968 2241 3242 2308 Alberto
3311 2243 3553 2309 domini
3622 2244 3972 2329 Odofredi,
4017 2245 4276 2311 domino

646 2351 857 2416 Paxio
903 2352 982 2416 (16
1027 2350 1256 2415 Paxiis
1309 2350 1529 2434 legum
1575 2349 2067 2435 professoribus,
2101 2349 2359 2414 domino
2406 2349 2678 2413 Alberto
2726 2349 2806 2413 (16
2852 2350 3197 2434 Α66661116,
3231 2351 3488 2416 domino
3519 2352 3806 2417 Johanni
3852 2352 3932 2417 (16
3978 2352 4275 2418 Baxaco-

647 2459 983 2542 matribus,
1031 2457 1290 2522 domino
1337 2456 1700 2520 Bonavolte
1745 2455 1825 2520 de
1872 2451 2265 2540 Mal'avoltis‚
2312 2456 2571 2521 domino
2615 2456 2955 2522 Bonifacio
3001 2457 3081 2522 (16
3132 2456 3594 2542 samaritanis,
3642 2459 3900 2524 domino
3970 2460 4275 2525 Taurello

642 2565 723 2630 (16
770 2565 1131 2648 Taurellis,
1180 2571 1245 2628 et
1292 2563 1436 2627 aliis
1485 2562 1901 2649 Sapientibus
1948 2563 2027 2627 (16
2082 2564 2345 2629 civitate
2391 2563 2720 2647 Bononie,
2769 2564 2881 2649 qui
2936 2585 3053 2651 pro
3115 2564 3453 2629 Communi
3513 2565 3806 2630 Bononie
3871 2568 4134 2631 fuerunt
4193 2566 4277 2631 ad

644 2673 1041 2759 colloquium
1086 2671 1255 2736 inter
1300 2670 1576 2735 Imolam
1623 2677 1689 2735 et
1734 2671 1974 2735 Rivum
2023 2670 2527 2757 sanguinarium
2571 2693 2717 2736 cum
2749 2670 3176 2758 infrascriptis
3209 2672 3287 2737 (16
3319 2672 3637 2737 Faventia
3668 2673 3771 2738 die
3804 2674 4010 2760 primo
4041 2675 4280 2739 mensis

644 2779 1035 2863 decembris,
1086 2778 1559 2865 Maghinardus
1604 2778 1914 2864 Paganus
1963 2779 2042 2843 (16
2092 2778 2450 2861 86616666,
2499 2778 2799 2844 defensor
2846 2779 3125 2844 civitatis
3171 2788 3236 2844 et
3281 2780 3608 2845 districtus
3667 2781 4018 2865 Faventie,
4069 2782 4283 2848 Guido

652 2888 882 2953 Raulis
929 2887 1009 2951 de
1056 2885 1489 2967 Zambraxiis,
1522 2885 1911 2972 Raynerius,
1943 2885 2384 2950 Bernardinus
2425 2885 2681 2970 fratres,
2715 2886 2982 2951 comites
3029 2887 3107 2951 de
3155 2887 3360 2952 Cunio
3409 2895 3474 2952 et
3518 2888 3839 2974 Righetus
3887 2889 3965 2954 de
4008 2890 4281 2976 Regatis

644 3017 789 3061 cum
837 2992 1464 3059 recommendatione
1511 3014 1579 3056 se
1627 2993 1821 3079 ipsos.
2938 3055 2946 3068 ,

824 3101 1172 3187 Cupientes
1220 3099 1542 3163 mandatis
1589 3101 1824 3164 vestris
1872 3101 1937 3164 in
1993 3101 2288 3165 omnibus
2337 3100 2622 3165 totaliter
2668 3100 2930 3165 obedire
2974 3123 3092 3188 pro
3142 3103 3463 3166 constanti
3517 3103 3933 3189 responsione
3994 3103 4283 3168 domina-

640 3210 804 3275 tioni
848 3217 1063 3274 vestre
1111 3207 1448 3273 scribimus
1499 3215 1563 3271 et
1610 3207 1940 3272 firmamus
2006 3208 2177 3293 quod
2222 3229 2350 3272 non
2399 3207 2790 3272 intendimus
2837 3207 3057 3294 aliqua
3103 3210 3353 3274 ratione
3407 3210 3514 3274 vel
3572 3232 3769 3275 causa
3823 3232 3940 3298 per
4001 3232 4118 3275 nos
4178 3211 4285 3275 vel

644 3325 897 3383 nostros
945 3338 1254 3403 sequaces
1301 3315 1617 3380 rellevare
1666 3337 1783 3380 seu
1828 3317 2129 3381 rellevari
2177 3316 2392 3381 facere
2440 3316 2663 3381 foveas
2718 3317 2826 3381 vel
2870 3317 3116 3382 vallum
3162 3319 3440 3383 civitatis
3487 3319 3836 3403 Faventie‚
3883 3319 3991 3384 vel
4045 3319 4285 3384 ibidem

646 3425 810 3489 alias
858 3424 1246 3488 munitiones
1294 3443 1409 3487 seu
1463 3422 1799 3487 fortilicias
1859 3422 2107 3506 facere,
2156 3424 2281 3488 nisi
2328 3431 2643 3509 quatenus
2691 3424 2770 3489 de
2818 3433 3033 3490 vestro
3081 3433 3146 3489 et
3193 3426 3564 3490 Communis
3611 3432 3676 3490 et
3720 3427 3944 3514 populi
3988 3425 4281 3491 Bononie

646 3531 952 3597 mandato
1000 3553 1308 3617 expresso
1354 3530 1751 3618 procederet.
1793 3530 1880 3594 Et
1925 3530 2097 3617 quod
2146 3552 2400 3596 omnem
2432 3531 2803 3596 fortiliciam
2834 3531 3075 3597 factam
3106 3532 3174 3596 16
3203 3532 3427 3619 Burgo
3458 3533 3656 3598 Porte
3687 3533 3935 3618 Pontis,
3969 3555 4084 3599 seu
4113 3532 4284 3597 Dur-

644 3640 826 3722 becO,
871 3638 1294 3703 incontinenti
1340 3658 1487 3701 cum
1532 3636 1768 3702 effectu
1814 3636 1880 3701 in
1927 3638 2184 3701 ruinam
2231 3638 2661 3702 convertimus
2706 3646 2770 3702 et
2820 3638 3213 3725 splanamus‚
3261 3646 3328 3704 et
3373 3640 3546 3725 quod
3590 3640 3918 3705 civitatem
3965 3641 4169 3706 Imole
4217 3649 4283 3705 et

643 3746 936 3811 homines
981 3744 1350 3810 habitantes
1397 3744 1463 3809 in
1511 3765 1610 3826 ea,
1645 3765 1769 3829 que
1816 3750 1879 3807 et
1925 3744 2037 3831 qui
2081 3751 2231 3808 sunt
2277 3744 2341 3809 in
2388 3746 2786 3831 protectione
2820 3746 3191 3811 Communis
3237 3754 3302 3812 et
3347 3748 3571 3834 populi
3608 3748 3901 3813 Bononie
3935 3748 4279 3835 diligenter

656 3852 1088 3919 custodiemus
1136 3858 1202 3917 et
1247 3849 1695 3936 s[a]lvabimus
1742 3851 1825 3917 ab
1874 3851 2048 3917 omni
2092 3851 2403 3917 violentia
2448 3860 2514 3919 et
2559 3853 3001 3940 inquietudine
3047 3876 3471 3943 personarum
3523 3862 3590 3921 et
3635 3877 3850 3921 rerum
3895 3879 4011 3945 per
4056 3878 4173 3922 nos
4219 3864 4285 3923 61

652 3968 905 4027 nostros
952 3982 1260 4046 sequaces
1308 3981 1549 4025 omnes,
1595 3960 1950 4025 Precamur
2008 3967 2227 4025 tamen
2288 3968 2361 4026 ut
2406 3963 2623 4027 taliter
2677 3963 3018 4049 providere
3064 3963 3313 4047 velitis,
3363 3965 3536 4050 quod
3598 3966 3787 4029 amici
3849 3972 3915 4030 et
3973 3986 4283 4051 sequaces

647 4069 847 4133 nostri
897 4069 1238 4133 comitatus
1284 4066 1490 4132 Imole
1537 4068 1787 4155 possint
1829 4068 2034 4133 libere
2081 4074 2147 4133 et
2193 4090 2416 4134 secure
2462 4069 2547 4133 ad
2592 4091 2707 4134 nos
2753 4070 2975 4134 venire
3008 4091 3155 4135 cum
3185 4071 3476 4157 personis
3510 4078 3577 4136 et
3606 4072 3799 4136 rebus
3830 4094 3948 4158 pro
3981 4073 4278 4137 omnibus

648 4176 939 4263 agendis,
986 4196 1110 4262 que
1156 4181 1524 4262 spectarent
1570 4176 1652 4239 ad
1699 4176 1940 4240 bonum
1986 4183 2261 4260 statum,
2308 4177 2619 4241 honorem
2664 4183 2734 4241 et
2771 4177 3289 4264 ,magnitudinem
3337 4178 3709 4244 Communis
3755 4186 3821 4244 et
3879 4181 4104 4267 populi
4149 4181 4278 4246 Bo-

640 4283 834 4349 nonie
882 4284 1125 4371 absque
1173 4283 1614 4368 inquictudine
1663 4283 1767 4347 vel
1825 4284 2121 4349 molestia
2182 4285 2440 4349 illorum
2502 4285 2612 4370 qui
2664 4284 2965 4350 habitant
3018 4286 3086 4349 in
3140 4286 3436 4370 civitate,
3496 4286 3789 4352 districtu
3849 4294 3915 4352 et
3974 4288 4283 4353 comitatu

647 4392 875 4473 Imole,
926 4392 1034 4477 qui
1080 4398 1230 4455 sunt
1275 4391 1341 4455 in
1387 4392 1787 4479 protectione
1836 4392 2207 4457 Communis
2264 4399 2329 4456 et
2373 4393 2597 4480 populi
2657 4392 2989 4477 Bononie,
3058 4400 3123 4458 et
3188 4394 3358 4479 quod
3420 4394 3788 4459 abstineant
3848 4396 3930 4459 ab
3987 4396 4283 4461 omnibus
4379 4374 4384 4381 ⁴

651 4499 911 4565 offensis
959 4506 1023 4563 et
1071 4498 1643 4584 inquietationibus
1691 4499 1876 4563 nobis
1933 4500 2037 4564 vel
2098 4500 2333 4564 nostris
2392 4500 2811 4585 sequacibus,
2861 4500 3210 4566 inferendis
3272 4501 3337 4565 in
3405 4502 3700 4589 personis
3768 4503 3875 4567 vel
3942 4502 4170 4587 rebus3
4202 4484 4285 4568 'et

658 4606 831 4692 quod
876 4605 1061 4671 vobis
1108 4606 1366 4691 placeat
1411 4606 1752 4692 pacificare
1801 4628 2021 4671 omnes
2070 4606 2443 4690 discordias,
2478 4629 2602 4693 que
2649 4615 2990 4672 vertuntur
3035 4608 3203 4672 inter
3234 4608 3475 4673 amicos
3522 4609 3802 4673 civitatis
3834 4617 3899 4674 et
3943 4612 4283 4676 comitatus

647 4714 888 4796 Imole3
937 4720 1002 4778 et
1049 4713 1423 4799 profitemur
1468 4735 1584 4801 pro
1634 4714 1818 4778 nobis
1866 4721 1931 4778 et
1978 4715 2212 4779 nostris
2257 4715 2643 4800 sequacibus
2698 4722 2764 4779 et
2826 4715 3049 4780 amicis
3111 4715 3464 4802 adimplere
3513 4718 3728 4782 omnia
3775 4718 4110 4802 mandata,
4159 4740 4283 4804 666

646 4843 764 4908 per
808 4842 946 4905 vos,
997 4821 1349 4885 Commune
1397 4827 1461 4885 et
1506 4821 1818 4907 populum
1862 4820 2154 4886 Bononie
2202 4822 2388 4886 nobis
2436 4822 2566 4886 alte
2613 4831 2678 4887 et
2722 4823 2913 4887 basse
2969 4824 3157 4906 fient,
3205 4829 3340 4888 tam
3403 4825 3468 4888 in
3528 4825 3926 4911 pacificando
3972 4846 4089 4889 nos
4137 4847 4284 4890 cum

659 4929 1169 5015 quibuscumque
1215 4928 1527 5013 personis,
1575 4949 1770 5013 quam
1816 4928 1881 4992 in
1928 4928 2071 4993 aliis
2120 4930 2437 5013 omnibuS‚
2482 4936 2699 5016 preter
2745 4952 2940 5016 quam
2997 4952 3144 4995 cum
3204 4930 3486 4996 dominis
3526 4931 3753 4996 domus
3799 4932 4288 4998 Manfredorum

645 5035 726 5100 (16
791 5036 1147 5118 Faventia,
1198 5034 1369 5120 quod
1416 5035 1624 5121 ipsam
1670 5056 1798 5100 non
1845 5036 2251 5100 crederemus
2298 5036 2535 5101 bonam
2580 5038 2686 5102 vel
2730 5038 2957 5103 utilem
3003 5060 3120 5124 pro
3169 5038 3508 5103 Communi
3553 5040 3658 5104 vel
3704 5040 3942 5126 populo
3987 5039 4283 5105 Bononie

645 5166 764 5209 nec
811 5165 927 5230 pro
990 5143 1196 5207 nobis.
1246 5142 1592 5207 Civitatem
1654 5149 1871 5206 autem
1931 5143 2245 5208 Faventie
2300 5151 2365 5208 et
2425 5144 2717 5209 homines
2779 5166 2949 5209 nunc
3009 5145 3378 5210 habitantes
3438 5146 3506 5210 in
3566 5167 3646 5210 ea
3706 5147 3826 5212 sub
3883 5147 4281 5234 protectione

647 5259 859 5316 vestre
907 5249 1382 5333 dominationis,
1424 5249 1795 5314 Communis
1842 5256 1906 5314 et
1953 5251 2176 5337 populi
2221 5251 2501 5316 civitatis
2546 5251 2840 5317 Bononie
2887 5253 3467 5317 recomendationis
3513 5253 3770 5318 vinculo
3818 5254 4120 5319 duximus
4167 5277 4281 5341 ap-

652 5358 1042 5444 plicandam.
1090 5355 1169 5420 In
1215 5356 1400 5441 cujus
1449 5356 1542 5420 rei
1588 5357 2025 5421 testimonium
2071 5358 2347 5444 propriis
2394 5359 2625 5445 sigillis
2671 5359 2841 5423 hanc
2885 5360 3193 5447 paginam
3239 5359 3541 5423 duximus
3589 5361 4023 5426 muniendam.

823 5465 1069 5530 Datum
1115 5464 1181 5528 in
1227 5462 1470 5551 palatio
1519 5463 1890 5528 Communis
1934 5465 2249 5530 Faventie
2296 5466 2415 5531 sub
2463 5488 2632 5531 anno
2673 5488 2713 5531 a
2758 5467 3099 5532 nativitate
3145 5466 3410 5531 Domini
3454 5468 3796 5534 millesimo
3842 5468 4280 5534 ducentesimo

648 5574 1091 5659 nonagesim0‚
1140 5570 1488 5635 indictione
1535 5570 1748 5653 tertia,
1796 5571 1899 5635 die
1946 5572 2154 5659 primo
2201 5572 2593 5657 decembris3
2642 5574 3049 5660 presentibus
3095 5574 3369 5639 testibus
3413 5574 3714 5640 Fulcerio
3755 5583 3820 5640 et
3850 5576 4106 5641 Joanne
4153 5575 4283 5640 fra·

644 5680 851 5745 tribus
898 5679 976 5744 (16
1027 5678 1321 5759 Calbu10,
1368 5676 1595 5742 Liucio
1644 5678 1723 5743 de
1770 5678 1963 5743 Balbi
2009 5679 2089 5744 de
2134 5679 2474 5764 Ravenna,
2505 5680 2831 5746 Petrizolo
2862 5681 3045 5745 Petri
3090 5680 3381 5746 Taurelli
3425 5681 3506 5746 (16
3551 5682 3860 5767 Forlivio,
3894 5690 3959 5747 et
4005 5683 4152 5747 aliis
4200 5683 4283 5747 ad

646 5788 766 5852 hec
813 5786 1059 5851 vocatis
1107 5793 1172 5850 et
1217 5787 1484 5871 rogatis.

820 5894 964 5980 Ego
1010 5894 1264 5979 Ugolus
1311 5894 1633 5979 quondam
1685 5894 1941 5958 Alberti
1986 5894 2066 5959 (16
2117 5895 2352 5977 Casali,
2402 5895 2721 5981 imperiali
2784 5897 3166 5961 auctoritate
3228 5897 3554 5980 notarius,
3602 5897 3907 5962 mandato
3965 5897 4283 5963 dictorum

647 6002 1051 6067 dominorum
1098 6000 1531 6086 Maghinardi,
1583 6001 1918 6086 Gnidonis‚
1967 6002 2278 6088 Raynerii
2326 6010 2391 6067 et
2434 6002 2826 6068 Bernardini
2873 6011 2937 6068 et
2982 6004 3249 6090 Righeti
3296 6004 3524 6091 scripsi
3569 6011 3635 6069 et
3681 6005 4029 6091 publicavi.

822 6109 942 6192 (L.
976 6109 1020 6191 †
1055 6108 1149 6191 S.)
1196 6108 1340 6195 Ego
1387 6108 1659 6173 Yvanus
1708 6110 2033 6195 quondam
2078 6109 2468 6197 Bentevogli
2513 6111 2898 6176 auctoritate
2943 6112 3266 6198 imperiali
3309 6112 3638 6194 Notarius,
3680 6118 3752 6176 ut
3799 6111 3863 6175 in
3911 6112 4281 6178 authentico

645 6216 934 6303 sigillato
982 6224 1259 6302 quatuor
1304 6215 1535 6302 sigillis
1582 6216 1821 6303 scripto
1867 6238 2065 6282 manu
2111 6218 2450 6304 prescripti
2495 6217 2696 6304 Ugoli
2742 6218 2978 6283 notarii
3024 6219 3261 6302 inveni,
3294 6219 3494 6283 nichil
3539 6218 3785 6283 addens
3831 6220 3939 6282 vel
3988 6220 4282 6285 minuens

645 6323 817 6409 quod
862 6324 1261 6389 intellectum
1305 6323 1410 6387 vel
1458 6344 1719 6387 sensum
1763 6331 2002 6407 mutet,
2050 6325 2327 6389 fideliter
2386 6326 2751 6412 exemplavi
2815 6331 2881 6390 et
2936 6326 3201 6413 scripsi,
3249 6325 3511 6413 scripsi,
3559 6325 3940 6410 subscribsi,
3990 6327 4283 6413 signavi,

644 6432 891 6517 scripsi,
939 6433 1243 6518 sigillavi,
1292 6431 1575 6518 sigillato
1624 6437 1901 6517 quatuor
1947 6432 2199 6518 sigillis.
