5542 7775
1317 634 1347 701 1
1365 633 1464 701 90
2883 653 3367 705 MONUMENTA

1306 807 1781 872 defendendum
1827 816 1890 873 et
1937 808 2454 894 respondendum
2499 809 2566 873 in
2612 830 2880 873 romana
2928 809 3124 875 Curia
3169 831 3388 874 coram
3434 808 3691 874 domino
3736 809 3922 895 Papa
3968 816 4033 873 et
4079 810 4365 895 quolibet
4427 810 4718 875 auditore
4780 809 4930 876 dato

1306 915 1411 978 vel
1458 915 1670 980 dando
1718 916 1785 979 in
1832 937 2029 980 causa
2071 937 2265 1001 quam
2310 916 2508 980 habet
2553 916 2658 980 vel
2707 916 3047 980 habiturus
3095 923 3192 980 est
3248 938 3391 981 cum
3438 916 3687 982 Jacobo
3734 916 3866 981 filio
3915 916 4153 981 domini
4203 916 4451 981 comitis
4497 916 4930 1002 MaghInardi,

1242 1028 1250 1037 ‘
1303 1021 1407 1086 vel
1455 1022 1592 1087 eius
1638 1030 2056 1109 procuratore
2100 1043 2215 1087 seu
2264 1024 2490 1087 nuntio
2538 1023 2642 1087 vel
2690 1022 2820 1087 alia
2868 1044 3164 1109 persona,
3200 1023 3535 1088 occasione
3567 1023 3835 1088 ecclesie
3882 1030 4102 1088 sancte
4149 1023 4354 1089 Μαι-16
4386 1023 4466 1088 (16
4498 1023 4930 1108 Monteovalo,

1302 1131 1714 1196 bononiensis
1760 1131 2054 1213 diocesis,
2088 1131 2193 1195 vel
2238 1131 2367 1195 alia
2414 1130 2722 1216 qualibet,
2758 1137 2823 1195 et
2869 1131 2935 1194 in
2983 1130 3278 1195 omnibus
3326 1130 3537 1195 causis
3584 1131 3774 1196 motis
3822 1138 3886 1195 et
3932 1131 4263 1195 movendis
4312 1180 4927 1199 ..........

1306 1285 2399 1303 .................
2445 1238 2683 1302 Actum
2729 1237 3024 1302 Bononie
3070 1259 3264 1324 super
3309 1237 3617 1303 solarium
3664 1238 3969 1303 canonice
4016 1239 4224 1302 sancti
4266 1238 4477 1322 Petri,
4525 1241 4930 1325 presentibus

1303 1345 1561 1410 domino
1607 1346 1815 1411 Paulo
1864 1344 2403 1432 archipresbitero
2450 1345 2659 1431 plebis
2706 1344 2945 1409 Montis
2993 1334 3245 1410 Cereris
3294 1351 3359 1409 et
3404 1344 3662 1409 domiuo
3710 1345 4025 1410 Ubertino
4057 1345 4349 1429 Pistoris,
4384 1347 4655 1429 notario,
4690 1347 4772 1411 ad
4813 1349 4930 1413 hec

1300 1454 1545 1518 vocatis
1592 1462 1656 1518 et
1702 1453 1968 1538 rogatis.

1471 1565 1575 1637 (15
1606 1562 1798 1626 Anno
1843 1560 2109 1624 Domini
2153 1559 2523 1641 M.cc.lxiv.‚
2558 1559 2906 1624 indictione
2955 1560 3088 1643 vij„
3123 1559 3227 1623 die
3274 1581 3336 1624 v.
3372 1559 3668 1624 exeuntis
3717 1559 3953 1623 mensis
3999 1559 4217 1642 madii,
4250 1560 4543 1625 Bononie
4577 1561 4642 1626 in
4676 1584 4929 1627 camera

1298 1670 1592 1755 magistri
1636 1668 1955 1733 Bernardi
2003 1667 2283 1732 doctoris
2330 1666 2757 1751 decretorum,
2789 1667 3196 1753 presentibus
3244 1667 3600 1754 presbitero
3645 1666 3997 1732 Frumento
4044 1674 4108 1731 et
4155 1667 4323 1732 Cosa
4364 1669 4811 1734 mansionariis
4865 1680 4929 1735 et

1297 1777 1597 1842 Johanne
1645 1782 1709 1840 et
1753 1774 2119 1840 Rambaldo
2169 1774 2598 1838 familiaribus
2646 1755 2911 1838 domini·
2934 1774 3275 1860 presbiteri
3322 1773 3588 1859 Ugolini
3637 1774 3928 1838 canonici
3959 1774 4392 1859 bononiensis,
4428 1776 4736 1861 magister
4769 1777 4924 1842 Ber-

1300 1884 1540 1949 nardus
1586 1883 1809 1948 doctor
1858 1882 2283 1964 decretorum,
2317 1881 2664 1946 canonicus
2712 1881 3003 1945 Bononie
3052 1890 3117 1945 et
3162 1888 3372 1946 rector
3419 1881 3687 1945 ecclesie
3731 1888 3950 1944 sancte
3999 1880 4196 1945 Marie
4230 1881 4310 1945 de
4349 1881 4784 1967 Monteovalo,
4817 1886 4927 1950 bo-

1300 1992 1625 2056 noniensis
1688 1990 1979 2073 diocesis,
2030 1988 2211 2071 fecit,
2260 1989 2592 2052 constituit
2638 1995 2702 2052 et
2749 1988 3072 2052 ordinavit
3118 1989 3544 2075 presbiterum
3590 1987 3911 2053 «Iacobum
3957 1988 4036 2051 de
4086 1989 4344 2074 ospitali
4389 1990 4594 2054 sancti
4641 1990 4818 2055 Petri
4864 2002 4927 2057 et

1228 2125 1236 2135 ·
1298 2100 1682 2164 familiarem
1731 2097 2014 2184 Capituli
2058 2096 2494 2178 bononiensis,
2542 2103 2906 2183 presentem
2961 2104 3026 2160 et
3081 2096 3456 2160 mandatum
3502 2097 3977 2182 suscipientem,
4019 2117 4203 2160 suum
4251 2105 4754 2183 procuratorem,
4800 2100 4925 2164 sin-

1297 2207 1510 2271 dicum
1557 2228 1672 2270 seu
1720 2214 2005 2269 actorem
2051 2210 2115 2268 et
2162 2203 2459 2267 nuntium
2498 2204 2834 2289 spetialem
2884 2204 2948 2267 in
2998 2204 3294 2268 omnibus
3339 2203 3548 2268 causis
3582 2204 3992 2289 generaliter,
4026 2203 4267 2286 litibus,
4299 2224 4412 2268 seu
4453 2207 4926 2291 controversijs,

1297 2336 1456 2401 quas
1516 2314 1715 2378 habet
1776 2313 1880 2377 vel
1937 2312 2178 2376 habere
2225 2318 2443 2397 sperat
2491 2317 2713 2376 contra
2761 2332 3230 2397 quamcumque
3279 2333 3620 2399 personam
3667 2310 4167 2376 ecclesiasticam
4214 2311 4320 2375 vel
4375 2312 4752 2396 secularem,
4803 2316 4926 2379 col-

1295 2422 1538 2507 legium
1586 2421 1688 2485 vel
1753 2419 2239 2484 universitatem
2286 2440 2504 2483 coram
2550 2440 2953 2504 quocumque
2995 2419 3213 2502 judice
3277 2419 3710 2484 ecclesiastico
3767 2418 3872 2482 vel
3935 2417 4141 2499 civili,
4192 2417 4517 2482 ordinario
4578 2441 4693 2483 seu
4755 2421 4925 2485 dele-

1294 2538 1482 2615 gate,
1532 2536 1598 2593 et
1659 2527 2027 2615 specialiter
2091 2528 2157 2590 in
2219 2547 2415 2590 eausa
2478 2548 2592 2590 seu
2648 2526 3123 2608 controversia,
3173 2548 3367 2611 quam
3431 2526 3627 2590 habet
3691 2526 3795 2590 vel
3855 2525 4095 2589 habere
4158 2524 4431 2589 intendit
4486 2547 4631 2590 eum
4692 2528 4925 2594 abbate

1294 2636 1667 2701 monasterii
1713 2643 1933 2699 sancte
1980 2634 2185 2698 Marie
2233 2633 2312 2698 de
2360 2633 2587 2716 Plano,
2636 2633 3036 2719 pistoriensis
3085 2633 3375 2716 diocesis,
3425 2654 3619 2719 super
3663 2632 3918 2720 prefata
3965 2632 4238 2697 ecclesia
4284 2639 4505 2698 sancte
4551 2633 4778 2718 Marie,
4811 2658 4922 2700 seu

1287 2743 1544 2827 juribus
1592 2741 1915 2828 aliquibus
1962 2740 2427 2826 temporalibus
2475 2761 2590 2803 seu
2637 2740 3081 2827 spiritualibus
3127 2740 3595 2827 pertinentibus
3643 2739 3726 2804 ad
3773 2739 4065 2803 eamdem
4107 2788 4921 2808 .............

1295 2897 2445 2915 ..................
2495 2847 2638 2933 Ego
2685 2848 3018 2913 Johannes
3067 2848 3390 2934 quondam
3437 2847 3690 2912 Nicolai
3740 2846 4150 2929 Guizardini,
4200 2847 4488 2911 notarius
4542 2851 4922 2915 auctoritate

1294 2957 1633 3044 imperiali,
1681 2956 1986 3043 predictis
2034 2954 2296 3019 interfui
2344 2961 2410 3018 et
2454 2962 2719 3039 rogatus
2767 2955 3048 3020 scribere
3097 2955 3344 3041 scripsi.

1465 3068 1571 3140 (Π
1601 3066 1795 3128 Anno
1836 3085 1874 3127 a
1922 3062 2258 3127 nativitate
2292 3062 2554 3127 Domini
2600 3061 2973 3145 M.ec.lxvj.‚
3009 3061 3354 3126 indictione
3401 3062 3512 3144 ix„
3547 3062 3649 3125 die
3683 3061 3850 3145 xiiij.
3883 3060 4163 3125 intrante
4207 3060 4443 3143 madio,
4477 3069 4692 3125 actum
4725 3062 4789 3126 in
4823 3085 4922 3126 ec-

1291 3172 1489 3237 clesia
1535 3171 1767 3255 majori
1814 3170 2093 3235 civitatis
2139 3169 2450 3253 Viterbij,
2498 3169 2905 3255 presentibus
2954 3169 3210 3233 domino
3261 3169 3607 3251 Savarisio,
3658 3168 3934 3254 plebano
3984 3167 4063 3231 de
4112 3166 4296 3250 Caxi,
4347 3168 4674 3233 Comando
4722 3191 4921 3255 quon-

1290 3279 1441 3343 dam
1474 3278 1715 3344 domini
1746 3277 1988 3364 Filippi
2037 3276 2315 3360 Schelfe,
2350 3276 2747 3359 bononiensi,
2784 3284 2849 3340 et
2879 3276 2923 3342 J
2927 3276 3180 3341 ohanne
3218 3276 3452 3361 Liuzij,
3475 3275 3885 3358 bononiensi3
3919 3274 4215 3339 dominus
4247 3274 4567 3339 Rodulfus
4601 3277 4924 3361 quondam

1290 3386 1533 3451 domini
1577 3384 2043 3450 Benrecordati
2090 3384 2169 3448 de
2216 3384 2438 3467 Prato,
2473 3391 2537 3448 et
2574 3385 2809 3449 Petrus
2843 3384 3148 3469 Yspanus
3182 3384 3564 3448 constitutus
3595 3392 3974 3469 procurator
4020 3382 4102 3446 ab
4151 3383 4290 3469 ipso
4324 3382 4581 3448 domino
4614 3384 4918 3467 Radulfo,

1279 3501 1611 3579 tamquam
1643 3498 2023 3579 procurator
2055 3491 2387 3574 Jacobutij
2436 3492 2701 3555 rectoris
2744 3492 3014 3555 ecclesie
3063 3498 3284 3555 sancte
3332 3491 3537 3555 Maris
3584 3489 3825 3556 Montis
3875 3490 4226 3573 Covali(¹),
4262 3490 4554 3555 fecerunt
4592 3499 4656 3555 et
4689 3493 4920 3556 consti-

1280 3607 1540 3665 tuerunt
1582 3621 1802 3664 eorum
1851 3606 1915 3663 et
1963 3598 2116 3663 dicti
2149 3598 2479 3682 Jacobutij
2511 3598 2803 3662 Bardum
2849 3599 2928 3663 de
2974 3599 3180 3663 Podio
3212 3599 3462 3680 Bonici,
3496 3606 3979 3684 procuratorem
4028 3598 4092 3662 in
4140 3619 4338 3662 causa
4383 3597 4535 3662 dicti
4567 3597 4918 3684 Jacobutij,

1282 3729 1478 3793 quam
1525 3706 1722 3770 habet
1770 3728 1914 3770 cum
1972 3705 2275 3791 Capitulo
2323 3705 2703 3769 bononiensi
2764 3714 2830 3769 et
2893 3706 3202 3791 magistro
3249 3705 3585 3769 Bernardo
3649 3712 3713 3769 et
3774 3726 3996 3769 eorum
4042 3713 4479 3790 procuratore,
4530 3727 4922 3791 quamquam

1279 3815 1487 3879 dictus
1533 3815 1768 3878 Petrus
1814 3814 2122 3902 Yspanus
2171 3812 2381 3877 factus
2430 3812 2623 3876 fuerit
2670 3811 2968 3876 dominus
3029 3812 3159 3876 litis
3221 3834 3339 3899 per
3401 3812 3581 3876 litem
3628 3818 4054 3876 contestatam
4102 3860 4918 3878 .............

1456 3922 1601 4008 Ego
1657 3921 2118 3987 Rambertinus
2182 3920 2506 4007 quondam
2567 3921 2883 4004 Danielis,
2946 3920 3267 4007 imperiali
3329 3921 3713 3985 auctoritate
3767 3920 4078 4002 notarius,
4124 3920 4430 4007 predictis
4477 3943 4763 4007 presens,
4818 3944 4919 3988 ro-

1268 4039 1459 4117 gatus
1507 4029 1759 4115 scripsi.

1456 4141 1561 4213 ff:
1604 4136 1730 4201 Die
1784 4158 1850 4200 x.
1901 4135 2288 4200 novembris.
2340 4135 2878 4221 comparentibus
2925 4156 3143 4200 coram
3187 4135 3499 4221 magistro
3558 4134 3905 4198 Guilliemo
3966 4134 4309 4220 Proposito
4356 4136 4561 4199 sancti
4608 4136 4920 4201 Antonini

1278 4244 1630 4332 placentini
1677 4244 1982 4330 Capituli,
2033 4243 2420 4308 venerabilis
2466 4243 2670 4328 patris
2720 4242 2962 4308 domini
3011 4242 3076 4306 S.
3126 4242 3412 4329 episcopi
3456 4240 3876 4325 P[r]enestini
3923 4241 4215 4306 auditore
4264 4242 4330 4305 in
4377 4263 4595 4325 causa,
4643 4243 4919 4329 plebano

1278 4352 1503 4417 Azone
1552 4351 1631 4415 de
1678 4350 2001 4433 Centorio,
2034 4356 2452 4436 procuratore
2487 4349 2771 4436 Capituli
2812 4349 3225 4414 bononiensis
3259 4358 3323 4413 et
3369 4349 3611 4413 domini
3654 4348 3976 4411 Bernardi
4022 4348 4101 4412 de
4155 4348 4428 4414 Verceto
4476 4349 4767 4414 canonici
4808 4352 4918 4416 bo·

1280 4459 1629 4542 noniensis,
1679 4480 1763 4522 ex
1816 4479 1947 4522 una
1994 4465 2199 4544 parte,
2249 4464 2313 4521 et
2357 4456 2575 4521 Bardo
2622 4462 3041 4542 procuratore
3087 4456 3417 4541 Jacobutij
3465 4456 3583 4540 filij
3634 4455 3883 4521 comitis
3938 4454 4353 4541 Maghinardi
4400 4455 4479 4520 de
4527 4456 4791 4538 Panion,
4837 4480 4920 4522 ex

1279 4566 1521 4649 altera,
1570 4566 1723 4651 quia
1771 4564 2027 4629 auditor
2074 4585 2202 4628 non
2250 4570 2390 4628 erat
2436 4564 2599 4628 bene
2648 4564 2998 4627 instructus
3046 4563 3113 4627 in
3160 4584 3356 4628 causa
3403 4564 3580 4649 ipsa,
3628 4563 3889 4649 prefixit
3951 4563 4296 4627 terminum
4342 4563 4435 4628 eis
4499 4571 4570 4627 ut
4625 4566 4917 4650 proxima

1279 4673 1382 4737 die
1444 4673 1732 4756 veneris,
1781 4672 1956 4736 facta
2002 4671 2367 4754 audientia,
2416 4675 2837 4757 compareant
2891 4690 3108 4734 coram
3170 4691 3247 4735 eo
3314 4669 3397 4734 ad
3457 4669 3934 4756 procedendum
3999 4671 4066 4733 in
4128 4691 4323 4734 causa
4384 4671 4527 4757 ipsa
4588 4679 4779 4757 prout
4839 4673 4917 4737 (le

1277 4781 1427 4865 jure
1474 4779 1689 4844 fuerit.

1455 4890 1559 4962 (Π
1590 4887 1715 4952 Die
1762 4887 1879 4970 xij.
1930 4886 2317 4950 novembris.
2362 4886 2637 4950 Amatus
2688 4888 2768 4952 de
2816 4886 3074 4969 VereIO,
3123 4886 3366 4969 dominj
3413 4885 3594 4971 Pape
3643 4906 3885 4967 cursor,
3933 4885 4153 4948 retulit
4200 4905 4267 4948 se
4317 4883 4557 4949 dixisse
4605 4906 4690 4949 ex
4734 4894 4917 4972 parte

1279 4993 1551 5081 predicti
1614 4992 1927 5057 auditoris
1988 4992 2316 5075 Bardono,
2367 4993 2771 5078 procuratori
2820 4992 2974 5058 dicti
3020 4992 3385 5076 Jacobutij,
3434 4992 3605 5077 quod
3653 4991 3861 5055 eidem
3908 4990 4198 5054 Bardoni
4251 4990 4518 5055 dederat
4572 4992 4917 5056 secundam

1280 5101 1657 5165 dilationem
1703 5100 1782 5164 ad
1832 5099 2201 5187 ponendum
2249 5100 2316 5163 in
2364 5121 2561 5164 causa
2606 5100 2898 5186 predicta
2946 5121 3148 5185 usque
3197 5100 3280 5163 ad
3326 5099 3689 5186 proximam
3735 5099 3905 5162 diem
3953 5098 4104 5162 lune
4150 5120 4267 5184 per
4313 5104 4517 5163 totam
4562 5098 4752 5164 diem.

1454 5211 1560 5284 (ff
1597 5207 1723 5271 Die
1770 5207 1903 5271 xvi.
1941 5206 2328 5272 novembris
2363 5205 2903 5294 Comparentibus
2949 5228 3167 5271 coram
3213 5207 3523 5292 magistro
3572 5206 3944 5270 Guillielmo
3978 5205 4271 5269 auditore
4304 5206 4613 5292 predicto,
4645 5207 4915 5293 predicti

1277 5317 1418 5381 Azo
1466 5323 1531 5380 et
1574 5314 1853 5397 Bardus,
1886 5323 2360 5401 procuratores,
2395 5315 2831 5380 exhibuerunt
2860 5314 3210 5401 positiones
3244 5313 3580 5396 secundas,
3615 5320 3679 5377 et
3725 5312 3914 5376 datus
3946 5319 4044 5376 est
4076 5313 4386 5377 terminus
4428 5314 4583 5399 ipsis
4615 5335 4916 5400 procura-

1276 5423 1526 5488 toribus
1575 5422 1659 5486 ad
1705 5421 2197 5486 deliberandum
2244 5430 2310 5485 et
2356 5422 2873 5508 respondendum
2922 5420 3005 5485 ad
3053 5421 3314 5485 easdem
3358 5421 3654 5508 proximo
3701 5420 3804 5484 die
3850 5420 4175 5503 mercurij.

1455 5532 1560 5604 (Ιῖ
1590 5529 1716 5593 Die
1764 5550 1825 5593 v.
1860 5535 2139 5593 exeunte
2187 5529 2540 5594 novembri.
2579 5528 3093 5616 Comparuerunt
3136 5527 3409 5615 predicti
3454 5535 3907 5614 procuratores
3954 5548 4172 5590 coram
4213 5526 4504 5592 auditore
4546 5528 4818 5614 prefate,
4852 5537 4916 5592 et

1278 5637 1753 5724 responderunt
1797 5635 2225 5722 positionibus
2273 5636 2552 5701 secunde
2599 5635 2789 5718 datis,
2838 5657 2962 5722 que
3011 5642 3162 5700 sunt
3205 5635 3326 5699 iste
3350 5635 3429 5700 (2)
3479 5682 4632 5700 ..................

1459 5744 1578 5826 (L.
1611 5744 1655 5827 †
1694 5743 1788 5824 S.)
1835 5742 1922 5807 Et
1969 5764 2091 5829 ego
2141 5744 2473 5808 ‚Iohannes
2521 5742 2599 5806 de
2645 5742 2998 5826 Pallianis,
3049 5743 3430 5808 auctoritate
3480 5742 3832 5829 apostolica
3881 5741 4168 5805 notarius
4214 5742 4530 5827 publicus,
4578 5743 4914 5828 predictis,

1280 5874 1403 5939 que
1452 5853 1520 5916 in
1570 5857 1712 5916 octo
1761 5850 1985 5915 frustis
2034 5857 2209 5915 carte
2258 5850 2497 5936 scripta
2544 5857 2692 5914 sunt
2738 5872 2856 5937 per
2900 5873 3003 5915 me
3060 5857 3124 5914 et
3172 5850 3372 5935 signis
3419 5850 3579 5914 meis
3620 5850 3896 5934 signata,
3931 5847 4217 5931 interfui,
4253 5857 4317 5913 et
4362 5870 4440 5913 ea
4487 5849 4566 5914 de
4614 5850 4917 5914 mandato

1279 5961 1592 6025 auditoris
1641 5958 1877 6047 prefati
1924 5959 1990 6022 in
2035 5959 2361 6045 publicam
2410 5958 2630 6044 redegi
2678 5959 2973 6023 formam.

1465 6425 1486 6473 1
1557 6421 1662 6473 Sic.

1437 6423 1517 6580 {23
1556 6513 1871 6581 Sequuntur
1908 6511 2103 6563 deinde
2143 6511 2459 6580 positiones,
2498 6514 2558 6562 ut
2606 6513 2830 6575 vocant,
2869 6513 2924 6563 et
2971 6510 3039 6561 ad
3077 6508 3287 6560 calcem
3326 6508 3638 6560 earumdem
3677 6508 3874 6559 notarii
3912 6507 4239 6576 subscriptio
4278 6507 4495 6576 legitur.
