5542 7775
1577 679 2040 729 srnc'rANtt-IA
2096 680 2199 730 AD
2255 679 2763 731 Pnornssonns
2822 680 3033 732 amus
3089 678 3442 730 CANomol
4171 662 4356 734 187.

2292 1100 2299 1106 ’
2376 1098 2633 1163 XXXI.

2162 1332 2353 1416 1264,
2401 1332 2444 1395 8
2490 1331 2861 1417 εφίεηιόνὶε.

1366 1563 1471 1628 Ex
1518 1563 1745 1628 eodem
1790 1570 1963 1628 tomo
2016 1561 2160 1627 cod.
2210 1563 2362 1648 dipl.
2410 1562 2575 1627 Eccl.
2623 1562 2796 1647 bon„
2843 1584 3016 1627 num.
3068 1565 3233 1647 487,
3283 1563 3421 1628 doc.
3470 1563 3662 1628 VIII.

868 1796 1177 1861 Urbanus
1224 1795 1441 1860 IV.(1)
1488 1795 1811 1883 Episcopo
1859 1794 2229 1860 ferrariensi
2276 1802 2341 1858 et
2386 1794 2697 1879 magistro
2744 1794 3105 1878 Bernardo,
3154 1795 3462 1860 canonico
3508 1796 3910 1861 bononiensi.

868 1903 1044 1968 Dum
1091 1903 1424 1990 angustias
1471 1910 1535 1967 et
1582 1924 1902 1985 erumnae,
1938 1902 2170 1988 quibus
2216 1901 2488 1966 dilectus
2533 1902 2704 1965 filius
2750 1900 3151 1986 Manfredus,
3183 1903 3556 1967 veronensis
3601 1902 3886 1987 Electus,
3920 1904 3987 1969 in
4028 1904 4325 1968 manibus

692 2011 1096 2075 inimicorum
1156 2010 1447 2075 Ecclesie
1509 2010 1892 2074 constitutus
1957 2009 2284 2095 affligitur,
2332 2008 2439 2095 pio
2497 2008 2710 2072 animo
2773 2009 3170 2094 cogitamus,
3218 2009 3370 2073 dum
3425 2009 3711 2074 insuetas
3772 2032 3974 2097 penas
4037 2033 4198 2098 quas
4255 2012 4323 2075 in

692 2118 1017 2203 squallore
1066 2118 1342 2182 carceris
1388 2118 1660 2181 sustinet
1713 2116 1914 2181 flebili
1959 2116 2375 2181 meditatione
2414 2115 2826 2198 revolvimus,
2860 2116 3084 2181 intimo
3118 2117 3288 2180 circa
3320 2137 3468 2180 eum
3500 2138 3833 2182 movemur
3864 2118 4326 2205 compassionis

691 2226 929 2291 affectu
990 2232 1054 2290 et
1100 2226 1376 2291 libenter
1423 2227 1562 2290 vias
1608 2225 1966 2311 cogitamus
2014 2232 2078 2289 et
2124 2224 2347 2289 modos
2409 2224 2640 2309 quibus
2687 2224 2908 2310 aliqua
2962 2225 3279 2311 impartiri
3340 2225 3464 2289 sibi
3525 2226 3981 2291 consolationis
4041 2227 4326 2292 remedia

691 2333 1045 2398 valeamus.
1097 2332 1594 2398 Considerantes
1640 2333 1838 2418 igitur
1886 2332 2056 2418 quod
2104 2353 2233 2396 non
2279 2331 2478 2395 habet
2523 2330 2693 2395 unde
2741 2331 2865 2396 hoc
2912 2338 3200 2419 tempore
3247 2332 3464 2397 valeat
3509 2333 3575 2396 in
3608 2333 3835 2398 eodem
3866 2355 4123 2398 carcere
4156 2356 4325 2400 com·

691 2441 878 2505 mode
926 2441 1295 2523 sustentari,
1330 2462 1405 2504 ac
1446 2440 1737 2504 volentes
1786 2439 1909 2503 sibi
1956 2438 2363 2503 liberalitatis
2410 2439 2761 2524 apostolice
2809 2439 3145 2503 dexteram
3193 2440 3464 2525 aperire,
3515 2441 3730 2504 omnia
3770 2442 3943 2525 jura,
3977 2463 4325 2528 omnesque

685 2547 1188 2632 jurisdictiones,
1237 2548 1504 2629 fructus,
1552 2546 1840 2611 redditus
1890 2552 1955 2610 et
2000 2551 2350 2632 proventus
2401 2552 2465 2609 et
2512 2552 2749 2628 cetera,
2800 2567 2923 2631 que
2971 2567 3239 2610 romana
3284 2546 3578 2611 Ecclesia
3617 2547 3684 2611 in
3730 2554 3939 2613 castro
3987 2548 4066 2613 de
4115 2549 4326 2634 Carpo

690 2656 959 2741 ejusque
1009 2654 1331 2719 territorio
1381 2676 1496 2718 seu
1543 2652 1836 2718 districtu
1883 2652 2264 2717 mutinensis
2311 2652 2580 2717 diecesis
2629 2652 2904 2736 obtinet,
2940 2660 3005 2717 et
3050 2674 3174 2739 que
3223 2653 3548 2739 quondam
3587 2654 3958 2719 Bertolinus
4000 2655 4327 2720 Taberne-

690 2764 844 2846 rius,
879 2763 1036 2827 civis
1078 2761 1459 2848 parmensis,
1494 2760 1648 2824 dum
1682 2760 1948 2843 viveret,
1982 2759 2065 2824 ab
2111 2759 2338 2823 eadem
2384 2759 2647 2823 tenebat
2691 2758 3008 2843 Ecclesia,
3053 2761 3408 2846 apostolica
3453 2761 3577 2825 sibi
3622 2762 4005 2826 auctoritate
4052 2761 4325 2827 conferi-

691 2892 869 2951 mus,
917 2869 1334 2934 investientes
1382 2868 1686 2932 dilectum
1732 2867 1936 2931 filium
1982 2867 2339 2931 Antonium
2387 2866 2693 2931 clericum
2740 2888 2928 2930 suum
2974 2889 3091 2953 per
3138 2875 3426 2932 nostrum
3474 2868 3741 2933 anulum
3788 2868 3867 2933 de
3916 2869 4188 2953 eisdem,
4236 2870 4328 2934 ita

692 2977 863 3062 quod
910 2977 1023 3040 illa
1069 2984 1325 3059 teneat,
1373 2975 1701 3062 possideat
1747 2981 1811 3038 et
1857 2974 2173 3060 percipiat
2217 2974 2351 3037 vita
2398 2996 2550 3057 sua,
2599 2980 2664 3037 et
2708 2980 2855 3060 post
2901 2996 3088 3038 suum
3136 2974 3381 3040 obitum
3427 2974 3510 3039 ad
3556 2975 3912 3061 predictam
3965 2975 4326 3041 Ecclesiam

690 3085 892 3148 libere
939 3091 1367 3148 revertantur.
1418 3082 1737 3157 Quocirca
1784 3081 2185 3164 mandamus,
2221 3088 2538 3167 quatenus
2586 3103 2700 3146 vos
2753 3082 2860 3146 vel
2907 3082 3071 3145 alter
3117 3090 3406 3145 vestrum
3439 3082 3728 3168 predicto
3759 3081 4007 3166 Electo,
4043 3085 4147 3148 vel
4179 3106 4325 3171 pro-

694 3193 973 3256 curatori
1021 3213 1136 3255 suo
1192 3192 1334 3275 ejus
1367 3191 1644 3273 nomine,
1679 3190 1758 3254 de
1804 3189 2176 3273 hujusmodi
2216 3188 2493 3273 juribus,
2536 3188 3113 3273 jurisdictionibus,
3161 3189 3497 3273 fructibuS,
3539 3189 3896 3255 redditibus
3944 3198 4008 3255 et
4052 3213 4326 3277 proven-

691 3300 862 3364 tibus
910 3299 1164 3364 faciatis
1211 3321 1329 3386 per
1374 3320 1490 3363 vos
1545 3297 1650 3362 vel
1695 3319 1810 3383 per
1857 3296 2057 3360 alium
2111 3318 2225 3360 seu
2274 3295 2435 3360 alios
2483 3296 2735 3382 integre
2783 3318 2859 3361 ac
2905 3296 3195 3383 plenarie
3243 3297 3639 3384 responderi,
3673 3298 4177 3363 contradictores
4208 3321 4324 3385 per

692 3429 1030 3472 censuram
1076 3406 1599 3488 ecclesiasticam,
1634 3404 2069 3491 appellatione
2102 3404 2481 3490 postposita,
2516 3404 2999 3489 compescendo.
3037 3404 3186 3468 Non
3220 3405 3515 3469 obstante
3564 3405 3618 3468 si
3663 3405 3955 3491 personis
4004 3406 4327 3492 aliquibus

692 3536 730 3577 a
789 3513 955 3579 Sede
1019 3513 1373 3600 apostolica
1420 3512 1502 3576 sit
1550 3511 1903 3594 indultum,
1952 3510 2124 3597 quod
2187 3510 2518 3594 interdici,
2566 3511 2872 3597 suspendi
2933 3512 3036 3575 vel
3100 3512 3648 3576 excommunicari
3707 3534 3836 3577 non
3901 3513 4149 3600 possint
4208 3536 4325 3599 per

691 3621 946 3685 Literas
1007 3621 1394 3707 apostolicas
1457 3641 1585 3684 non
1643 3618 1953 3683 facientes
2016 3617 2279 3704 plenam
2343 3625 2407 3682 et
2469 3639 2846 3704 expressam
2909 3640 2984 3682 ac
3045 3618 3125 3683 de
3186 3619 3387 3683 verbo
3447 3618 3528 3682 ad
3592 3620 3860 3684 verbum
3924 3620 4002 3685 de
4075 3620 4323 3686 indulto

689 3727 1062 3812 hujusmodi
1107 3728 1518 3792 mentionem.

867 3834 1112 3901 Datum
1159 3835 1333 3922 apud
1378 3834 1626 3899 Urbem
1670 3832 1977 3898 Veterem
2025 3840 2209 3898 sexto
2255 3832 2399 3897 idus
2447 3832 2851 3919 septembris,
2897 3832 3308 3920 pontificatus
3354 3834 3559 3899 nostri
3605 3855 3775 3900 anno
3823 3841 4073 3922 quarto.

2362 4206 2654 4271 XXXII.

2258 4439 2451 4522 1265,
2503 4439 2542 4502 9
2586 4440 2769 4503 iunii.

896 4671 1003 4736 Ex
1050 4670 1312 4735 archivo
1360 4669 1565 4733 sancti
1611 4668 1971 4750 Michaelis,
2006 4667 2202 4754 vulgo
2248 4671 2315 4733 in
2363 4668 2575 4754 Bosco,
2608 4690 2780 4734 nunc
2826 4669 2894 4733 in
2940 4669 3292 4735 Tabulario
3339 4670 3518 4734 Max.
3558 4670 3825 4754 bonon.,
3859 4676 4011 4734 tom.
4045 4669 4127 4734 V.

1442 4778 1993 4841 instrumentorum
2040 4775 2123 4840 ab
2170 4797 2276 4841 an.
2330 4778 2500 4841 1262
2548 4776 2633 4841 ad
2681 4798 2789 4841 an.
2843 4778 3035 4861 1269,
3085 4777 3205 4842 sub
3252 4799 3428 4842 num.
3482 4779 3583 4841 14.

872 5012 986 5094 (L.
1020 5012 1064 5095 †
1098 5011 1193 5093 S.)
1241 5010 1320 5075 In
1367 5010 1625 5075 nomine
1671 5008 1934 5073 Domini
1983 5009 2186 5073 nostri
2231 5009 2392 5075 Jesu
2440 5010 2708 5093 Christi,
2743 5031 2953 5075 amen.
2996 5010 3189 5075 Anno
3236 5012 3593 5076 nativitatis
3640 5012 3781 5095 ejus
3826 5012 4166 5077 millesimo
4215 5012 4331 5076 du-

694 5119 1040 5184 centesimo
1088 5117 1495 5202 sexagesimo
1530 5116 1775 5202 quinte,
1809 5115 2157 5181 indictione
2207 5124 2458 5200 octava,
2491 5118 2594 5182 die
2642 5138 2815 5182 nona
2860 5119 3142 5182 intrante
3169 5118 3375 5203 junio.
3407 5122 3513 5194 (ιζ’
3534 5118 3680 5203 Ego
3711 5119 4020 5204 magister
4050 5119 4332 5183 Bernar-

692 5228 810 5291 dus
857 5226 1236 5313 parmensis,
1286 5225 1526 5290 domini
1573 5224 1755 5310 Pape
1804 5224 2199 5311 capellanus,
2236 5231 2692 5289 testamentum
2740 5246 2780 5289 a
2825 5247 2929 5290 me
2976 5226 3377 5312 dispositum,
3410 5227 3718 5313 scriptum
3757 5248 3873 5314 per
3902 5227 4333 5292 Bonvicinum

692 5333 1015 5399 Leonardi
1061 5333 1385 5397 notarium
1431 5331 1913 5419 infrascriptum
1969 5353 2139 5397 anno
2184 5331 2449 5397 Domini
2495 5331 2837 5397 millesimo
2884 5332 3321 5408 ducentesimo
3370 5334 3776 5420 sexagesimo
3823 5333 4125 5417 secunde,
4167 5333 4331 5398 indi-

693 5442 903 5506 ctione
936 5441 1182 5527 quinta,
1217 5440 1320 5504 die
1369 5440 1619 5504 decima
1667 5440 1947 5503 intrante
1989 5439 2197 5525 junio,
2246 5445 2311 5504 et
2358 5440 2573 5504 omnia
2621 5446 2685 5504 et
2732 5440 2993 5526 singula
3042 5462 3165 5527 que
3212 5441 3277 5505 in
3326 5462 3403 5507 eo
3451 5442 3880 5524 continentur,
3925 5440 4333 5527 presentibus

693 5548 1004 5614 codicillis
1052 5547 1339 5635 approbo
1388 5555 1453 5611 et
1499 5547 1805 5612 confirmo
1854 5556 1919 5610 et
1963 5547 2182 5611 valere
2229 5547 2399 5631 v010,
2432 5547 2677 5611 addens
2724 5547 2850 5634 ipsi
2896 5554 3283 5613 testamento
3324 5549 3731 5635 presentibus
3773 5547 4082 5613 codicillis
4112 5547 4334 5634 legata

691 5655 1103 5742 infrascripta
1148 5661 1213 5720 et
1257 5676 1335 5719 ea
1383 5675 1507 5740 que
1555 5653 1823 5719 inferius
1869 5646 2298 5719 continentur.

869 5762 949 5827 In
996 5763 1220 5856 primis
1266 5762 1438 5847 eligo
1486 5761 1887 5848 sepulturam
1933 5783 2145 5826 meam
2191 5768 2349 5848 aput
2393 5761 2733 5826 ecclesiam
2780 5762 2957 5827 beati
3001 5762 3183 5827 Petri
3213 5762 3527 5846 Bononie,
3561 5762 3713 5827 siin
3746 5761 4006 5827 civitate
4038 5762 4331 5827 Bononie

694 5869 798 5933 vel
844 5870 909 5933 in
956 5869 1198 5934 diocesi
1254 5868 1626 5950 decessero,
1674 5867 1975 5932 videlicet
2021 5869 2087 5932 in
2137 5890 2215 5934 ea
2260 5869 2592 5955 sepultura
2654 5890 2850 5955 quam
2894 5868 3019 5934 feci
3059 5870 3199 5956 jam
3254 5869 3395 5933 fieri
3441 5875 3506 5933 et
3549 5870 3769 5956 parari
3813 5877 3972 5957 aput
4016 5870 4330 5934 tumulum

695 5976 847 6041 olim
891 5977 1058 6041 bone
1106 5975 1411 6041 memorie
1460 5974 1754 6060 magistri
1802 5975 2122 6040 Tancredi
2168 5976 2605 6041 archidiaconi
2651 5976 3065 6041 bononiensis
3107 5977 3173 6041 in
3218 5978 3360 6063 ipsa
3406 5977 3699 6042 ecclesia.
3731 5977 3818 6042 Et
3849 5998 3966 6065 pro
3998 5976 4332 6064 sepultura

694 6104 838 6147 mea
884 6084 1176 6169 relinquo
1224 6082 1304 6147 de
1351 6081 1537 6147 bonis
1584 6081 1744 6145 meis
1790 6103 1908 6168 pro
1963 6083 2180 6147 anima
2225 6104 2372 6148 mea
2419 6090 2484 6147 et
2529 6083 2809 6170 expendi
2855 6083 3004 6148 volo
3051 6104 3168 6170 per
3213 6083 3618 6148 comissarios
3665 6104 3841 6148 meos
3888 6082 4331 6169 infrascriptos

696 6189 1427 6276 centumquinquaginta
1473 6187 1675 6253 libras
1721 6188 2210 6255 bononenorum
2256 6190 2380 6255 hoc
2426 6189 2637 6274 modo,
2671 6190 2992 6273 videlicet,
3028 6191 3179 6275 quia
3223 6191 3372 6255 volo
3427 6197 3501 6254 ut
3545 6189 3630 6254 ad
3678 6189 4077 6277 sepulturam
4121 6210 4333 6254 meam

853 6528 932 6594 (1)
971 6527 1056 6578 Ex
1092 6528 1280 6597 regist.
1319 6526 1425 6579 111.
1465 6527 1677 6579 Urbani
1715 6526 1814 6580 IV.
1854 6526 1957 6580 sub
1997 6526 2156 6596 epist.
2195 6526 2299 6594 11.,
2337 6526 2434 6580 fol.
2476 6530 2596 6594 137,
2634 6544 2722 6579 an.
2759 6525 3139 6593 MCCLXIV.,
3177 6527 3335 6580 VIII.
3373 6527 3716 6598 septembris.
