5542 7775
1573 649 2039 699 srno'rAN‘mA
2094 650 2197 699 An
2254 650 2765 701 Pnornssonns
2823 650 3035 702 sums
3091 650 3360 701 01V1L18
4136 632 4283 702 137

651 802 1074 866 tiramnorum
1121 823 1393 888 quarum
1440 802 1682 868 habere
1729 802 1964 867 dicitur
2010 803 2305 867 notitiam
2353 825 2421 867 se
2469 803 2701 888 studijs
2747 804 2988 869 sedulis
3037 804 3479 891 impendebat,
3528 805 3610 869 ab
3659 805 3867 871 officio
3933 806 4105 892 quod
4168 807 4290 871 sibi

650 909 831 973 velut
873 908 1069 991 fideli,
1120 909 1263 974 utili
1312 916 1377 974 et
1424 910 1717 996 probato,
1751 918 1824 974 ut
1868 911 2094 994 fertur,
2129 910 2402 976 dilectus
2447 911 2618 975 filius
2667 911 3037 998 Stephanus
3084 911 3405 997 Bernerij,
3439 912 3607 978 dicte
3656 914 3985 1000 provincie
4033 913 4293 979 thesau-

653 1017 883 1099 rarius,
930 1016 1083 1081 dum
1130 1017 1409 1082 officium
1456 1018 1865 1083 vicerectoris
1913 1019 1980 1083 in
2026 1018 2168 1105 ipsa
2216 1019 2551 1105 provincia
2596 1027 2874 1105 gereret,
2922 1019 3451 1084 committendum
3498 1021 3890 1106 providerat,
3931 1027 4000 1085 tu
4050 1021 4294 1107 absque

653 1144 851 1188 causa
898 1124 1268 1189 rationabili
1315 1145 1391 1189 ac
1439 1125 1864 1211 ignominiose
1910 1147 2027 1211 pro
2075 1133 2184 1190 tue
2234 1126 2585 1191 voluntatis
2631 1126 2814 1191 libito
2862 1127 3183 1210 amovisti,
3216 1127 3415 1191 alium
3462 1127 3528 1191 in
3573 1127 3800 1193 eodem
3847 1128 4054 1194 officio
4098 1128 4296 1216 depu-

653 1231 872 1314 tando,
906 1232 1127 1318 sicque
1160 1253 1354 1318 super
1399 1232 1527 1317 hijs
1575 1238 1639 1296 et
1685 1232 1833 1317 alijs
1879 1241 1944 1297 te
1991 1232 2275 1318 gerendo
2323 1233 2495 1320 quod
2541 1240 2747 1298 status
2795 1233 2963 1298 dicte
3013 1234 3363 1320 provincie,
3398 1235 3507 1321 qui
3548 1242 3698 1300 ante
3732 1243 3913 1300 tuum
3946 1236 4294 1301 adventum

654 1338 737 1402 ad
784 1359 929 1402 eam
974 1359 1092 1425 per
1137 1340 1507 1405 missionem
1554 1340 1723 1404 dicte
1769 1340 1980 1426 gentis
2028 1362 2155 1406 non
2203 1362 2434 1427 parum
2492 1341 2863 1427 prosperari
2925 1341 3328 1427 sperabatur,
3376 1342 3813 1407 verisimiliter
3866 1342 4294 1407 deterioratus

654 1452 753 1510 est
797 1467 926 1510 non
974 1445 1316 1529 modicum,
1363 1453 1428 1510 et
1474 1447 1756 1530 timetur,
1804 1447 1927 1511 nisi
1974 1447 2389 1534 provideatur
2437 1448 2645 1530 aliter,
2695 1447 2947 1512 damnis
2997 1469 3125 1512 uon
3173 1449 3551 1536 reparandis
3596 1449 3877 1515 faciliter
3937 1450 4171 1535 subijci
4232 1458 4297 1515 et

654 1553 936 1618 iacturis.
987 1552 1272 1639 Ideoque
1321 1553 1474 1639 quid
1523 1560 1585 1617 te
1633 1554 1860 1618 deceat
1904 1562 1970 1619 et
2015 1554 2132 1619 tibi
2178 1555 2486 1643 expediat
2531 1555 2928 1642 prospiciens
2991 1555 3337 1641 diligenter
3398 1562 3580 1620 actus
3633 1563 3777 1621 tuos
3833 1557 4052 1621 taliter
4096 1557 4292 1622 corri-

652 1682 806 1747 gere
869 1681 944 1724 ac
992 1660 1272 1746 dirigere
1321 1683 1448 1726 non
1510 1661 1818 1745 desistas,
1868 1662 2040 1748 quod
2093 1685 2209 1728 nos
2257 1663 2435 1728 aliud
2489 1685 2685 1750 super
2744 1664 2873 1748 hijs
2937 1684 3132 1749 agere
3195 1663 3365 1749 quod
3428 1662 3651 1728 deesse
3717 1664 4010 1751 nequibit
4069 1666 4293 1751 procul

652 1768 848 1832 dubio
896 1768 1020 1832 nisi
1068 1768 1257 1833 aliter
1302 1770 1670 1856 prosperari
1718 1768 2154 1834 audiverimus
2216 1777 2456 1835 statum
2511 1770 2800 1836 eiusdem
2861 1771 3191 1856 provincie
3253 1791 3379 1835 non
3444 1791 3773 1857 cogamur,
3820 1792 4016 1858 super
4062 1772 4294 1857 quibus

654 1876 838 1940 nobis
884 1876 1236 1940 rescribere
1285 1876 1525 1963 poteris
1572 1876 1628 1940 si
1673 1883 1739 1941 et
1785 1878 2043 1963 quando
2090 1878 2472 1964 cognoveris
2517 1887 2928 1964 oportunum.
2971 1877 3311 1943 Prefatum
3357 1886 3574 1942 autem
3612 1878 4016 1943 Ludovicum
4048 1880 4131 1943 ad
4163 1879 4296 1945 offi-

653 1983 821 2047 cium
867 1983 1228 2069 predictum
1274 1985 1596 2067 restituas,
1647 1984 1767 2048 nisi
1814 1984 2033 2049 forsan
2081 2006 2279 2050 causa
2335 1985 2707 2051 rationabili
2766 1993 3020 2051 amotus
3082 1985 3164 2049 ab
3222 1985 3331 2051 illo
3379 1986 3611 2067 fuerit,
3660 2007 3855 2072 quam
3916 1986 4101 2051 nobis
4165 2007 4293 2051 non

653 2089 916 2154 differas
964 2090 1282 2155 intimare.

831 2196 1077 2262 Datum
1121 2199 1451 2281 Avinioni,
1501 2207 1686 2264 sexto
1733 2199 1877 2264 idus
1925 2200 2225 2281 octobris,
2272 2201 2681 2288 pontificatus
2729 2202 2931 2267 nostri
2979 2222 3150 2266 anno
3197 2200 3493 2288 septime.

2327 2518 2613 2583 LXXII.

2189 2734 2395 2816 1342,
2442 2734 2529 2796 21
2576 2736 2749 2797 maii.

1366 2946 1471 3012 Ex
1519 2954 1672 3012 tom.
1719 2947 1975 3013 LXIII.
2023 2971 2085 3035 p.
2137 2947 2191 3013 I.
2246 2946 2481 3012 Codicis
2525 2948 2777 3032 diplom.
2825 2948 3079 3032 bonon„
3129 2970 3190 3013 n.
3239 2948 3367 3031 11„
3415 2970 3470 3013 c.
3520 2951 3582 3013 5.

828 3165 1126 3231 Clemens
1173 3163 1536 3250 episcopus,
1570 3184 1796 3227 servus
1843 3184 2177 3227 servorum
2221 3162 2368 3245 Dei,
2403 3161 2654 3227 dilectis
2686 3163 2840 3247 filijs
2874 3163 3075 3227 nobili
3121 3164 3261 3228 viro
3309 3163 3575 3228 Thadeo
3609 3164 3689 3228 de
3722 3164 4009 3251 Pepulis,
4043 3165 4296 3249 gerenti

647 3271 1272 3338 administrationem
1313 3270 1561 3355 jurium
1606 3278 1975 3335 nostrorum
2018 3269 2336 3334 fiscalium
2381 3270 2446 3334 in
2494 3270 2791 3352 civitate,
2841 3271 3150 3334 comitatu
3195 3279 3260 3335 et
3305 3271 3598 3334 districtu
3646 3270 4172 3353 bononiensibus,
4218 3293 4294 3336 ac

650 3380 1010 3462 Communi,
1056 3378 1485 3443 Universitati
1532 3384 1598 3442 et
1640 3376 1895 3464 Populo
1941 3378 2470 3460 bononiensibus,
2516 3377 2792 3442 salutem
2837 3385 2901 3443 et
2948 3379 3370 3464 apostolicam
3414 3378 3950 3444 benedictionem.

825 3488 905 3554 In
950 3488 1241 3574 precelso
1288 3487 1522 3552 throno
1569 3486 1773 3550 divini
1818 3486 2114 3550 culminis
2161 3486 2478 3572 sapientie
2525 3486 2835 3569 altitude,
2883 3486 3248 3551 sublimitas
3315 3487 3601 3573 potentie
3650 3507 3726 3552 ac
3772 3487 4113 3573 prudentie
4158 3487 4293 3573 ple-

647 3597 873 3662 nitudo
920 3595 1299 3677 consistunt,
1348 3602 1412 3658 et
1459 3593 1740 3679 qualiter
1785 3592 2203 3679 dispositione
2249 3614 2532 3679 superna
2577 3593 2765 3658 detur
2813 3615 2954 3658 esse
3001 3593 3216 3676 rebus,
3249 3599 3580 3658 mutentur
3626 3600 3691 3657 et
3738 3594 4071 3658 varientur
4116 3615 4296 3659 crea-

647 3711 940 3769 turarum
973 3702 1375 3768 conditiones
1407 3710 1471 3766 et
1503 3708 1710 3765 status
1748 3701 2006 3787 aliaque
2039 3702 2400 3787 gratiarum
2432 3723 2701 3765 munera
2733 3701 3046 3766 ineffabili
3081 3701 3488 3787 providentia
3521 3701 3995 3788 dispensentur,
4029 3702 4293 3767 humani

646 3835 775 3878 non
823 3813 1089 3900 capiunt
1134 3811 1522 3876 intellectus.
1574 3808 1907 3896 Supernus
1956 3830 2232 3896 namque
2280 3809 2574 3873 conditor
2618 3809 2683 3873 in
2719 3809 3185 3897 omnipotentia
3218 3831 3336 3873 sua
3367 3809 3770 3874 admirabilis
3803 3810 3991 3893 dixit,
4026 3818 4090 3875 et
4121 3811 4296 3874 facta

647 3929 817 4006 sunt,
852 3929 917 3986 et
965 3942 1090 4008 que
1137 3921 1274 4007 ipse
1320 3919 1527 3984 voluit
1572 3925 1722 3982 sunt
1767 3925 1987 3982 creata
2026 3927 2091 3982 et
2122 3918 2432 4005 perfecta,
2466 3918 2714 3982 habens
2760 3925 3092 4005 tamquam
3134 3919 3263 4001 ille,
3295 3919 3406 4005 qui
3438 3926 3671 3983 cuncta
3702 3919 3917 4004 palmo
3952 3918 4294 4002 concludit,

646 4031 728 4095 ad
776 4028 1036 4115 singula
1079 4034 1488 4114 potestatem,
1524 4025 1909 4112 quandoque
1947 4025 2105 4091 facit
2140 4026 2375 4091 fortem
2406 4047 2491 4089 ex
2523 4025 2742 4108 debili,
2777 4032 2841 4089 et
2876 4046 3358 4112 nonnumquam
3388 4026 3572 4112 ponit
3604 4025 3879 4090 humiles
3912 4026 3978 4090 in
4010 4027 4291 4110 sublimi,

647 4159 723 4203 ac
768 4143 1250 4202 sacrosanctam
1297 4134 1659 4200 Ecclesiam
1705 4134 2125 4216 catholicam,
2173 4155 2368 4220 quam
2430 4133 2554 4198 sibi
2613 4134 2949 4198 charitatis
3015 4134 3469 4220 inseparabilis
3528 4133 3868 4198 dulcedine
3933 4135 4293 4221 copulavit,

645 4245 995 4310 salubriter
1038 4243 1261 4329 dirigit
1306 4251 1373 4308 et
1417 4243 1760 4329 gubernat.
1809 4242 2035 4328 Nuper
2089 4241 2406 4328 siquidem
2467 4241 2674 4306 felicis
2735 4242 3201 4306 recordationis
3245 4240 3602 4306 Benedicto
3647 4263 3822 4328 papa
3865 4241 4024 4305 XII.
4072 4242 4298 4328 prede-

645 4373 899 4417 cessore
945 4358 1188 4433 nostr0,
1234 4350 1401 4415 sicut
1444 4348 1724 4415 Domino
1773 4349 2040 4436 placuit,
2075 4348 2157 4412 ab
2204 4349 2328 4414 hac
2375 4348 2517 4412 luce
2564 4349 2918 4431 subtract0,
2953 4348 3357 4413 venerabiles
3402 4348 3669 4413 Fratres
3717 4349 3921 4413 nostri
3965 4348 4294 4436 Episcopi,

643 4458 1021 4544 Presbyteri
1066 4465 1131 4521 et
1177 4457 1455 4522 Diaconi
1500 4463 1722 4521 sancte
1770 4477 2034 4521 romane
2080 4456 2372 4521 Ecclesie
2421 4456 2823 4539 Cardinales,
2871 4456 2950 4520 de
3013 4477 3287 4542 quorum
3344 4478 3611 4520 numero
3660 4464 3812 4520 tunc
3859 4478 4138 4539 eramus,
4178 4479 4294 4544 pro

643 4566 845 4631 futuri
892 4565 1348 4630 substitutione
1398 4564 1646 4629 romani
1692 4564 2025 4628 Pontificis
2073 4565 2531 4629 couvenientes
2580 4565 2645 4627 in
2692 4586 2914 4646 unum,
2967 4563 3189 4628 Sancti
3238 4563 3539 4649 Spiritus,
3574 4571 3646 4628 ut
3691 4564 3887 4627 moris
3934 4570 4052 4645 est,
4084 4565 4298 4650 gratia

644 4675 966 4756 invocata,
1014 4673 1200 4759 quasi
1245 4694 1362 4759 per
1407 4670 1896 4758 inspirationem
1941 4672 2142 4758 ipsius
2189 4672 2256 4735 in
2303 4693 2453 4755 nos,
2502 4672 2669 4736 sicut
2714 4672 2932 4735 divine
2980 4671 3318 4736 clementie
3365 4671 3631 4757 placuit,
3665 4679 3817 4735 vota
3865 4692 3983 4735 sua
4031 4692 4294 4735 concor·

645 4782 812 4846 diter
859 4780 1255 4862 direxerunt,
1290 4801 1406 4845 nos
1441 4779 1524 4844 ad
1572 4778 2130 4844 conscendendam
2175 4779 2506 4865 speculam
2552 4779 2895 4865 apostolici
2941 4779 3261 4861 culminis,
3295 4785 3359 4844 et
3392 4778 3796 4843 subeundam
3843 4779 4297 4863 gravissimam

649 4890 847 4954 totius
894 4887 1068 4953 orbis
1113 4888 1446 4973 regiminis
1502 4887 1824 4951 sarcinam
1884 4887 2220 4972 eligentes.
2268 4886 2513 4951 Verum
2576 4908 2721 4951 curn
2781 4886 2865 4950 ad
2925 4893 3104 4951 tante
3166 4886 3501 4971 dignitatis
3563 4886 3814 4972 apicem
3875 4886 4293 4972 obstupemus

646 4996 909 5078 assumi,
943 5016 1020 5061 eo
1069 4995 1242 5082 quod
1280 4995 1657 5081 impotentie
1706 5003 1922 5059 nostre
1968 4994 2222 5059 humeri
2269 4994 2353 5058 ad
2398 5001 2650 5059 tantum
2698 5015 2861 5059 onus
2903 5015 3032 5058 non
3065 4993 3434 5058 sufficerent
3466 4993 3999 5080 supportandum,
4033 4992 4294 5057 tandem

646 5111 983 5190 sperantes
1029 5103 1094 5167 in
1141 5103 1274 5184 illo,
1309 5103 1419 5188 qui
1466 5102 1678 5167 reddit
1725 5123 1925 5166 suave
1952 5103 2187 5188 jugum
2218 5123 2405 5166 suum
2438 5108 2503 5166 et
2533 5123 2695 5166 onus
2727 5101 2870 5166 leve
2906 5101 3019 5165 illa
3052 5101 3459 5188 portantibus
3498 5101 3841 5186 patienter,
3874 5100 3958 5164 ad
4006 5101 4290 5186 ipsorum
4377 5160 4384 5166 .

647 5210 952 5275 Fratrum
1000 5210 1395 5292 instantiam,
1428 5210 1596 5274 votis
1636 5209 2077 5295 acquievimus
2122 5208 2518 5290 eorumdem,
2551 5215 2616 5272 et
2660 5208 2830 5272 00118
2876 5215 3098 5273 nostra
3129 5207 3542 5272 submisimus
3589 5207 3919 5271 humiliter
3946 5209 4108 5293 jugo
4140 5228 4293 5293 apo·

649 5317 872 5382 stolice
920 5315 1283 5398 servitutis,
1331 5323 1395 5380 et
1441 5316 1910 5401 subsequenter
1954 5315 2421 5379 benedictionis
2476 5321 2542 5378 et
2587 5314 3023 5379 coronationis
3069 5320 3285 5379 nostre
3333 5314 3647 5378 solemnia
3687 5315 3882 5399 juxta
3936 5335 4181 5377 morem
4228 5314 4289 5378 in

648 5423 941 5510 personis
987 5422 1193 5487 felicis
1241 5422 1546 5486 memorie
1595 5443 2007 5486 romanorum
2051 5421 2440 5486 Pontificum
2485 5421 3011 5507 predecessorum
3074 5426 3441 5484 nostrorum
3504 5419 3817 5484 hactenus
3882 5419 4294 5483 observatum

650 5530 1077 5616 suscepimus,
1127 5529 1210 5593 ad
1257 5529 1615 5615 gratiarum
1660 5530 1905 5594 fontem
1968 5529 2048 5593 de
2109 5528 2295 5613 cujus
2351 5528 2675 5614 accipiunt
2719 5526 3120 5614 plenitudine
3168 5526 3491 5609 universi,
3541 5526 3626 5590 ad
3670 5527 3948 5613 pastoris
3996 5526 4296 5591 videlicet

651 5638 858 5702 eterni
902 5637 1310 5702 clementiam
1358 5637 1422 5700 in
1471 5636 1852 5701 humilitatis
1900 5637 2129 5723 spiritu
2176 5642 2600 5718 recurrentes,
2635 5643 2706 5698 ut
2737 5635 2875 5722 ipse
2924 5655 3050 5698 non
3092 5635 3286 5719 juxta
3334 5641 3695 5699 nostrorum
3743 5634 4118 5698 meritorum
4156 5635 4293 5699 exi·

649 5746 957 5830 gentiam,
990 5744 1104 5809 sed
1151 5744 1506 5809 secundum
1552 5766 1666 5808 sue
1714 5743 2377 5830 superabundantiam
2422 5743 2682 5829 pietatis
2731 5742 3048 5807 debilitati
3098 5749 3312 5808 nostre
3361 5743 3454 5807 sic
3509 5741 3754 5806 tribuat
3798 5742 4049 5806 roboris
4110 5741 4295 5806 fulci-

648 5864 957 5935 mentum,
991 5851 1163 5938 quod
1202 5858 1572 5938 susceptum
1619 5873 1781 5916 011118
1828 5851 1912 5915 8(1
1958 5851 2217 5915 laudem
2264 5851 2362 5915 sui
2410 5851 2710 5934 nominis,
2741 5850 3031 5916 Ecclesie
3079 5850 3521 5915 universitatis
3568 5850 3878 5915 honorem
3925 5857 3991 5913 et
4029 5857 4291 5933 statum,

647 5959 924 6023 salutem
971 5966 1036 6023 et
1081 5959 1617 6045 tranquillitatem
1661 5959 1969 6042 fidelium,
2005 5959 2143 6045 ipso
2191 5965 2600 6045 cooperante,
2634 5958 2909 6041 deferre,
2943 5980 3019 6022 ac
3052 5958 3117 6022 in
3149 5939 3406 6044 populis
3439 5956 3857 6022 sollicitudini
3894 5965 4111 6022 nostre
4159 5978 4295 6021 cre-

648 6065 797 6130 ditis
839 6066 1274 6152 quarumlibet
1317 6067 1790 6131 dissensionum
1838 6088 1921 6131 ex
1969 6067 2061 6130 eis
2109 6075 2447 6153 amputata
2493 6066 2787 6149 materia,
2823 6066 3186 6132 ministrare
3233 6065 3473 6129 bonum
3522 6065 3721 6151 pacis,
3771 6063 3852 6127 ad
3902 6085 4024 6150 que
4074 6073 4295 6128 nostra

648 6195 895 6237 summe
945 6174 1190 6261 aspirat
1237 6174 1527 6257 intenti0,
1560 6173 1927 6238 valeamus:
1963 6173 2394 6238 sollicitudine
2444 6175 2660 6260 itaque
2706 6171 2963 6259 publice
3012 6172 3585 6236 administrationis
3619 6178 3971 6257 assumpta,
4005 6177 4069 6235 et
4102 6169 4294 6256 plena

650 6280 730 6345 de
777 6281 960 6345 vobis
1008 6289 1319 6368 concepta
1364 6282 1601 6346 fiducia
1656 6281 1827 6367 quod
1875 6281 1955 6345 ad
2004 6282 2516 6368 supportandum
2562 6281 2727 6346 tanti
2775 6281 2987 6346 oneris
3035 6280 3271 6345 molem
3317 6279 3383 6344 in
3431 6277 3746 6344 charitate
3795 6278 3967 6342 illius
4022 6278 4135 6364 qui
4179 6300 4293 6342 vos

650 6394 832 6474 optat
877 6388 1131 6453 celestis
1178 6390 1365 6475 regni
1409 6390 1547 6453 fore
1609 6395 1973 6471 consortes,
2023 6388 2245 6453 fideles
2307 6388 2485 6453 eritis
2547 6387 2899 6473 adjutores,
2946 6386 3438 6451 universitatem
3491 6393 3772 6450 vestram
3833 6385 4166 6448 hortantes
4227 6385 4292 6448 in

649 6494 927 6559 Domino
990 6495 1150 6560 Jesu
1213 6495 1507 6578 Christo,
1555 6495 1867 6581 vobisque
1928 6495 2347 6560 nihilominus
2408 6516 2526 6581 per
2580 6493 2937 6580 apostolica
3000 6494 3241 6580 scripta
3308 6493 3721 6575 mandamus,
3769 6499 4121 6578 quatenus,
4171 6492 4289 6555 sub

811 6631 948 6669 rou.
986 6632 1050 6670 11.
4059 6616 4124 6666 18
