5542 7775
1626 681 2092 731 SPEOTANTJA
2150 681 2251 730 AD
2310 679 2820 729 PROFESSORES
2875 679 3086 731 JURIS
3142 680 3409 729 CIVILIS
4178 658 4326 728 125

687 834 940 916 nostris,
977 841 1040 897 et
1088 833 1298 897 eidem
1348 831 1640 897 Ecclesie
1674 832 1778 895 vel
1827 851 2101 917 persone
2149 852 2264 895 seu
2311 831 2602 917 personis
2647 851 2764 916 per
2813 851 2928 895 nos
2985 851 3097 893 seu
3146 850 3546 894 successores
3589 835 3838 893 nostros
3887 828 3970 892 ad
4016 829 4082 892 id
4132 834 4331 916 depu-

694 940 889 1005 tande
938 962 1051 1004 seu
1100 940 1487 1027 deputandis
1534 961 1573 1003 a
1618 938 1888 1026 prefatis
1940 938 2377 1020 universitate,
2425 937 2665 1024 populo
2713 944 2779 1001 et
2827 937 3166 1002 Communi
3213 937 3386 1001 facta
3432 957 3560 1000 non
3608 936 3822 1019 fuerit,
3869 944 3943 1000 ut
3986 936 4328 1023 prefertur.

869 1048 1187 1131 Secundo,
1225 1047 1303 1111 ad
1357 1047 1711 1132 capitulum
1759 1053 2131 1110 contentum
2179 1046 2243 1109 in
2290 1047 2495 1110 literis
2528 1046 2920 1127 memoratis,
2955 1066 3081 1131 quo
3115 1052 3382 1108 cavetur
3413 1045 3584 1130 quod
3618 1045 3682 1108 in
3714 1044 4040 1131 presentia
4090 1046 4330 1128 nuncii,

687 1175 803 1219 seu
851 1156 1234 1219 nunciorum
1283 1162 1686 1236 nostrorum,
1735 1174 1926 1239 quem
1973 1153 2077 1217 vel
2125 1174 2283 1239 quos
2332 1152 2414 1216 ad
2464 1152 2581 1217 hec
2630 1152 3154 1238 deputaverimus
3211 1159 3277 1216 et
3333 1151 3416 1215 ad
3464 1152 3792 1217 civitatem
3836 1152 4131 1215 eamdem
4184 1173 4330 1239 pro-

686 1270 911 1349 pterea
969 1262 1343 1325 duxerimus
1409 1259 1863 1325 destinandum
1924 1260 2029 1324 vel
2091 1259 2504 1324 destinandos
2567 1261 2631 1323 in
2695 1259 2987 1345 generali
3048 1259 3331 1323 Consilio
3394 1260 3671 1324 civitatis
3734 1259 4026 1344 ejusdem
4079 1258 4162 1322 ad
4208 1258 4330 1323 hoc

692 1370 1060 1455 specialiter
1107 1368 1520 1433 convocando
1567 1374 1632 1431 et
1678 1366 1972 1432 faciendo
2022 1367 2087 1430 in
2136 1366 2397 1430 civitate
2444 1366 2721 1452 prefata,
2757 1374 2829 1430 ut
2873 1367 3070 1431 moris
3117 1372 3215 1430 est
3260 1365 3401 1429 fieri
3436 1374 3500 1430 et
3542 1365 3872 1430 observari
3907 1366 3968 1429 in
4004 1366 4223 1429 arduis
4270 1374 4334 1430 et

688 1477 1043 1561 majoribus
1092 1476 1372 1561 negotijs
1406 1475 1683 1540 civitatis
1717 1473 2027 1558 ejusdem,
2063 1473 2295 1537 debeat
2338 1474 2506 1537 infra
2539 1481 2814 1560 tempus,
2851 1474 2915 1538 in
2948 1474 3151 1537 literis
3184 1474 3339 1559 ipsis
3372 1481 3763 1556 contentum,
3796 1472 3937 1537 fieri
3968 1473 4329 1556 affirmatiO,

689 1584 1108 1665 confirmatio,
1145 1582 1484 1646 ratificatio
1532 1588 1598 1646 et
1644 1582 2034 1666 emologatio
2083 1581 2399 1667 specifice,
2434 1582 2852 1666 singulariter
2898 1589 2963 1644 et
3011 1601 3336 1666 expresse,
3372 1580 3658 1644 omnium
3702 1587 3768 1644 et
3814 1580 4217 1665 singulorum
4263 1582 4330 1644 in

692 1689 878 1754 dictis
925 1690 1130 1755 literis
1178 1695 1645 1770 contentorum,
1679 1696 1872 1774 prout
1919 1689 2036 1751 hec
2084 1694 2149 1751 01
2194 1688 2325 1751 0110
2371 1688 2437 1752 in
2474 1687 2844 1772 hujusmodi
2878 1688 3160 1774 capitulo
3194 1688 3261 1751 in
3293 1688 3535 1752 eisdem
3567 1688 3770 1752 literis
3805 1689 4044 1752 inserto
4077 1688 4332 1775 plenius

690 1804 757 1861 et
802 1797 1105 1862 seriosius
1153 1796 1538 1878 continetur,
1587 1795 1654 1858 in
1701 1816 1778 1859 eo
1828 1815 1983 1859 casu
2030 1794 2363 1877 videlicet,
2411 1795 2524 1858 ubi
2571 1794 2737 1859 forte
2799 1794 3171 1878 hujusmodi
3232 1794 3603 1876 affirmatio,
3652 1795 4082 1879 confirmatio,
4130 1795 4329 1859 ratifi-

690 1904 858 1969 catio
901 1912 966 1968 01
1007 1903 1396 1988 emologatio
1431 1909 1495 1966 et
1529 1902 1658 1966 alia
1691 1903 1985 1988 proxime
2018 1901 2191 1966 dicta
2224 1923 2352 1965 non
2384 1903 2612 1966 fierent
2644 1902 2816 1966 infra
2849 1902 3053 1966 dictas
3085 1901 3398 1966 kalendas
3430 1903 3724 1989 proxime
3756 1903 4008 1966 futuras
4041 1902 4332 1987 ejusdem

690 2012 928 2075 mensis
961 2010 1363 2097 septembris,
1399 2010 1596 2073 salvis
1629 2016 1846 2072 tamen
1888 2009 2424 2095 suppletionibus,
2460 2009 3008 2073 moderationibus
3040 2016 3104 2072 et
3135 2009 3678 2074 declarationibus
3713 2009 4158 2096 infrascriptis.

868 2118 1108 2200 Tertio,
1159 2117 1242 2181 ad
1290 2116 1644 2203 capitulum
1691 2116 1753 2180 in
1807 2115 2049 2180 eisdem
2096 2116 2298 2180 literis
2347 2117 2879 2203 comprehensum
2936 2115 3015 2181 de
3072 2138 3301 2181 census
3364 2117 3837 2199 constitutione,
3887 2124 3952 2180 et
4010 2117 4327 2181 solutione

687 2225 909 2311 ipsius,
946 2245 1213 2289 romano
1253 2223 1557 2288 Pontifici
1600 2230 1665 2287 et
1714 2222 2003 2308 Collegio
2053 2222 2495 2288 Cardinalium
2542 2233 2762 2288 sancte
2811 2245 3075 2288 romane
3121 2224 3412 2288 Ecclesie
3460 2231 3634 2288 certo
3683 2224 3954 2288 termino
4002 2223 4327 2306 facienda,

685 2332 741 2395 si
786 2332 955 2395 infra
999 2332 1259 2396 ultimos
1307 2338 1437 2395 tres
1485 2351 1736 2394 menses
1784 2330 1851 2393 in
1896 2330 2081 2394 dictis
2144 2330 2387 2413 literis,
2437 2331 2501 2394 in
2550 2331 2843 2394 clausula
2890 2331 3189 2395 videlicet
3246 2331 3326 2394 de
3385 2330 3671 2417 predicto
3738 2353 3934 2395 censu
3994 2339 4327 2396 contentos

687 2438 1094 2524 integraliter
1143 2438 1313 2503 facta
1363 2459 1488 2502 non
1538 2437 1752 2520 fuerit,
1786 2437 1968 2524 penis
2016 2438 2164 2522 alijs
2212 2438 2275 2501 in
2318 2438 2487 2501 dicto
2532 2438 2815 2523 capitulo
2850 2438 3164 2502 contentis
3199 2438 3264 2501 in
3296 2459 3415 2501 sua
3447 2439 3972 2524 permanentibus
4003 2438 4325 2502 firmitate.

869 2546 1137 2628 Quarto,
1192 2546 1274 2609 ad
1322 2545 1675 2631 capitulum
1723 2546 1786 2608 in
1837 2546 2205 2609 memoratis
2251 2545 2453 2608 literis
2501 2552 2874 2609 contentum
2920 2545 2999 2608 de
3048 2544 3470 2609 ducentorum
3532 2545 3902 2609 hominibus
3967 2545 4325 2631 equitibus,

688 2653 874 2718 bonis
935 2655 1118 2739 equis
1181 2662 1245 2717 et
1316 2654 1513 2716 armis
1574 2653 1738 2717 bene
1801 2660 1865 2716 et
1929 2653 2231 2716 decenter
2292 2653 2587 2735 munitis,
2634 2660 2976 2738 postquam
3039 2652 3459 2735 universitas,
3509 2653 3785 2739 populus
3847 2660 3911 2716 et
3975 2653 4327 2717 Commune

688 2760 961 2849 predicti
1008 2781 1200 2847 super
1249 2760 1369 2824 hoc
1416 2782 1532 2846 per
1578 2767 1888 2842 nostrum,
1923 2780 2037 2823 seu
2086 2781 2525 2823 successorum
2573 2766 2937 2824 nostrorum
2984 2760 3090 2823 vel
3137 2760 3428 2844 ejusdem
3478 2759 3774 2844 Collegij,
3820 2759 3986 2823 Sede
4033 2767 4326 2842 vacante,

688 2868 994 2933 nuncium
1043 2867 1283 2931 fuerint
1328 2865 1621 2952 requisiti
1667 2866 1749 2930 ad
1791 2867 2126 2930 servitium
2159 2887 2422 2930 romane
2455 2866 2744 2930 Ecclesie
2781 2867 3312 2948 transmittendis,
3347 2873 3411 2930 et
3443 2866 3736 2930 tenendis
3768 2888 3883 2952 per
3914 2873 4043 2930 tres
4077 2887 4327 2930 menses

688 2977 974 3061 integros
1023 2997 1192 3039 anno
1242 2975 1529 3061 quolibet
1575 2974 1876 3061 expensis
1924 2975 2495 3038 transmittentium
2540 2975 2997 3060 predictorum,
3026 2975 3219 3059 juxta
3260 2974 3575 3038 dictarum
3609 2974 4070 3039 continentiam
4110 2976 4328 3039 litera-

687 3105 851 3165 rum,
887 3084 940 3146 si
989 3084 1153 3147 forte
1200 3083 1354 3147 dicti
1401 3082 1808 3163 universitaS,
1851 3081 2128 3168 populus
2161 3090 2226 3145 et
2259 3081 2612 3146 Commune
2660 3103 2856 3168 super
2886 3082 3012 3166 hijs
3045 3082 3349 3145 mandato
3399 3103 3512 3146 seu
3558 3082 3956 3167 requisitioni
3996 3082 4326 3165 faciendis,

686 3197 759 3254 ut
805 3190 1231 3277 premittitur,
1281 3189 1451 3253 infra
1512 3189 1849 3253 duodecim
1910 3189 2159 3252 dierum
2221 3190 2535 3274 spatium,
2586 3210 2745 3274 quos
2809 3189 2901 3252 eis
2964 3189 3046 3252 ad
3105 3189 3499 3253 commodius
3561 3188 3978 3275 prestandum
4039 3190 4328 3275 equitum

686 3298 1120 3384 predictorum
1171 3297 1529 3360 subsidium
1576 3304 1798 3361 tenore
1845 3296 2240 3383 presentium
2288 3296 2590 3359 duximus
2636 3296 3100 3379 concedendOS,
3150 3296 3494 3360 efficaciter
3541 3317 3668 3360 non
3715 3303 4035 3382 parerent.

862 3404 1124 3485 Quinto,
1175 3403 1258 3467 ad
1307 3425 1529 3468 casum
1572 3404 1638 3467 in
1687 3425 1812 3489 11110
1860 3402 2267 3468 Universitas
2313 3403 2418 3467 vel
2464 3404 2670 3468 maior
2714 3424 2865 3489 pars
2908 3403 3365 3467 Universitatis
3398 3403 3889 3468 bononiensium
3920 3404 4121 3486 fieret,
4156 3403 4328 3489 quod

684 3512 873 3593 absit,
907 3511 1199 3575 Ecclesie
1248 3532 1512 3574 romane
1558 3511 1857 3593 rebellis3
1906 3511 1971 3573 in
2020 3511 2250 3595 quibus
2286 3510 2544 3595 quidem
2578 3510 2861 3597 quinque
2895 3510 3151 3574 casibus
3184 3517 3248 3574 et
3281 3510 3567 3595 quolibet
3599 3532 3861 3575 casuum
3894 3511 4327 3596 predictorum

685 3619 1026 3683 dumtaxat
1072 3618 1362 3705 predicta
1411 3618 1705 3682 clausula
1751 3619 1816 3682 in
1862 3618 2050 3682 dictis
2098 3618 2300 3682 literis
2348 3619 2579 3704 posita,
2622 3619 2956 3682 continens
2990 3618 3158 3703 quod
3194 3618 3249 3681 si
3281 3618 3434 3682 dicti
3465 3618 3873 3701 universitas,
3905 3618 4182 3705 populus
4215 3640 4329 3682 seu

686 3726 1040 3791 Commune
1075 3733 1380 3790 contenta
1414 3726 1478 3788 in
1527 3725 1715 3789 dictis
1762 3725 1966 3788 literis
2013 3747 2139 3789 non
2190 3726 2612 3808 servaverint,
2646 3727 2750 3790 vel
2785 3726 3303 3808 contrafecerint,
3338 3725 3623 3790 omnium
3671 3747 3981 3811 penarum
4028 3726 4095 3789 in
4143 3725 4329 3790 dictis

686 3834 889 3898 literis
924 3839 1370 3898 contentarum
1403 3833 1744 3917 relaxatio,
1780 3839 1842 3897 01
1877 3833 1939 3898 111
1975 3833 2318 3919 integrum,
2348 3854 2422 3898 ac
2455 3833 2580 3898 alie
2614 3834 3049 3899 restitutiones
3084 3842 3148 3898 et
3180 3834 3389 3919 gratie
3422 3854 3617 3920 super
3648 3833 3974 3920 premissis
4006 3833 4327 3921 principa

686 3941 835 4004 liter
881 3941 985 4005 vel
1035 3941 1389 4005 incidenter
1436 3962 1511 4006 ac
1560 3941 2071 4027 dispensationes
2120 3963 2235 4028 per
2282 3963 2434 4024 nos,
2480 3964 2594 4006 seu
2643 3941 2722 4006 de
2771 3942 3076 4006 mandato
3123 3949 3342 4006 nostro
3390 3942 3596 4024 facte,
3647 3943 3774 4005 sint
3822 3963 4038 4024 casse,
4089 3963 4326 4024 vacue,

688 4049 867 4113 irrite
915 4057 979 4112 et
1021 4049 1245 4112 inanes
1279 4056 1343 4112 et
1390 4048 1754 4112 habeantur
1800 4050 2055 4135 penitus
2102 4071 2220 4136 pro
2264 4071 2392 4113 non
2423 4050 2632 4132 factis,
2667 4057 2732 4113 et
2764 4049 2936 4134 quod
2967 4051 3035 4112 in
3066 4050 3325 4113 easdem
3360 4070 3560 4136 penas
3593 4055 3658 4113 et
3688 4049 4060 4132 sententias,
4095 4033 4328 4134 quibus

691 4162 883 4220 antea
929 4156 1338 4238 tenebantur,
1387 4157 1679 4220 recidant
1728 4158 1864 4243 ipso
1913 4159 2109 4240 facto,
2153 4157 2450 4221 vendicet
2495 4157 2617 4221 sibi
2666 4158 2898 4239 10011111,
2946 4157 3130 4244 penis
3188 4157 3603 4222 nihilominus
3649 4163 3782 4220 tam
3830 4157 4329 4242 quingentarum

685 4263 1097 4327 marcharum
1144 4264 1285 4326 auri
1333 4284 1528 4348 quam
1570 4265 1733 4346 aliis,
1767 4271 1958 4351 prout
2006 4265 2414 4329 continentur
2462 4265 2527 4328 in
2573 4264 2816 4328 eisdem
2862 4265 3065 4328 literis
3114 4264 3652 4329 reconciliationis
3698 4264 3983 4351 predicte
4030 4264 4094 4328 in
4134 4265 4329 4351 plena

688 4370 1170 4433 remanentibus
1216 4370 1560 4454 firmitate3
1610 4372 1963 4458 capitulum
2021 4393 2275 4457 quoque
2325 4372 2388 4435 in
2436 4371 2677 4436 eisdem
2724 4372 2928 4435 literis
2977 4380 3381 4454 contentum,
3431 4373 3497 4435 in
3544 4393 3670 4457 quo
3716 4372 4083 4458 specialiter
4127 4373 4327 4436 conti-

687 4482 873 4541 netur
909 4477 1078 4562 quod
1127 4477 1381 4563 expulsi
1430 4477 1509 4542 110
1558 4479 1817 4542 civitate
1852 4501 1966 4543 seu
2014 4480 2322 4544 comitatu
2354 4480 2459 4543 vel
2507 4479 2803 4543 districtu
2848 4479 3175 4565 predictis,
3222 4480 3472 4544 ratione
3505 4479 3920 4566 partialitatis
3967 4479 4327 4561 dumtaxat,

689 4604 817 4648 non
865 4590 1083 4647 tamen
1145 4583 1397 4647 banniti
1459 4592 1721 4672 propter
1781 4608 2084 4650 excessus
2146 4587 2251 4650 vel
2299 4587 2616 4650 maleficia
2662 4586 3055 4669 eorumdem,
3106 4608 3229 4672 que
3277 4575 3540 4673 propter
3585 4587 4047 4673 partialitatem
4093 4586 4199 4651 vel
4245 4609 4330 4650 ex

689 4692 900 4755 causis
949 4692 1234 4755 confictis
1282 4692 1375 4755 eis
1423 4693 1723 4779 imposita
1769 4715 1899 4757 11011
1945 4694 2248 4777 fuissent,
2299 4696 2750 4780 permittantur
2808 4716 3191 4781 recuperare
3237 4695 3409 4758 bona
3456 4715 3594 4777 sua,
3644 4701 3709 4757 et
3756 4693 3925 4779 1111011
3971 4694 4331 4780 percipiant

688 4798 890 4862 libere
954 4806 1017 4862 et
1082 4799 1412 4885 percipere
1473 4801 1734 4865 valeant
1782 4801 2027 4865 fructus
2075 4809 2140 4865 et
2187 4801 2474 4865 redditus
2521 4823 3069 4888 quorumcumque
3124 4803 3441 4866 bonorum
3488 4823 3786 4884 suorum,
3834 4808 3898 4864 et
3945 4801 4141 4865 ctiam
4187 4802 4328 4888 ipsa

686 4905 859 4968 bona
904 4926 1026 4989 quc
1073 4915 1360 4991 tempore
1418 4907 1818 4994 expulsionis
1882 4908 2251 4992 hujusmodi
2299 4908 2677 4973 obtinebant
2722 4911 2788 4972 in
2838 4910 3133 4992 civitate,
3184 4909 3490 4973 comitatu
3538 4917 3602 4972 et
3646 4908 3940 4973 districtu
3988 4908 4323 4994 predictis,

687 5019 1277 5098 quantumcumque
1325 5014 1498 5078 dicta
1544 5015 1714 5079 bona
1761 5016 2113 5079 existerent
2160 5017 2509 5102 publicata,
2545 5017 2667 5080 nisi
2699 5017 2917 5081 forsan
2950 5018 3016 5081 in
3050 5018 3143 5081 010
3176 5039 3302 5081 11011
3337 5017 3585 5081 10110110
3618 5016 4072 5103 publicationis
4105 5015 4328 5100 hujus-

687 5118 894 5201 modi,
942 5119 1054 5183 sed
1104 5120 1266 5183 alias
1315 5123 1502 5186 alteri
1550 5144 1820 5209 persone
1868 5124 2121 5209 private
2169 5132 2339 5188 esset
2386 5125 2671 5209 legitime
2712 5125 2821 5210 jus
2871 5126 3226 5210 quesitum,
3277 5133 3341 5189 et
3400 5124 3572 5209 quod
3629 5125 3683 5189 si
3731 5124 3940 5188 redire
3989 5124 4072 5187 ad
4119 5124 4324 5209 ipsam

688 5227 1018 5291 civitatem
1065 5229 1406 5310 voluerint,
1441 5232 1689 5316 possint
1735 5254 1877 5295 cum
1928 5254 2085 5317 pace
2135 5238 2199 5296 et
2246 5234 2589 5297 securitate
2639 5234 2993 5298 communis
3040 5241 3103 5297 et
3152 5234 3389 5298 civium
3437 5233 3714 5297 civitatis
3763 5233 3962 5318 ipsius
3998 5232 4229 5315 redire,
4264 5240 4328 5297 et

688 5334 752 5398 in
802 5333 1029 5398 eadem
1077 5336 1335 5400 civitate
1384 5359 1607 5401 secure
1655 5339 1819 5402 sicut
1881 5340 2053 5402 cives
2101 5340 2299 5403 ceteri
2346 5341 2762 5423 commorari,
2813 5349 3004 5427 prout
3050 5341 3168 5405 hec
3225 5348 3288 5405 et
3343 5341 3473 5404 alia
3532 5341 3726 5404 latius
3789 5347 3854 5405 et
3910 5340 4212 5405 seriosius
4260 5340 4325 5403 in

689 5441 1058 5526 hujusmodi
1104 5444 1386 5528 capitulo
1435 5445 1862 5527 continentur,
1912 5446 2332 5531 intelligimus
2373 5455 2436 5512 et
2483 5449 2759 5534 intelligi
2807 5450 3103 5513 volumus
3152 5449 3230 5512 de
3281 5449 3405 5511 illis
3459 5448 3797 5512 dumtaxat
3844 5448 4169 5534 expulsis
4218 5448 4326 5532 qui

687 5555 833 5634 post
879 5551 1369 5614 commotionem
1418 5560 1482 5615 et
1529 5553 1949 5616 rebellionem
1996 5553 2313 5618 dictornm
2368 5556 2889 5639 bononiensium,
2940 5557 3177 5620 factam
3242 5563 3466 5620 contra
3511 5556 3835 5642 prefatum
3891 5554 4326 5619 Bertrandum

688 5656 1063 5742 episcopum
1110 5658 1484 5740 ostiensem,
1537 5660 1703 5745 quod
1755 5661 1919 5724 sicut
1965 5669 2335 5726 reservatur
2380 5663 2651 5750 privatis
2696 5665 2989 5750 personis
3028 5665 3137 5749 jus
3185 5664 3278 5728 eis
3327 5664 3390 5728 in
3438 5664 3623 5728 dictis
3670 5663 3853 5728 bonis
3900 5685 4123 5727 eorum
4169 5663 4327 5748 legi-

688 5764 841 5827 time
890 5764 1294 5849 acquisitum,
1332 5766 1421 5829 ita
1467 5766 1891 5831 Universitati
1940 5769 2318 5834 bononiensi
2363 5772 2471 5854 jus
2520 5772 2611 5834 eis
2657 5772 2723 5835 in
2775 5772 3016 5835 eisdem
3066 5772 3251 5836 bonis
3300 5772 3683 5857 acquisitum
3731 5771 4019 5856 legitime
4067 5793 4150 5835 ex
4197 5771 4327 5834 alia

688 5877 904 5934 tamen
952 5893 1149 5935 causa
1197 5894 1391 5958 quain
1437 5874 1893 5960 publicationis
1941 5877 2255 5941 bonorum
2301 5878 2673 5962 hujusmodi
2723 5881 3019 5944 volumus
3069 5881 3406 5944 reservari.

866 5978 1291 6044 Declaramus
1340 5982 1536 6045 etiam
1585 5991 1801 6047 nostre
1849 5984 2220 6049 intentionis
2278 6008 2403 6049 non
2466 6008 2607 6051 esse
2673 5987 2844 6072 quod
2907 5987 3060 6052 dicti
3124 5988 3380 6075 expulsi
3426 5995 3690 6074 propter
3736 5987 3955 6073 aliqua
4002 5988 4065 6050 in
4123 5987 4326 6051 literis

689 6085 929 6150 eisdem
979 6095 1281 6151 contenta
1327 6089 1575 6175 possint
1622 6090 1701 6153 ad
1752 6091 1990 6155 dictam
2038 6092 2363 6157 civitatem
2412 6095 2513 6158 vel
2562 6095 2702 6179 ejus
2752 6096 3124 6159 comitatum
3173 6117 3287 6159 scu
3334 6095 3691 6160 districtum
3737 6095 3969 6178 redire,
4002 6096 4114 6159 ubi
4159 6095 4325 6158 veri

688 6194 984 6258 similiter
1044 6196 1379 6260 timeretur
1434 6198 1606 6282 quod
1653 6218 1740 6263 ex
1786 6199 2071 6285 ipsorum
2117 6200 2326 6264 reditu
2374 6201 2541 6265 inter
2589 6203 2760 6266 cives
2809 6204 3086 6267 civitatis
3136 6203 3335 6289 ipsius
3383 6203 3585 6289 possit
3631 6204 3859 6267 seditio
3907 6203 4211 6285 suboriri,
4262 6211 4326 6265 et

691 6301 774 6364 ad
834 6302 1010 6365 rixas
1072 6303 1177 6367 vel
1226 6304 1570 6368 tumultum
1632 6327 1745 6369 seu
1811 6328 1992 6370 arma
2041 6308 2105 6371 in
2153 6309 2380 6372 eadem
2441 6309 2701 6374 civitate
2763 6311 3123 6396 periculose
3179 6318 3524 6397 propterea
3583 6311 3891 6375 deveniri.
3942 6310 4020 6374 In
4085 6310 4327 6373 eisdem

691 6430 945 6496 quoque
993 6411 1194 6475 literis
1244 6412 1410 6476 inter
1456 6413 1586 6477 alia
1633 6415 1987 6500 capitulum
2034 6416 2401 6500 hujusmodi
2449 6417 2833 6500 continetur,
2869 6418 3169 6482 videlicet
3224 6418 3395 6503 quod
3441 6419 3866 6504 stipendiarij,
3903 6419 4013 6504 qui
4044 6419 4124 6482 ad
4159 6419 4327 6485 dicte

691 6519 967 6584 civitatis
1014 6521 1334 6608 stipendia
1382 6544 1498 6607 pro
1545 6529 1833 6609 tempore
1883 6533 2309 6607 assumentur,
2345 6525 2410 6588 in
2458 6525 2754 6590 manibus
2797 6527 2986 6590 unius
3020 6547 3103 6589 ex
3134 6526 3474 6591 Judicibus
3507 6528 4014 6613 appellationum
4047 6529 4324 6592 civitatis
