<?xml version="1.0" encoding="UTF-8"?>
<!DOCTYPE html PUBLIC "-//W3C//DTD XHTML 1.0 Transitional//EN"
    "http://www.w3.org/TR/xhtml1/DTD/xhtml1-transitional.dtd">
<html xmlns="http://www.w3.org/1999/xhtml" xml:lang="en" lang="en">
 <head>
  <title>
</title>
<meta http-equiv="Content-Type" content="text/html;charset=utf-8" />
  <meta name='ocr-system' content='tesseract 3.04.00' />
  <meta name='ocr-capabilities' content='ocr_page ocr_carea ocr_par ocr_line ocrx_word'/>
</head>
<body>
  <div class='ocr_page' id='page_1' title='image "./declarisarchigy00malagoog_0043.png"; bbox 0 0 5542 7775; ppageno 0'>
   <div class='ocr_carea' id='block_1_1' title="bbox 1303 593 3360 663">
    <p class='ocr_par' dir='ltr' id='par_1_1' title="bbox 1303 593 3360 663">
     <span class='ocr_line' id='line_1_1' title="bbox 1303 593 3360 663; baseline 0 -2"><span class='ocrx_word' id='word_1_1' title='bbox 1303 593 1399 663; x_wconf 78' lang='lat'>48</span> <span class='ocrx_word' id='word_1_2' title='bbox 2879 610 3360 662; x_wconf 74' lang='lat' dir='ltr'><strong>MONUMENTA</strong></span> 
     </span>
    </p>
   </div>
   <div class='ocr_carea' id='block_1_2' title="bbox 1290 769 4936 2040">
    <p class='ocr_par' dir='ltr' id='par_1_2' title="bbox 1290 769 4936 1611">
     <span class='ocr_line' id='line_1_2' title="bbox 1300 769 4932 858; baseline 0.001 -24"><span class='ocrx_word' id='word_1_3' title='bbox 1300 790 1444 834; x_wconf 89' lang='lat' dir='ltr'>cam</span> <span class='ocrx_word' id='word_1_4' title='bbox 1506 769 1865 851; x_wconf 73' lang='lat' dir='ltr'>lexionem,</span> <span class='ocrx_word' id='word_1_5' title='bbox 1914 777 1979 834; x_wconf 85' lang='lat' dir='ltr'>et</span> <span class='ocrx_word' id='word_1_6' title='bbox 2038 769 2324 834; x_wconf 77' lang='lat' dir='ltr'><strong>habeant</strong></span> <span class='ocrx_word' id='word_1_7' title='bbox 2383 771 2637 834; x_wconf 85' lang='lat' dir='ltr'>firmum</span> <span class='ocrx_word' id='word_1_8' title='bbox 2698 771 3100 858; x_wconf 84' lang='lat' dir='ltr'>propositum</span> <span class='ocrx_word' id='word_1_9' title='bbox 3163 769 3649 853; x_wconf 87' lang='lat' dir='ltr'>malefaciendi,</span> <span class='ocrx_word' id='word_1_10' title='bbox 3699 792 3814 836; x_wconf 90' lang='lat' dir='ltr'>vos</span> <span class='ocrx_word' id='word_1_11' title='bbox 3868 777 4179 856; x_wconf 90' lang='lat' dir='ltr'>tanquam</span> <span class='ocrx_word' id='word_1_12' title='bbox 4233 780 4484 858; x_wconf 84' lang='lat' dir='ltr'>patrem</span> <span class='ocrx_word' id='word_1_13' title='bbox 4530 779 4595 837; x_wconf 91' lang='lat' dir='ltr'>et</span> <span class='ocrx_word' id='word_1_14' title='bbox 4640 771 4932 839; x_wconf 87' lang='lat' dir='ltr'>dominos</span> 
     </span>
     <span class='ocr_line' id='line_1_3' title="bbox 1300 877 4935 966; baseline 0.001 -25"><span class='ocrx_word' id='word_1_15' title='bbox 1300 877 1686 964; x_wconf 81' lang='lat' dir='ltr'>requirimus</span> <span class='ocrx_word' id='word_1_16' title='bbox 1733 878 2061 942; x_wconf 87' lang='lat' dir='ltr'>humiliter</span> <span class='ocrx_word' id='word_1_17' title='bbox 2106 885 2171 941; x_wconf 90' lang='lat' dir='ltr'>et</span> <span class='ocrx_word' id='word_1_18' title='bbox 2216 877 2468 959; x_wconf 87' lang='lat' dir='ltr'>devote,</span> <span class='ocrx_word' id='word_1_19' title='bbox 2517 886 2836 965; x_wconf 89' lang='lat' dir='ltr'>quatenus</span> <span class='ocrx_word' id='word_1_20' title='bbox 2881 885 3096 942; x_wconf 88' lang='lat' dir='ltr'>vestro</span> <span class='ocrx_word' id='word_1_21' title='bbox 3142 878 3416 962; x_wconf 88' lang='lat' dir='ltr'>honore,</span> <span class='ocrx_word' id='word_1_22' title='bbox 3463 885 3528 943; x_wconf 91' lang='lat' dir='ltr'>et</span> <span class='ocrx_word' id='word_1_23' title='bbox 3572 878 3933 944; x_wconf 89' lang='lat' dir='ltr'>devotionis</span> <span class='ocrx_word' id='word_1_24' title='bbox 3981 879 4238 963; x_wconf 89' lang='lat' dir='ltr'>intuitu,</span> <span class='ocrx_word' id='word_1_25' title='bbox 4287 880 4469 944; x_wconf 89' lang='lat' dir='ltr'>vobis</span> <span class='ocrx_word' id='word_1_26' title='bbox 4516 879 4770 966; x_wconf 89' lang='lat' dir='ltr'>placeat</span> <span class='ocrx_word' id='word_1_27' title='bbox 4819 902 4935 946; x_wconf 89' lang='lat' dir='ltr'>nos</span> 
     </span>
     <span class='ocr_line' id='line_1_4' title="bbox 1300 984 4936 1073; baseline 0.001 -25"><span class='ocrx_word' id='word_1_28' title='bbox 1300 1006 1709 1068; x_wconf 81' lang='lat' dir='ltr'>succurrere,</span> <span class='ocrx_word' id='word_1_29' title='bbox 1758 991 1822 1048; x_wconf 89' lang='lat' dir='ltr'>et</span> <span class='ocrx_word' id='word_1_30' title='bbox 1868 985 2089 1050; x_wconf 88' lang='lat' dir='ltr'>venire</span> <span class='ocrx_word' id='word_1_31' title='bbox 2137 984 2221 1049; x_wconf 91' lang='lat' dir='ltr'>ad</span> <span class='ocrx_word' id='word_1_32' title='bbox 2266 985 2844 1050; x_wconf 78' lang='lat' dir='ltr'><strong>substentationem</strong></span> <span class='ocrx_word' id='word_1_33' title='bbox 2891 985 3169 1050; x_wconf 87' lang='lat' dir='ltr'>civitatis</span> <span class='ocrx_word' id='word_1_34' title='bbox 3223 985 3572 1067; x_wconf 76' lang='lat' dir='ltr'>Faventia,</span> <span class='ocrx_word' id='word_1_35' title='bbox 3621 1007 3745 1071; x_wconf 90' lang='lat' dir='ltr'>que</span> <span class='ocrx_word' id='word_1_36' title='bbox 3792 993 3890 1050; x_wconf 92' lang='lat' dir='ltr'>est</span> <span class='ocrx_word' id='word_1_37' title='bbox 3935 993 4187 1069; x_wconf 87' lang='lat' dir='ltr'>vestra,</span> <span class='ocrx_word' id='word_1_38' title='bbox 4234 1007 4354 1073; x_wconf 91' lang='lat' dir='ltr'>pro</span> <span class='ocrx_word' id='word_1_39' title='bbox 4399 985 4541 1051; x_wconf 89' lang='lat' dir='ltr'>Deo</span> <span class='ocrx_word' id='word_1_40' title='bbox 4587 995 4652 1052; x_wconf 88' lang='lat' dir='ltr'>et</span> <span class='ocrx_word' id='word_1_41' title='bbox 4697 988 4936 1052; x_wconf 87' lang='lat' dir='ltr'>intuitu</span> 
     </span>
     <span class='ocr_line' id='line_1_5' title="bbox 1300 1092 4933 1179; baseline 0.001 -24"><span class='ocrx_word' id='word_1_42' title='bbox 1300 1092 1559 1179; x_wconf 89' lang='lat' dir='ltr'>pietatis</span> <span class='ocrx_word' id='word_1_43' title='bbox 1604 1092 1872 1157; x_wconf 87' lang='lat' dir='ltr'>firmiter</span> <span class='ocrx_word' id='word_1_44' title='bbox 1919 1099 2413 1178; x_wconf 77' lang='lat' dir='ltr'>cognoscentes,</span> <span class='ocrx_word' id='word_1_45' title='bbox 2462 1092 2634 1179; x_wconf 92' lang='lat' dir='ltr'>quod</span> <span class='ocrx_word' id='word_1_46' title='bbox 2692 1115 2913 1157; x_wconf 91' lang='lat' dir='ltr'>sumus</span> <span class='ocrx_word' id='word_1_47' title='bbox 2975 1093 3186 1179; x_wconf 90' lang='lat' dir='ltr'>parati</span> <span class='ocrx_word' id='word_1_48' title='bbox 3250 1099 3317 1157; x_wconf 94' lang='lat' dir='ltr'>et</span> <span class='ocrx_word' id='word_1_49' title='bbox 3370 1093 3608 1157; x_wconf 83' lang='lat' dir='ltr'>erimus</span> <span class='ocrx_word' id='word_1_50' title='bbox 3656 1101 3872 1158; x_wconf 90' lang='lat' dir='ltr'>vestra</span> <span class='ocrx_word' id='word_1_51' title='bbox 3919 1094 4226 1158; x_wconf 89' lang='lat' dir='ltr'>mandata</span> <span class='ocrx_word' id='word_1_52' title='bbox 4271 1093 4522 1176; x_wconf 86' lang='lat' dir='ltr'>facere,</span> <span class='ocrx_word' id='word_1_53' title='bbox 4570 1102 4634 1159; x_wconf 92' lang='lat' dir='ltr'>et</span> <span class='ocrx_word' id='word_1_54' title='bbox 4697 1117 4809 1160; x_wconf 90' lang='lat' dir='ltr'>vos</span> <span class='ocrx_word' id='word_1_55' title='bbox 4869 1096 4933 1160; x_wconf 93' lang='lat' dir='ltr'>in</span> 
     </span>
     <span class='ocr_line' id='line_1_6' title="bbox 1299 1200 4932 1290; baseline 0.001 -26"><span class='ocrx_word' id='word_1_56' title='bbox 1299 1201 1595 1264; x_wconf 88' lang='lat' dir='ltr'>omnibus</span> <span class='ocrx_word' id='word_1_57' title='bbox 1642 1200 1939 1284; x_wconf 88' lang='lat' dir='ltr'>obedire,</span> <span class='ocrx_word' id='word_1_58' title='bbox 1987 1200 2194 1287; x_wconf 87' lang='lat' dir='ltr'>ipsam</span> <span class='ocrx_word' id='word_1_59' title='bbox 2242 1200 2568 1265; x_wconf 89' lang='lat' dir='ltr'>civitatem</span> <span class='ocrx_word' id='word_1_60' title='bbox 2616 1201 2990 1287; x_wconf 90' lang='lat' dir='ltr'>accipiendo</span> <span class='ocrx_word' id='word_1_61' title='bbox 3037 1200 3103 1264; x_wconf 91' lang='lat' dir='ltr'>in</span> <span class='ocrx_word' id='word_1_62' title='bbox 3148 1208 3366 1265; x_wconf 87' lang='lat' dir='ltr'>vestra</span> <span class='ocrx_word' id='word_1_63' title='bbox 3426 1200 3618 1266; x_wconf 86' lang='lat' dir='ltr'>fortia</span> <span class='ocrx_word' id='word_1_64' title='bbox 3680 1209 3746 1265; x_wconf 93' lang='lat' dir='ltr'>et</span> <span class='ocrx_word' id='word_1_65' title='bbox 3805 1200 4077 1282; x_wconf 87' lang='lat' dir='ltr'>virtute,</span> <span class='ocrx_word' id='word_1_66' title='bbox 4125 1200 4530 1266; x_wconf 87' lang='lat' dir='ltr'>defendendo</span> <span class='ocrx_word' id='word_1_67' title='bbox 4596 1202 4804 1290; x_wconf 85' lang='lat' dir='ltr'>ipsam</span> <span class='ocrx_word' id='word_1_68' title='bbox 4865 1213 4932 1268; x_wconf 90' lang='lat' dir='ltr'>et</span> 
     </span>
     <span class='ocr_line' id='line_1_7' title="bbox 1298 1308 4930 1396; baseline 0.001 -25"><span class='ocrx_word' id='word_1_69' title='bbox 1298 1308 1775 1373; x_wconf 88' lang='lat' dir='ltr'>manutenendo</span> <span class='ocrx_word' id='word_1_70' title='bbox 1822 1308 1905 1372; x_wconf 92' lang='lat' dir='ltr'>ad</span> <span class='ocrx_word' id='word_1_71' title='bbox 1952 1315 2237 1372; x_wconf 88' lang='lat' dir='ltr'>vestrum</span> <span class='ocrx_word' id='word_1_72' title='bbox 2292 1308 2624 1372; x_wconf 85' lang='lat' dir='ltr'>servitium</span> <span class='ocrx_word' id='word_1_73' title='bbox 2681 1309 2926 1396; x_wconf 86' lang='lat' dir='ltr'>pariter</span> <span class='ocrx_word' id='word_1_74' title='bbox 2986 1316 3050 1372; x_wconf 90' lang='lat' dir='ltr'>et</span> <span class='ocrx_word' id='word_1_75' title='bbox 3097 1308 3506 1391; x_wconf 89' lang='lat' dir='ltr'>mandatum,</span> <span class='ocrx_word' id='word_1_76' title='bbox 3555 1308 3730 1373; x_wconf 88' lang='lat' dir='ltr'>omni</span> <span class='ocrx_word' id='word_1_77' title='bbox 3792 1329 3972 1372; x_wconf 90' lang='lat' dir='ltr'>mora</span> <span class='ocrx_word' id='word_1_78' title='bbox 4033 1308 4420 1395; x_wconf 91' lang='lat' dir='ltr'>postposita,</span> <span class='ocrx_word' id='word_1_79' title='bbox 4469 1317 4930 1394; x_wconf 80' lang='lat' dir='ltr'>cognoscentes</span> 
     </span>
     <span class='ocr_line' id='line_1_8' title="bbox 1295 1415 4933 1502; baseline 0.001 -24"><span class='ocrx_word' id='word_1_80' title='bbox 1295 1415 1600 1499; x_wconf 81' lang='lat' dir='ltr'>firmiter3</span> <span class='ocrx_word' id='word_1_81' title='bbox 1649 1415 1820 1502; x_wconf 92' lang='lat' dir='ltr'>quod</span> <span class='ocrx_word' id='word_1_82' title='bbox 1867 1415 1920 1480; x_wconf 90' lang='lat' dir='ltr'>si</span> <span class='ocrx_word' id='word_1_83' title='bbox 1968 1416 2183 1481; x_wconf 87' lang='lat' dir='ltr'>facere</span> <span class='ocrx_word' id='word_1_84' title='bbox 2229 1416 2603 1498; x_wconf 89' lang='lat' dir='ltr'>omiseritis,</span> <span class='ocrx_word' id='word_1_85' title='bbox 2652 1416 2825 1480; x_wconf 88' lang='lat' dir='ltr'>dicta</span> <span class='ocrx_word' id='word_1_86' title='bbox 2871 1416 3098 1480; x_wconf 89' lang='lat' dir='ltr'>civitas</span> <span class='ocrx_word' id='word_1_87' title='bbox 3144 1425 3242 1479; x_wconf 89' lang='lat' dir='ltr'>est</span> <span class='ocrx_word' id='word_1_88' title='bbox 3288 1415 3634 1479; x_wconf 87' lang='lat' dir='ltr'>destructa.</span> <span class='ocrx_word' id='word_1_89' title='bbox 3683 1415 3916 1480; x_wconf 82' lang='lat' dir='ltr'>Venite</span> <span class='ocrx_word' id='word_1_90' title='bbox 3962 1415 4239 1499; x_wconf 73' lang='lat' dir='ltr'>domini.</span> <span class='ocrx_word' id='word_1_91' title='bbox 4287 1417 4501 1480; x_wconf 90' lang='lat' dir='ltr'>venite</span> <span class='ocrx_word' id='word_1_92' title='bbox 4559 1417 4695 1482; x_wconf 88' lang='lat' dir='ltr'>sine</span> <span class='ocrx_word' id='word_1_93' title='bbox 4752 1439 4933 1482; x_wconf 90' lang='lat' dir='ltr'>mora</span> 
     </span>
     <span class='ocr_line' id='line_1_9' title="bbox 1290 1523 1854 1611; baseline 0.002 -24"><span class='ocrx_word' id='word_1_94' title='bbox 1290 1523 1527 1589; x_wconf 90' lang='lat' dir='ltr'>intuitu</span> <span class='ocrx_word' id='word_1_95' title='bbox 1573 1524 1854 1611; x_wconf 89' lang='lat' dir='ltr'>pietatis.</span> 
     </span>
    </p>

    <p class='ocr_par' dir='ltr' id='par_1_3' title="bbox 1296 1630 4928 1934">
     <span class='ocr_line' id='line_1_10' title="bbox 1473 1630 4928 1719; baseline 0 -22"><span class='ocrx_word' id='word_1_96' title='bbox 1473 1633 1818 1697; x_wconf 85' lang='lat' dir='ltr'>Millesimo</span> <span class='ocrx_word' id='word_1_97' title='bbox 1865 1632 2303 1697; x_wconf 89' lang='lat' dir='ltr'>ducentesimo</span> <span class='ocrx_word' id='word_1_98' title='bbox 2352 1630 2885 1718; x_wconf 85' lang='lat' dir='ltr'>quinquagesimo</span> <span class='ocrx_word' id='word_1_99' title='bbox 2932 1639 3153 1714; x_wconf 85' lang='lat' dir='ltr'>sexto,</span> <span class='ocrx_word' id='word_1_100' title='bbox 3203 1630 3549 1695; x_wconf 86' lang='lat' dir='ltr'>indictione</span> <span class='ocrx_word' id='word_1_101' title='bbox 3597 1632 4153 1717; x_wconf 87' lang='lat' dir='ltr'>quatuordecima,</span> <span class='ocrx_word' id='word_1_102' title='bbox 4201 1632 4305 1696; x_wconf 90' lang='lat' dir='ltr'>die</span> <span class='ocrx_word' id='word_1_103' title='bbox 4360 1632 4509 1697; x_wconf 90' lang='lat' dir='ltr'>lune</span> <span class='ocrx_word' id='word_1_104' title='bbox 4572 1632 4928 1719; x_wconf 87' lang='lat' dir='ltr'>penultimo</span> 
     </span>
     <span class='ocr_line' id='line_1_11' title="bbox 1297 1737 4928 1826; baseline -0 -22"><span class='ocrx_word' id='word_1_105' title='bbox 1297 1740 1628 1804; x_wconf 86' lang='lat' dir='ltr'>februarii.</span> <span class='ocrx_word' id='word_1_106' title='bbox 1677 1739 1755 1805; x_wconf 90' lang='lat' dir='ltr'>In</span> <span class='ocrx_word' id='word_1_107' title='bbox 1800 1739 1941 1804; x_wconf 90' lang='lat' dir='ltr'>sala</span> <span class='ocrx_word' id='word_1_108' title='bbox 1986 1739 2214 1826; x_wconf 90' lang='lat' dir='ltr'>palatii</span> <span class='ocrx_word' id='word_1_109' title='bbox 2258 1738 2493 1802; x_wconf 80' lang='lat' dir='ltr'>veteris</span> <span class='ocrx_word' id='word_1_110' title='bbox 2541 1737 2913 1802; x_wconf 89' lang='lat' dir='ltr'>Communis</span> <span class='ocrx_word' id='word_1_111' title='bbox 2967 1738 3259 1802; x_wconf 89' lang='lat' dir='ltr'>Bononie</span> <span class='ocrx_word' id='word_1_112' title='bbox 3319 1738 3433 1802; x_wconf 91' lang='lat' dir='ltr'>ubi</span> <span class='ocrx_word' id='word_1_113' title='bbox 3494 1738 3745 1802; x_wconf 89' lang='lat' dir='ltr'>habitat</span> <span class='ocrx_word' id='word_1_114' title='bbox 3805 1739 4102 1804; x_wconf 88' lang='lat' dir='ltr'>dominus</span> <span class='ocrx_word' id='word_1_115' title='bbox 4149 1739 4477 1804; x_wconf 87' lang='lat' dir='ltr'>Jordanus</span> <span class='ocrx_word' id='word_1_116' title='bbox 4534 1740 4615 1804; x_wconf 90' lang='lat' dir='ltr'>de</span> <span class='ocrx_word' id='word_1_117' title='bbox 4658 1739 4928 1823; x_wconf 88' lang='lat' dir='ltr'>Lucin0,</span> 
     </span>
     <span class='ocr_line' id='line_1_12' title="bbox 1296 1845 4924 1934; baseline -0 -22"><span class='ocrx_word' id='word_1_118' title='bbox 1296 1847 1689 1934; x_wconf 76' lang='lat' dir='ltr'>capitaneus</span> <span class='ocrx_word' id='word_1_119' title='bbox 1736 1846 1960 1934; x_wconf 91' lang='lat' dir='ltr'>populi</span> <span class='ocrx_word' id='word_1_120' title='bbox 2004 1845 2318 1928; x_wconf 89' lang='lat' dir='ltr'>Bononie,</span> <span class='ocrx_word' id='word_1_121' title='bbox 2351 1845 2757 1932; x_wconf 84' lang='lat' dir='ltr'>presentibus</span> <span class='ocrx_word' id='word_1_122' title='bbox 2804 1845 3172 1910; x_wconf 81' lang='lat' dir='ltr'>Hostaxiuo</span> <span class='ocrx_word' id='word_1_123' title='bbox 3206 1845 3456 1909; x_wconf 87' lang='lat' dir='ltr'>notario</span> <span class='ocrx_word' id='word_1_124' title='bbox 3489 1852 3554 1909; x_wconf 91' lang='lat' dir='ltr'>et</span> <span class='ocrx_word' id='word_1_125' title='bbox 3584 1845 3745 1910; x_wconf 85' lang='lat' dir='ltr'>Fide</span> <span class='ocrx_word' id='word_1_126' title='bbox 3778 1846 3858 1910; x_wconf 87' lang='lat' dir='ltr'>de</span> <span class='ocrx_word' id='word_1_127' title='bbox 3891 1846 4225 1911; x_wconf 87' lang='lat' dir='ltr'>Florentia</span> <span class='ocrx_word' id='word_1_128' title='bbox 4263 1846 4597 1927; x_wconf 84' lang='lat' dir='ltr'>merzario,</span> <span class='ocrx_word' id='word_1_129' title='bbox 4631 1847 4924 1912; x_wconf 90' lang='lat' dir='ltr'>testibus.</span> 
     </span>
    </p>

    <p class='ocr_par' dir='ltr' id='par_1_4' title="bbox 1473 1951 4930 2040">
     <span class='ocr_line' id='line_1_13' title="bbox 1473 1951 4930 2040; baseline -0 -21"><span class='ocrx_word' id='word_1_130' title='bbox 1473 1955 1617 2040; x_wconf 87' lang='lat' dir='ltr'>Ego</span> <span class='ocrx_word' id='word_1_131' title='bbox 1667 1954 1879 2018; x_wconf 87' lang='lat' dir='ltr'>Guido</span> <span class='ocrx_word' id='word_1_132' title='bbox 1926 1953 2177 2034; x_wconf 91' lang='lat' dir='ltr'>Romei,</span> <span class='ocrx_word' id='word_1_133' title='bbox 2210 1952 2529 2039; x_wconf 89' lang='lat' dir='ltr'>imperiali</span> <span class='ocrx_word' id='word_1_134' title='bbox 2575 1953 2958 2017; x_wconf 87' lang='lat' dir='ltr'>auctoritate</span> <span class='ocrx_word' id='word_1_135' title='bbox 3008 1951 3314 2033; x_wconf 88' lang='lat' dir='ltr'>notari&#39;us,</span> <span class='ocrx_word' id='word_1_136' title='bbox 3348 1952 3466 2016; x_wconf 88' lang='lat' dir='ltr'>has</span> <span class='ocrx_word' id='word_1_137' title='bbox 3512 1952 3734 2016; x_wconf 86' lang='lat' dir='ltr'>literas</span> <span class='ocrx_word' id='word_1_138' title='bbox 3780 1952 3860 2018; x_wconf 90' lang='lat' dir='ltr'>de</span> <span class='ocrx_word' id='word_1_139' title='bbox 3905 1953 4167 2018; x_wconf 88' lang='lat' dir='ltr'>licentia</span> <span class='ocrx_word' id='word_1_140' title='bbox 4213 1960 4278 2017; x_wconf 91' lang='lat' dir='ltr'>et</span> <span class='ocrx_word' id='word_1_141' title='bbox 4334 1954 4639 2018; x_wconf 86' lang='lat' dir='ltr'>mandato</span> <span class='ocrx_word' id='word_1_142' title='bbox 4686 1954 4930 2018; x_wconf 88' lang='lat' dir='ltr'>domini</span> 
     </span>
    </p>
   </div>
   <div class='ocr_carea' id='block_1_3' title="bbox 1290 2059 4646 2147">
    <p class='ocr_par' dir='ltr' id='par_1_5' title="bbox 1290 2059 4646 2147">
     <span class='ocr_line' id='line_1_14' title="bbox 1290 2059 4646 2147; baseline -0 -20"><span class='ocrx_word' id='word_1_143' title='bbox 1290 2061 1567 2127; x_wconf 84' lang='lat' dir='ltr'>Jordani</span> <span class='ocrx_word' id='word_1_144' title='bbox 1612 2061 1691 2125; x_wconf 92' lang='lat' dir='ltr'>de</span> <span class='ocrx_word' id='word_1_145' title='bbox 1737 2061 2005 2144; x_wconf 89' lang='lat' dir='ltr'>Lucino,</span> <span class='ocrx_word' id='word_1_146' title='bbox 2056 2060 2396 2147; x_wconf 87' lang='lat' dir='ltr'>Capitanei</span> <span class='ocrx_word' id='word_1_147' title='bbox 2440 2059 2854 2125; x_wconf 88' lang='lat' dir='ltr'>bononiensis</span> <span class='ocrx_word' id='word_1_148' title='bbox 2901 2060 3144 2146; x_wconf 88' lang='lat' dir='ltr'>populi,</span> <span class='ocrx_word' id='word_1_149' title='bbox 3195 2060 3421 2146; x_wconf 88' lang='lat' dir='ltr'>scripsi</span> <span class='ocrx_word' id='word_1_150' title='bbox 3468 2067 3533 2124; x_wconf 90' lang='lat' dir='ltr'>et</span> <span class='ocrx_word' id='word_1_151' title='bbox 3579 2060 3966 2146; x_wconf 81' lang='lat' dir='ltr'>exemplavi,</span> <span class='ocrx_word' id='word_1_152' title='bbox 4015 2069 4080 2124; x_wconf 92' lang='lat' dir='ltr'>et</span> <span class='ocrx_word' id='word_1_153' title='bbox 4126 2082 4229 2126; x_wconf 91' lang='lat' dir='ltr'>me</span> <span class='ocrx_word' id='word_1_154' title='bbox 4274 2061 4646 2147; x_wconf 86' lang='lat' dir='ltr'>subscripsi.</span> 
     </span>
    </p>
   </div>
   <div class='ocr_carea' id='block_1_4' title="bbox 1271 2274 4925 6119">
    <p class='ocr_par' dir='ltr' id='par_1_6' title="bbox 1469 2274 4750 2356">
     <span class='ocr_line' id='line_1_15' title="bbox 1469 2274 4750 2356; baseline -0 -15"><span class='ocrx_word' id='word_1_155' title='bbox 1469 2277 1578 2342; x_wconf 67' lang='lat' dir='ltr'>Dr:</span> <span class='ocrx_word' id='word_1_156' title='bbox 1623 2276 2025 2340; x_wconf 71' lang='lat' dir='ltr'>Po&#39;rssu&#39;rs</span> <span class='ocrx_word' id='word_1_157' title='bbox 2072 2274 2459 2356; x_wconf 64' lang='lat' dir='ltr'>mmmm,</span> <span class='ocrx_word' id='word_1_158' title='bbox 2507 2291 2723 2338; x_wconf 65' lang='lat' dir='ltr'>sunna</span> <span class='ocrx_word' id='word_1_159' title='bbox 2769 2293 3057 2339; x_wconf 59' lang='lat' dir='ltr'>cssocm</span> <span class='ocrx_word' id='word_1_160' title='bbox 3105 2274 3476 2340; x_wconf 66' lang='lat' dir='ltr'>Commotus</span> <span class='ocrx_word' id='word_1_161' title='bbox 3523 2295 3826 2338; x_wconf 67' lang='lat' dir='ltr'>nonomn</span> <span class='ocrx_word' id='word_1_162' title='bbox 3876 2293 4081 2339; x_wconf 70' lang='lat' dir='ltr'>11&gt;sm</span> <span class='ocrx_word' id='word_1_163' title='bbox 4128 2295 4410 2340; x_wconf 60' lang='lat' dir='ltr'>manau</span> <span class='ocrx_word' id='word_1_164' title='bbox 4457 2295 4750 2340; x_wconf 65' lang='lat' dir='ltr'>neonus.</span> 
     </span>
    </p>

    <p class='ocr_par' dir='ltr' id='par_1_7' title="bbox 1272 2380 4925 5482">
     <span class='ocr_line' id='line_1_16' title="bbox 1469 2380 4925 2469; baseline -0.001 -21"><span class='ocrx_word' id='word_1_165' title='bbox 1469 2384 1550 2449; x_wconf 93' lang='lat' dir='ltr'>In</span> <span class='ocrx_word' id='word_1_166' title='bbox 1596 2384 1851 2448; x_wconf 87' lang='lat' dir='ltr'>nomine</span> <span class='ocrx_word' id='word_1_167' title='bbox 1898 2381 2195 2464; x_wconf 90' lang='lat' dir='ltr'>Domini,</span> <span class='ocrx_word' id='word_1_168' title='bbox 2245 2402 2455 2445; x_wconf 90' lang='lat' dir='ltr'>amen.</span> <span class='ocrx_word' id='word_1_169' title='bbox 2503 2380 2848 2445; x_wconf 85' lang='lat' dir='ltr'>Millesimo</span> <span class='ocrx_word' id='word_1_170' title='bbox 2895 2381 3332 2446; x_wconf 87' lang='lat' dir='ltr'>ducentesimo</span> <span class='ocrx_word' id='word_1_171' title='bbox 3380 2382 3913 2469; x_wconf 82' lang='lat' dir='ltr'>quinquagesimo</span> <span class='ocrx_word' id='word_1_172' title='bbox 3961 2390 4166 2464; x_wconf 79' lang='lat' dir='ltr'>sexto,</span> <span class='ocrx_word' id='word_1_173' title='bbox 4216 2383 4318 2447; x_wconf 90' lang='lat' dir='ltr'>die</span> <span class='ocrx_word' id='word_1_174' title='bbox 4367 2383 4695 2466; x_wconf 89' lang='lat' dir='ltr'>mercurii,</span> <span class='ocrx_word' id='word_1_175' title='bbox 4745 2384 4925 2469; x_wconf 84' lang='lat' dir='ltr'>vige·</span> 
     </span>
     <span class='ocr_line' id='line_1_17' title="bbox 1289 2489 4922 2580; baseline -0.002 -20"><span class='ocrx_word' id='word_1_176' title='bbox 1289 2496 1451 2560; x_wconf 89' lang='lat' dir='ltr'>simo</span> <span class='ocrx_word' id='word_1_177' title='bbox 1499 2499 1729 2580; x_wconf 90' lang='lat' dir='ltr'>quarto</span> <span class='ocrx_word' id='word_1_178' title='bbox 1774 2491 1877 2555; x_wconf 87' lang='lat' dir='ltr'>die</span> <span class='ocrx_word' id='word_1_179' title='bbox 1923 2490 2157 2572; x_wconf 91' lang='lat' dir='ltr'>madii,</span> <span class='ocrx_word' id='word_1_180' title='bbox 2204 2489 2553 2554; x_wconf 87' lang='lat' dir='ltr'>indictione</span> <span class='ocrx_word' id='word_1_181' title='bbox 2600 2489 3104 2575; x_wconf 84' lang='lat' dir='ltr'>quartadecima.</span> <span class='ocrx_word' id='word_1_182' title='bbox 3151 2489 3231 2553; x_wconf 93' lang='lat' dir='ltr'>In</span> <span class='ocrx_word' id='word_1_183' title='bbox 3277 2490 3536 2554; x_wconf 87' lang='lat' dir='ltr'>civitate</span> <span class='ocrx_word' id='word_1_184' title='bbox 3584 2489 3876 2554; x_wconf 90' lang='lat' dir='ltr'>Bononie</span> <span class='ocrx_word' id='word_1_185' title='bbox 3926 2491 3986 2553; x_wconf 90' lang='lat' dir='ltr'>in</span> <span class='ocrx_word' id='word_1_186' title='bbox 4038 2490 4254 2577; x_wconf 85' lang='lat' dir='ltr'>platea</span> <span class='ocrx_word' id='word_1_187' title='bbox 4303 2490 4674 2555; x_wconf 89' lang='lat' dir='ltr'>Communis</span> <span class='ocrx_word' id='word_1_188' title='bbox 4723 2512 4922 2577; x_wconf 89' lang='lat' dir='ltr'>supra</span> 
     </span>
     <span class='ocr_line' id='line_1_18' title="bbox 1290 2596 4924 2684; baseline -0.002 -16"><span class='ocrx_word' id='word_1_189' title='bbox 1290 2603 1606 2668; x_wconf 88' lang='lat' dir='ltr'>carotium</span> <span class='ocrx_word' id='word_1_190' title='bbox 1653 2598 2024 2665; x_wconf 89' lang='lat' dir='ltr'>Communis</span> <span class='ocrx_word' id='word_1_191' title='bbox 2069 2596 2362 2662; x_wconf 90' lang='lat' dir='ltr'>Bononie</span> <span class='ocrx_word' id='word_1_192' title='bbox 2408 2596 2491 2660; x_wconf 93' lang='lat' dir='ltr'>ad</span> <span class='ocrx_word' id='word_1_193' title='bbox 2536 2597 2848 2661; x_wconf 88' lang='lat' dir='ltr'>honorem</span> <span class='ocrx_word' id='word_1_194' title='bbox 2891 2596 3017 2660; x_wconf 87' lang='lat' dir='ltr'>Dei</span> <span class='ocrx_word' id='word_1_195' title='bbox 3071 2603 3136 2660; x_wconf 87' lang='lat' dir='ltr'>et</span> <span class='ocrx_word' id='word_1_196' title='bbox 3195 2604 3415 2661; x_wconf 88' lang='lat' dir='ltr'>sancte</span> <span class='ocrx_word' id='word_1_197' title='bbox 3475 2596 3764 2661; x_wconf 87' lang='lat' dir='ltr'>Ecclesie</span> <span class='ocrx_word' id='word_1_198' title='bbox 3829 2605 3894 2661; x_wconf 91' lang='lat' dir='ltr'>et</span> <span class='ocrx_word' id='word_1_199' title='bbox 3956 2597 4328 2662; x_wconf 88' lang='lat' dir='ltr'>Communis</span> <span class='ocrx_word' id='word_1_200' title='bbox 4384 2607 4448 2661; x_wconf 90' lang='lat' dir='ltr'>et</span> <span class='ocrx_word' id='word_1_201' title='bbox 4509 2598 4732 2684; x_wconf 90' lang='lat' dir='ltr'>populi</span> <span class='ocrx_word' id='word_1_202' title='bbox 4793 2598 4924 2662; x_wconf 87' lang='lat' dir='ltr'>Bo-</span> 
     </span>
     <span class='ocr_line' id='line_1_19' title="bbox 1290 2704 4916 2791; baseline -0.002 -16"><span class='ocrx_word' id='word_1_203' title='bbox 1290 2711 1503 2791; x_wconf 88' lang='lat' dir='ltr'>nonie,</span> <span class='ocrx_word' id='word_1_204' title='bbox 1537 2715 1601 2773; x_wconf 90' lang='lat' dir='ltr'>et</span> <span class='ocrx_word' id='word_1_205' title='bbox 1647 2708 1731 2772; x_wconf 88' lang='lat' dir='ltr'>ad</span> <span class='ocrx_word' id='word_1_206' title='bbox 1776 2705 2300 2771; x_wconf 86' lang='lat' dir='ltr'>reformationem</span> <span class='ocrx_word' id='word_1_207' title='bbox 2346 2711 2411 2768; x_wconf 91' lang='lat' dir='ltr'>et</span> <span class='ocrx_word' id='word_1_208' title='bbox 2455 2704 2696 2768; x_wconf 89' lang='lat' dir='ltr'>bonum</span> <span class='ocrx_word' id='word_1_209' title='bbox 2727 2710 2792 2768; x_wconf 89' lang='lat' dir='ltr'>et</span> <span class='ocrx_word' id='word_1_210' title='bbox 2833 2704 3172 2789; x_wconf 86' lang='lat' dir='ltr'>pacificum</span> <span class='ocrx_word' id='word_1_211' title='bbox 3202 2711 3440 2768; x_wconf 87' lang='lat' dir='ltr'>statum</span> <span class='ocrx_word' id='word_1_212' title='bbox 3474 2704 3846 2769; x_wconf 90' lang='lat' dir='ltr'>Communis</span> <span class='ocrx_word' id='word_1_213' title='bbox 3876 2704 4211 2786; x_wconf 84' lang='lat' dir='ltr'>Faventie,</span> <span class='ocrx_word' id='word_1_214' title='bbox 4246 2705 4385 2769; x_wconf 90' lang='lat' dir='ltr'>iuro</span> <span class='ocrx_word' id='word_1_215' title='bbox 4418 2726 4540 2790; x_wconf 84' lang='lat' dir='ltr'>ego</span> <span class='ocrx_word' id='word_1_216' title='bbox 4576 2705 4916 2770; x_wconf 90' lang='lat' dir='ltr'>Churadus</span> 
     </span>
     <span class='ocr_line' id='line_1_20' title="bbox 1289 2811 4918 2898; baseline -0.002 -16"><span class='ocrx_word' id='word_1_217' title='bbox 1289 2819 1368 2883; x_wconf 91' lang='lat' dir='ltr'>de</span> <span class='ocrx_word' id='word_1_218' title='bbox 1418 2817 1763 2898; x_wconf 81' lang='lat' dir='ltr'>Surixana,</span> <span class='ocrx_word' id='word_1_219' title='bbox 1803 2814 2103 2879; x_wconf 86' lang='lat' dir='ltr'>Potestas</span> <span class='ocrx_word' id='word_1_220' title='bbox 2149 2812 2484 2894; x_wconf 85' lang='lat' dir='ltr'>Faventie‚</span> <span class='ocrx_word' id='word_1_221' title='bbox 2532 2834 2758 2898; x_wconf 87' lang='lat' dir='ltr'>regere</span> <span class='ocrx_word' id='word_1_222' title='bbox 2808 2811 3045 2876; x_wconf 86' lang='lat' dir='ltr'>dictam</span> <span class='ocrx_word' id='word_1_223' title='bbox 3092 2812 3418 2876; x_wconf 87' lang='lat' dir='ltr'>civitatem</span> <span class='ocrx_word' id='word_1_224' title='bbox 3465 2812 3777 2876; x_wconf 85' lang='lat' dir='ltr'>Faventie</span> <span class='ocrx_word' id='word_1_225' title='bbox 3824 2820 3888 2876; x_wconf 92' lang='lat' dir='ltr'>et</span> <span class='ocrx_word' id='word_1_226' title='bbox 3935 2814 4075 2897; x_wconf 86' lang='lat' dir='ltr'>ejus</span> <span class='ocrx_word' id='word_1_227' title='bbox 4123 2812 4478 2877; x_wconf 88' lang='lat' dir='ltr'>districtum</span> <span class='ocrx_word' id='word_1_228' title='bbox 4528 2820 4592 2877; x_wconf 92' lang='lat' dir='ltr'>et</span> <span class='ocrx_word' id='word_1_229' title='bbox 4653 2813 4918 2877; x_wconf 87' lang='lat' dir='ltr'>comita·</span> 
     </span>
     <span class='ocr_line' id='line_1_21' title="bbox 1288 2920 4911 3007; baseline -0.002 -17"><span class='ocrx_word' id='word_1_230' title='bbox 1288 2934 1424 2991; x_wconf 87' lang='lat' dir='ltr'>tum</span> <span class='ocrx_word' id='word_1_231' title='bbox 1481 2933 1545 2989; x_wconf 89' lang='lat' dir='ltr'>et</span> <span class='ocrx_word' id='word_1_232' title='bbox 1606 2924 1896 2988; x_wconf 88' lang='lat' dir='ltr'>homines</span> <span class='ocrx_word' id='word_1_233' title='bbox 1945 2921 2222 2987; x_wconf 88' lang='lat' dir='ltr'>civitatis</span> <span class='ocrx_word' id='word_1_234' title='bbox 2271 2928 2335 2984; x_wconf 89' lang='lat' dir='ltr'>et</span> <span class='ocrx_word' id='word_1_235' title='bbox 2381 2921 2721 2984; x_wconf 87' lang='lat' dir='ltr'>comitatus</span> <span class='ocrx_word' id='word_1_236' title='bbox 2768 2926 2835 2984; x_wconf 89' lang='lat' dir='ltr'>et</span> <span class='ocrx_word' id='word_1_237' title='bbox 2880 2920 3204 2984; x_wconf 89' lang='lat' dir='ltr'>districtus</span> <span class='ocrx_word' id='word_1_238' title='bbox 3252 2920 3541 3004; x_wconf 89' lang='lat' dir='ltr'>ejusdem</span> <span class='ocrx_word' id='word_1_239' title='bbox 3590 2920 3736 2984; x_wconf 91' lang='lat' dir='ltr'>hinc</span> <span class='ocrx_word' id='word_1_240' title='bbox 3799 2920 3881 2983; x_wconf 91' lang='lat' dir='ltr'>ad</span> <span class='ocrx_word' id='word_1_241' title='bbox 3943 2920 4255 2985; x_wconf 86' lang='lat' dir='ltr'>kalendas</span> <span class='ocrx_word' id='word_1_242' title='bbox 4301 2920 4630 3007; x_wconf 81' lang='lat' dir='ltr'>proximas</span> <span class='ocrx_word' id='word_1_243' title='bbox 4687 2920 4911 2984; x_wconf 91' lang='lat' dir='ltr'>marcii</span> 
     </span>
     <span class='ocr_line' id='line_1_22' title="bbox 1286 3027 4914 3116; baseline -0.002 -16"><span class='ocrx_word' id='word_1_244' title='bbox 1286 3036 1454 3100; x_wconf 90' lang='lat' dir='ltr'>bone</span> <span class='ocrx_word' id='word_1_245' title='bbox 1500 3033 1647 3116; x_wconf 84' lang='lat' dir='ltr'>fide,</span> <span class='ocrx_word' id='word_1_246' title='bbox 1694 3032 1833 3095; x_wconf 88' lang='lat' dir='ltr'>sine</span> <span class='ocrx_word' id='word_1_247' title='bbox 1880 3029 2128 3112; x_wconf 88' lang='lat' dir='ltr'>fraude,</span> <span class='ocrx_word' id='word_1_248' title='bbox 2177 3035 2241 3092; x_wconf 89' lang='lat' dir='ltr'>et</span> <span class='ocrx_word' id='word_1_249' title='bbox 2286 3027 2674 3092; x_wconf 71' lang='lat' dir='ltr'>hominesu)</span> <span class='ocrx_word' id='word_1_250' title='bbox 2699 3028 3017 3092; x_wconf 89' lang='lat' dir='ltr'>universis</span> <span class='ocrx_word' id='word_1_251' title='bbox 3065 3028 3344 3092; x_wconf 86' lang='lat' dir='ltr'>civitatis</span> <span class='ocrx_word' id='word_1_252' title='bbox 3390 3035 3454 3092; x_wconf 91' lang='lat' dir='ltr'>et</span> <span class='ocrx_word' id='word_1_253' title='bbox 3501 3028 3841 3092; x_wconf 87' lang='lat' dir='ltr'>comitatus</span> <span class='ocrx_word' id='word_1_254' title='bbox 3896 3036 3960 3092; x_wconf 92' lang='lat' dir='ltr'>et</span> <span class='ocrx_word' id='word_1_255' title='bbox 4015 3028 4341 3092; x_wconf 86' lang='lat' dir='ltr'>districtus</span> <span class='ocrx_word' id='word_1_256' title='bbox 4388 3028 4677 3111; x_wconf 88' lang='lat' dir='ltr'>ejusdem</span> <span class='ocrx_word' id='word_1_257' title='bbox 4726 3049 4766 3091; x_wconf 91' lang='lat' dir='ltr'>a</span> <span class='ocrx_word' id='word_1_258' title='bbox 4811 3049 4914 3092; x_wconf 90' lang='lat' dir='ltr'>me</span> 
     </span>
     <span class='ocr_line' id='line_1_23' title="bbox 1288 3134 4910 3223; baseline -0.002 -18"><span class='ocrx_word' id='word_1_259' title='bbox 1288 3151 1353 3206; x_wconf 90' lang='lat' dir='ltr'>et</span> <span class='ocrx_word' id='word_1_260' title='bbox 1398 3163 1438 3204; x_wconf 89' lang='lat' dir='ltr'>a</span> <span class='ocrx_word' id='word_1_261' title='bbox 1484 3139 1644 3204; x_wconf 90' lang='lat' dir='ltr'>meis</span> <span class='ocrx_word' id='word_1_262' title='bbox 1699 3137 2026 3223; x_wconf 90' lang='lat' dir='ltr'>judicibus</span> <span class='ocrx_word' id='word_1_263' title='bbox 2088 3134 2565 3221; x_wconf 85' lang='lat' dir='ltr'>postulantibus</span> <span class='ocrx_word' id='word_1_264' title='bbox 2619 3135 2950 3219; x_wconf 86' lang='lat' dir='ltr'>justiciam</span> <span class='ocrx_word' id='word_1_265' title='bbox 2997 3134 3355 3200; x_wconf 77' lang='lat' dir='ltr'>observabo</span> <span class='ocrx_word' id='word_1_266' title='bbox 3414 3141 3480 3198; x_wconf 93' lang='lat' dir='ltr'>et</span> <span class='ocrx_word' id='word_1_267' title='bbox 3535 3134 3759 3197; x_wconf 88' lang='lat' dir='ltr'>fatiam</span> <span class='ocrx_word' id='word_1_268' title='bbox 3821 3134 4190 3218; x_wconf 88' lang='lat' dir='ltr'>observari,</span> <span class='ocrx_word' id='word_1_269' title='bbox 4236 3143 4300 3199; x_wconf 92' lang='lat' dir='ltr'>et</span> <span class='ocrx_word' id='word_1_270' title='bbox 4346 3135 4429 3199; x_wconf 88' lang='lat' dir='ltr'>ad</span> <span class='ocrx_word' id='word_1_271' title='bbox 4477 3135 4784 3200; x_wconf 88' lang='lat' dir='ltr'>honorem</span> <span class='ocrx_word' id='word_1_272' title='bbox 4843 3141 4910 3198; x_wconf 92' lang='lat' dir='ltr'>et</span> 
     </span>
     <span class='ocr_line' id='line_1_24' title="bbox 1287 3241 4916 3330; baseline -0.003 -15"><span class='ocrx_word' id='word_1_273' title='bbox 1287 3248 1693 3316; x_wconf 90' lang='lat' dir='ltr'>commodum</span> <span class='ocrx_word' id='word_1_274' title='bbox 1739 3245 2111 3311; x_wconf 90' lang='lat' dir='ltr'>Communis</span> <span class='ocrx_word' id='word_1_275' title='bbox 2154 3250 2219 3307; x_wconf 91' lang='lat' dir='ltr'>et</span> <span class='ocrx_word' id='word_1_276' title='bbox 2263 3242 2483 3330; x_wconf 91' lang='lat' dir='ltr'>populi</span> <span class='ocrx_word' id='word_1_277' title='bbox 2531 3241 2846 3325; x_wconf 89' lang='lat' dir='ltr'>Bononie,</span> <span class='ocrx_word' id='word_1_278' title='bbox 2880 3249 2945 3307; x_wconf 91' lang='lat' dir='ltr'>et</span> <span class='ocrx_word' id='word_1_279' title='bbox 2992 3242 3363 3308; x_wconf 88' lang='lat' dir='ltr'>Communis</span> <span class='ocrx_word' id='word_1_280' title='bbox 3408 3242 3721 3307; x_wconf 86' lang='lat' dir='ltr'>Faventie</span> <span class='ocrx_word' id='word_1_281' title='bbox 3763 3243 3914 3327; x_wconf 89' lang='lat' dir='ltr'>jura</span> <span class='ocrx_word' id='word_1_282' title='bbox 3961 3251 4025 3307; x_wconf 91' lang='lat' dir='ltr'>et</span> <span class='ocrx_word' id='word_1_283' title='bbox 4070 3243 4346 3308; x_wconf 87' lang='lat' dir='ltr'>honores</span> <span class='ocrx_word' id='word_1_284' title='bbox 4389 3243 4757 3308; x_wconf 88' lang='lat' dir='ltr'>Communis</span> <span class='ocrx_word' id='word_1_285' title='bbox 4787 3242 4916 3306; x_wconf 85' lang='lat' dir='ltr'>Fa-</span> 
     </span>
     <span class='ocr_line' id='line_1_25' title="bbox 1284 3350 4912 3438; baseline -0.003 -14"><span class='ocrx_word' id='word_1_286' title='bbox 1284 3358 1499 3424; x_wconf 90' lang='lat' dir='ltr'>ventie</span> <span class='ocrx_word' id='word_1_287' title='bbox 1546 3352 1978 3420; x_wconf 90' lang='lat' dir='ltr'>manutenebo</span> <span class='ocrx_word' id='word_1_288' title='bbox 2024 3359 2089 3415; x_wconf 93' lang='lat' dir='ltr'>et</span> <span class='ocrx_word' id='word_1_289' title='bbox 2132 3350 2549 3433; x_wconf 90' lang='lat' dir='ltr'>conservab0‚</span> <span class='ocrx_word' id='word_1_290' title='bbox 2583 3358 2647 3416; x_wconf 91' lang='lat' dir='ltr'>et</span> <span class='ocrx_word' id='word_1_291' title='bbox 2694 3351 2777 3415; x_wconf 91' lang='lat' dir='ltr'>ab</span> <span class='ocrx_word' id='word_1_292' title='bbox 2824 3350 2968 3415; x_wconf 89' lang='lat' dir='ltr'>aliis</span> <span class='ocrx_word' id='word_1_293' title='bbox 3015 3350 3275 3415; x_wconf 87' lang='lat' dir='ltr'>detenta</span> <span class='ocrx_word' id='word_1_294' title='bbox 3317 3372 3432 3414; x_wconf 92' lang='lat' dir='ltr'>seu</span> <span class='ocrx_word' id='word_1_295' title='bbox 3465 3350 3746 3415; x_wconf 89' lang='lat' dir='ltr'>indebite</span> <span class='ocrx_word' id='word_1_296' title='bbox 3780 3359 4094 3437; x_wconf 87' lang='lat' dir='ltr'>occupata</span> <span class='ocrx_word' id='word_1_297' title='bbox 4125 3352 4520 3438; x_wconf 88' lang='lat' dir='ltr'>recuperabo</span> <span class='ocrx_word' id='word_1_298' title='bbox 4555 3373 4670 3438; x_wconf 92' lang='lat' dir='ltr'>pro</span> <span class='ocrx_word' id='word_1_299' title='bbox 4703 3372 4912 3437; x_wconf 87' lang='lat' dir='ltr'>posse,</span> 
     </span>
     <span class='ocr_line' id='line_1_26' title="bbox 1283 3458 4913 3550; baseline -0.003 -19"><span class='ocrx_word' id='word_1_300' title='bbox 1283 3475 1349 3531; x_wconf 91' lang='lat' dir='ltr'>et</span> <span class='ocrx_word' id='word_1_301' title='bbox 1395 3469 1776 3550; x_wconf 88' lang='lat' dir='ltr'>recuperata</span> <span class='ocrx_word' id='word_1_302' title='bbox 1822 3458 2240 3541; x_wconf 82' lang='lat' dir='ltr'>conservabO,</span> <span class='ocrx_word' id='word_1_303' title='bbox 2289 3465 2354 3522; x_wconf 90' lang='lat' dir='ltr'>et</span> <span class='ocrx_word' id='word_1_304' title='bbox 2401 3479 2517 3544; x_wconf 91' lang='lat' dir='ltr'>pro</span> <span class='ocrx_word' id='word_1_305' title='bbox 2565 3480 2707 3523; x_wconf 91' lang='lat' dir='ltr'>meo</span> <span class='ocrx_word' id='word_1_306' title='bbox 2755 3458 2993 3522; x_wconf 90' lang='lat' dir='ltr'>salario</span> <span class='ocrx_word' id='word_1_307' title='bbox 3040 3464 3105 3522; x_wconf 88' lang='lat' dir='ltr'>et</span> <span class='ocrx_word' id='word_1_308' title='bbox 3149 3479 3437 3521; x_wconf 91' lang='lat' dir='ltr'>meorum</span> <span class='ocrx_word' id='word_1_309' title='bbox 3478 3458 3771 3542; x_wconf 90' lang='lat' dir='ltr'>judicum</span> <span class='ocrx_word' id='word_1_310' title='bbox 3824 3466 3889 3523; x_wconf 90' lang='lat' dir='ltr'>et</span> <span class='ocrx_word' id='word_1_311' title='bbox 3934 3459 4130 3523; x_wconf 90' lang='lat' dir='ltr'>totius</span> <span class='ocrx_word' id='word_1_312' title='bbox 4175 3480 4316 3523; x_wconf 88' lang='lat' dir='ltr'>mee</span> <span class='ocrx_word' id='word_1_313' title='bbox 4363 3458 4606 3523; x_wconf 87' lang='lat' dir='ltr'>familie</span> <span class='ocrx_word' id='word_1_314' title='bbox 4654 3481 4693 3523; x_wconf 92' lang='lat' dir='ltr'>a</span> <span class='ocrx_word' id='word_1_315' title='bbox 4739 3458 4913 3523; x_wconf 91' lang='lat' dir='ltr'>dicto</span> 
     </span>
     <span class='ocr_line' id='line_1_27' title="bbox 1284 3564 4914 3653; baseline -0.003 -14"><span class='ocrx_word' id='word_1_316' title='bbox 1284 3570 1624 3639; x_wconf 88' lang='lat' dir='ltr'>Communi</span> <span class='ocrx_word' id='word_1_317' title='bbox 1667 3568 1983 3635; x_wconf 78' lang='lat' dir='ltr'>Faventia</span> <span class='ocrx_word' id='word_1_318' title='bbox 2028 3566 2381 3653; x_wconf 88' lang='lat' dir='ltr'>percipiam</span> <span class='ocrx_word' id='word_1_319' title='bbox 2428 3572 2493 3629; x_wconf 93' lang='lat' dir='ltr'>et</span> <span class='ocrx_word' id='word_1_320' title='bbox 2538 3586 2897 3652; x_wconf 89' lang='lat' dir='ltr'>consequar</span> <span class='ocrx_word' id='word_1_321' title='bbox 2941 3565 3116 3629; x_wconf 90' lang='lat' dir='ltr'>mille</span> <span class='ocrx_word' id='word_1_322' title='bbox 3164 3564 3363 3628; x_wconf 90' lang='lat' dir='ltr'>libras</span> <span class='ocrx_word' id='word_1_323' title='bbox 3409 3566 3803 3650; x_wconf 85' lang='lat' dir='ltr'>ravignanas</span> <span class='ocrx_word' id='word_1_324' title='bbox 3851 3573 4103 3630; x_wconf 91' lang='lat' dir='ltr'>tantum</span> <span class='ocrx_word' id='word_1_325' title='bbox 4149 3566 4232 3630; x_wconf 91' lang='lat' dir='ltr'>ad</span> <span class='ocrx_word' id='word_1_326' title='bbox 4265 3572 4395 3630; x_wconf 89' lang='lat' dir='ltr'>tres</span> <span class='ocrx_word' id='word_1_327' title='bbox 4429 3566 4734 3631; x_wconf 86' lang='lat' dir='ltr'>terminos</span> <span class='ocrx_word' id='word_1_328' title='bbox 4767 3586 4914 3652; x_wconf 90' lang='lat' dir='ltr'>per-</span> 
     </span>
     <span class='ocr_line' id='line_1_28' title="bbox 1281 3671 4911 3760; baseline -0.002 -15"><span class='ocrx_word' id='word_1_329' title='bbox 1281 3678 1645 3760; x_wconf 90' lang='lat' dir='ltr'>solvendas,</span> <span class='ocrx_word' id='word_1_330' title='bbox 1679 3675 2033 3741; x_wconf 88' lang='lat' dir='ltr'>secundum</span> <span class='ocrx_word' id='word_1_331' title='bbox 2079 3673 2250 3760; x_wconf 89' lang='lat' dir='ltr'>quod</span> <span class='ocrx_word' id='word_1_332' title='bbox 2297 3672 2660 3738; x_wconf 89' lang='lat' dir='ltr'>continetur</span> <span class='ocrx_word' id='word_1_333' title='bbox 2704 3673 2770 3737; x_wconf 91' lang='lat' dir='ltr'>in</span> <span class='ocrx_word' id='word_1_334' title='bbox 2813 3672 3045 3736; x_wconf 83' lang='lat' dir='ltr'>litteris</span> <span class='ocrx_word' id='word_1_335' title='bbox 3092 3671 3404 3736; x_wconf 82' lang='lat' dir='ltr'>Faventie</span> <span class='ocrx_word' id='word_1_336' title='bbox 3437 3671 3516 3736; x_wconf 91' lang='lat' dir='ltr'>de</span> <span class='ocrx_word' id='word_1_337' title='bbox 3550 3671 3719 3736; x_wconf 84' lang='lat' dir='ltr'>dicto</span> <span class='ocrx_word' id='word_1_338' title='bbox 3753 3673 4064 3758; x_wconf 85' lang='lat' dir='ltr'>regimine</span> <span class='ocrx_word' id='word_1_339' title='bbox 4098 3673 4180 3737; x_wconf 93' lang='lat' dir='ltr'>ad</span> <span class='ocrx_word' id='word_1_340' title='bbox 4212 3694 4315 3738; x_wconf 90' lang='lat' dir='ltr'>me</span> <span class='ocrx_word' id='word_1_341' title='bbox 4347 3673 4578 3754; x_wconf 88' lang='lat' dir='ltr'>missis,</span> <span class='ocrx_word' id='word_1_342' title='bbox 4613 3681 4678 3736; x_wconf 90' lang='lat' dir='ltr'>et</span> <span class='ocrx_word' id='word_1_343' title='bbox 4709 3694 4911 3759; x_wconf 90' lang='lat' dir='ltr'>equos</span> 
     </span>
     <span class='ocr_line' id='line_1_29' title="bbox 1279 3779 4910 3867; baseline -0.003 -14"><span class='ocrx_word' id='word_1_344' title='bbox 1279 3809 1457 3853; x_wconf 90' lang='lat' dir='ltr'>meos</span> <span class='ocrx_word' id='word_1_345' title='bbox 1504 3792 1569 3851; x_wconf 90' lang='lat' dir='ltr'>et</span> <span class='ocrx_word' id='word_1_346' title='bbox 1614 3784 1819 3850; x_wconf 89' lang='lat' dir='ltr'>tocius</span> <span class='ocrx_word' id='word_1_347' title='bbox 1867 3803 2007 3846; x_wconf 89' lang='lat' dir='ltr'>mee</span> <span class='ocrx_word' id='word_1_348' title='bbox 2053 3780 2297 3844; x_wconf 87' lang='lat' dir='ltr'>familie</span> <span class='ocrx_word' id='word_1_349' title='bbox 2345 3780 2429 3844; x_wconf 90' lang='lat' dir='ltr'>ad</span> <span class='ocrx_word' id='word_1_350' title='bbox 2474 3801 2689 3844; x_wconf 88' lang='lat' dir='ltr'>meum</span> <span class='ocrx_word' id='word_1_351' title='bbox 2734 3779 3094 3865; x_wconf 89' lang='lat' dir='ltr'>periculum</span> <span class='ocrx_word' id='word_1_352' title='bbox 3139 3786 3203 3843; x_wconf 89' lang='lat' dir='ltr'>et</span> <span class='ocrx_word' id='word_1_353' title='bbox 3248 3779 3575 3844; x_wconf 86' lang='lat' dir='ltr'>fortunam</span> <span class='ocrx_word' id='word_1_354' title='bbox 3621 3780 3888 3862; x_wconf 89' lang='lat' dir='ltr'>teneb0,</span> <span class='ocrx_word' id='word_1_355' title='bbox 3938 3780 4089 3863; x_wconf 88' lang='lat' dir='ltr'>nisi,</span> <span class='ocrx_word' id='word_1_356' title='bbox 4138 3780 4308 3867; x_wconf 90' lang='lat' dir='ltr'>quod</span> <span class='ocrx_word' id='word_1_357' title='bbox 4354 3780 4533 3844; x_wconf 86' lang='lat' dir='ltr'>Deus</span> <span class='ocrx_word' id='word_1_358' title='bbox 4580 3780 4910 3862; x_wconf 88' lang='lat' dir='ltr'>advertat,</span> 
     </span>
     <span class='ocr_line' id='line_1_30' title="bbox 1279 3887 4904 3975; baseline -0.002 -13"><span class='ocrx_word' id='word_1_359' title='bbox 1279 3898 1346 3962; x_wconf 90' lang='lat' dir='ltr'>in</span> <span class='ocrx_word' id='word_1_360' title='bbox 1393 3893 1665 3960; x_wconf 89' lang='lat' dir='ltr'>servicio</span> <span class='ocrx_word' id='word_1_361' title='bbox 1713 3890 2084 3957; x_wconf 88' lang='lat' dir='ltr'>Communis</span> <span class='ocrx_word' id='word_1_362' title='bbox 2129 3889 2443 3953; x_wconf 85' lang='lat' dir='ltr'>Faventie</span> <span class='ocrx_word' id='word_1_363' title='bbox 2491 3889 3023 3971; x_wconf 88' lang='lat' dir='ltr'>interficerentur,</span> <span class='ocrx_word' id='word_1_364' title='bbox 3057 3887 3161 3952; x_wconf 87' lang='lat' dir='ltr'>vel</span> <span class='ocrx_word' id='word_1_365' title='bbox 3207 3888 3722 3971; x_wconf 82' lang='lat' dir='ltr'>vulnerarentur,</span> <span class='ocrx_word' id='word_1_366' title='bbox 3754 3889 3858 3953; x_wconf 87' lang='lat' dir='ltr'>vel</span> <span class='ocrx_word' id='word_1_367' title='bbox 3892 3889 4416 3971; x_wconf 83' lang='lat' dir='ltr'>admitterentur3</span> <span class='ocrx_word' id='word_1_368' title='bbox 4452 3910 4577 3975; x_wconf 91' lang='lat' dir='ltr'>quo</span> <span class='ocrx_word' id='word_1_369' title='bbox 4611 3910 4766 3953; x_wconf 89' lang='lat' dir='ltr'>casu</span> <span class='ocrx_word' id='word_1_370' title='bbox 4797 3910 4904 3953; x_wconf 90' lang='lat' dir='ltr'>ac-</span> 
     </span>
     <span class='ocr_line' id='line_1_31' title="bbox 1279 3995 4911 4091; baseline -0.002 -22"><span class='ocrx_word' id='word_1_371' title='bbox 1279 4005 1492 4091; x_wconf 89' lang='lat' dir='ltr'>cipere</span> <span class='ocrx_word' id='word_1_372' title='bbox 1524 4001 1766 4089; x_wconf 89' lang='lat' dir='ltr'>possim</span> <span class='ocrx_word' id='word_1_373' title='bbox 1798 4021 1838 4063; x_wconf 90' lang='lat' dir='ltr'>a</span> <span class='ocrx_word' id='word_1_374' title='bbox 1870 3996 2208 4064; x_wconf 82' lang='lat' dir='ltr'>Communi</span> <span class='ocrx_word' id='word_1_375' title='bbox 2241 3996 2553 4061; x_wconf 85' lang='lat' dir='ltr'>Faventie</span> <span class='ocrx_word' id='word_1_376' title='bbox 2586 3996 2826 4060; x_wconf 88' lang='lat' dir='ltr'>iustum</span> <span class='ocrx_word' id='word_1_377' title='bbox 2857 3995 3159 4059; x_wconf 90' lang='lat' dir='ltr'>mendum</span> <span class='ocrx_word' id='word_1_378' title='bbox 3178 3996 3292 4078; x_wconf 81' lang='lat'><strong>(2);</strong></span> <span class='ocrx_word' id='word_1_379' title='bbox 3326 3995 3379 4059; x_wconf 92' lang='lat' dir='ltr'>si</span> <span class='ocrx_word' id='word_1_380' title='bbox 3410 3995 3564 4080; x_wconf 90' lang='lat' dir='ltr'>quid</span> <span class='ocrx_word' id='word_1_381' title='bbox 3596 4002 3813 4060; x_wconf 88' lang='lat' dir='ltr'>autem</span> <span class='ocrx_word' id='word_1_382' title='bbox 3844 3996 3923 4060; x_wconf 90' lang='lat' dir='ltr'>de</span> <span class='ocrx_word' id='word_1_383' title='bbox 3957 4018 4150 4061; x_wconf 88' lang='lat' dir='ltr'>avere</span> <span class='ocrx_word' id='word_1_384' title='bbox 4191 3995 4562 4061; x_wconf 88' lang='lat' dir='ltr'>Communis</span> <span class='ocrx_word' id='word_1_385' title='bbox 4595 3995 4911 4061; x_wconf 85' lang='lat' dir='ltr'>Faventie</span> 
     </span>
     <span class='ocr_line' id='line_1_32' title="bbox 1278 4101 4913 4192; baseline -0.002 -17"><span class='ocrx_word' id='word_1_386' title='bbox 1278 4111 1361 4175; x_wconf 91' lang='lat' dir='ltr'>ad</span> <span class='ocrx_word' id='word_1_387' title='bbox 1408 4129 1637 4174; x_wconf 88' lang='lat' dir='ltr'>manus</span> <span class='ocrx_word' id='word_1_388' title='bbox 1683 4127 1860 4170; x_wconf 89' lang='lat' dir='ltr'>meas</span> <span class='ocrx_word' id='word_1_389' title='bbox 1904 4103 2275 4192; x_wconf 88' lang='lat' dir='ltr'>pervenerit</span> <span class='ocrx_word' id='word_1_390' title='bbox 2319 4104 2424 4167; x_wconf 88' lang='lat' dir='ltr'>vel</span> <span class='ocrx_word' id='word_1_391' title='bbox 2470 4124 2795 4184; x_wconf 89' lang='lat' dir='ltr'>meorum,</span> <span class='ocrx_word' id='word_1_392' title='bbox 2843 4101 3014 4166; x_wconf 86' lang='lat' dir='ltr'>infra</span> <span class='ocrx_word' id='word_1_393' title='bbox 3057 4102 3317 4166; x_wconf 88' lang='lat' dir='ltr'>tertium</span> <span class='ocrx_word' id='word_1_394' title='bbox 3365 4101 3536 4166; x_wconf 89' lang='lat' dir='ltr'>diem</span> <span class='ocrx_word' id='word_1_395' title='bbox 3589 4101 3908 4167; x_wconf 85' lang='lat' dir='ltr'>Massario</span> <span class='ocrx_word' id='word_1_396' title='bbox 3965 4103 4336 4168; x_wconf 87' lang='lat' dir='ltr'>Communis</span> <span class='ocrx_word' id='word_1_397' title='bbox 4398 4104 4713 4168; x_wconf 73' lang='lat' dir='ltr'>Faventia</span> <span class='ocrx_word' id='word_1_398' title='bbox 4762 4125 4913 4168; x_wconf 89' lang='lat' dir='ltr'>con-</span> 
     </span>
     <span class='ocr_line' id='line_1_33' title="bbox 1278 4210 4912 4303; baseline -0.002 -21"><span class='ocrx_word' id='word_1_399' title='bbox 1278 4216 1551 4303; x_wconf 84' lang='lat' dir='ltr'>signabo</span> <span class='ocrx_word' id='word_1_400' title='bbox 1598 4214 1704 4279; x_wconf 91' lang='lat' dir='ltr'>vel</span> <span class='ocrx_word' id='word_1_401' title='bbox 1748 4213 1983 4277; x_wconf 86' lang='lat' dir='ltr'>faciam</span> <span class='ocrx_word' id='word_1_402' title='bbox 2029 4210 2433 4295; x_wconf 87' lang='lat' dir='ltr'>consignari,</span> <span class='ocrx_word' id='word_1_403' title='bbox 2480 4217 2545 4275; x_wconf 91' lang='lat' dir='ltr'>et</span> <span class='ocrx_word' id='word_1_404' title='bbox 2589 4210 2950 4297; x_wconf 89' lang='lat' dir='ltr'>predictum</span> <span class='ocrx_word' id='word_1_405' title='bbox 2993 4210 3283 4293; x_wconf 86' lang='lat' dir='ltr'>regimen</span> <span class='ocrx_word' id='word_1_406' title='bbox 3330 4216 3395 4273; x_wconf 92' lang='lat' dir='ltr'>et</span> <span class='ocrx_word' id='word_1_407' title='bbox 3439 4211 3656 4275; x_wconf 90' lang='lat' dir='ltr'>omnia</span> <span class='ocrx_word' id='word_1_408' title='bbox 3701 4217 3766 4274; x_wconf 89' lang='lat' dir='ltr'>et</span> <span class='ocrx_word' id='word_1_409' title='bbox 3812 4210 4069 4296; x_wconf 87' lang='lat' dir='ltr'>singula</span> <span class='ocrx_word' id='word_1_410' title='bbox 4115 4212 4486 4298; x_wconf 88' lang='lat' dir='ltr'>supradicta</span> <span class='ocrx_word' id='word_1_411' title='bbox 4546 4211 4780 4275; x_wconf 82' lang='lat' dir='ltr'>faciam</span> <span class='ocrx_word' id='word_1_412' title='bbox 4847 4219 4912 4275; x_wconf 92' lang='lat' dir='ltr'>et</span> 
     </span>
     <span class='ocr_line' id='line_1_34' title="bbox 1278 4316 4913 4406; baseline -0.002 -16"><span class='ocrx_word' id='word_1_413' title='bbox 1278 4323 1636 4390; x_wconf 86' lang='lat' dir='ltr'>observabo</span> <span class='ocrx_word' id='word_1_414' title='bbox 1683 4320 1766 4385; x_wconf 88' lang='lat' dir='ltr'>ad</span> <span class='ocrx_word' id='word_1_415' title='bbox 1813 4320 2213 4384; x_wconf 89' lang='lat' dir='ltr'>voluntatem</span> <span class='ocrx_word' id='word_1_416' title='bbox 2260 4324 2324 4382; x_wconf 88' lang='lat' dir='ltr'>et</span> <span class='ocrx_word' id='word_1_417' title='bbox 2368 4317 2767 4382; x_wconf 88' lang='lat' dir='ltr'>intellectum</span> <span class='ocrx_word' id='word_1_418' title='bbox 2811 4317 3161 4381; x_wconf 89' lang='lat' dir='ltr'>Potestatis</span> <span class='ocrx_word' id='word_1_419' title='bbox 3208 4324 3274 4381; x_wconf 89' lang='lat' dir='ltr'>et</span> <span class='ocrx_word' id='word_1_420' title='bbox 3320 4316 3659 4404; x_wconf 87' lang='lat' dir='ltr'>Capitanei</span> <span class='ocrx_word' id='word_1_421' title='bbox 3704 4323 3769 4381; x_wconf 90' lang='lat' dir='ltr'>et</span> <span class='ocrx_word' id='word_1_422' title='bbox 3816 4317 4122 4382; x_wconf 81' lang='lat' dir='ltr'>Comanis</span> <span class='ocrx_word' id='word_1_423' title='bbox 4170 4326 4234 4383; x_wconf 89' lang='lat' dir='ltr'>et</span> <span class='ocrx_word' id='word_1_424' title='bbox 4279 4319 4503 4406; x_wconf 87' lang='lat' dir='ltr'>populi</span> <span class='ocrx_word' id='word_1_425' title='bbox 4543 4319 4913 4384; x_wconf 88' lang='lat' dir='ltr'>Bononien-</span> 
     </span>
     <span class='ocr_line' id='line_1_35' title="bbox 1278 4423 4911 4515; baseline -0.002 -18"><span class='ocrx_word' id='word_1_426' title='bbox 1278 4434 1465 4515; x_wconf 88' lang='lat' dir='ltr'>sium,</span> <span class='ocrx_word' id='word_1_427' title='bbox 1512 4436 1578 4495; x_wconf 90' lang='lat' dir='ltr'>et</span> <span class='ocrx_word' id='word_1_428' title='bbox 1622 4450 1737 4511; x_wconf 89' lang='lat' dir='ltr'>ea,</span> <span class='ocrx_word' id='word_1_429' title='bbox 1788 4448 1911 4514; x_wconf 90' lang='lat' dir='ltr'>que</span> <span class='ocrx_word' id='word_1_430' title='bbox 1958 4447 2075 4512; x_wconf 91' lang='lat' dir='ltr'>per</span> <span class='ocrx_word' id='word_1_431' title='bbox 2129 4425 2451 4512; x_wconf 89' lang='lat' dir='ltr'>predictos</span> <span class='ocrx_word' id='word_1_432' title='bbox 2496 4424 2690 4490; x_wconf 87' lang='lat' dir='ltr'>michi</span> <span class='ocrx_word' id='word_1_433' title='bbox 2738 4424 3044 4488; x_wconf 88' lang='lat' dir='ltr'>mandata</span> <span class='ocrx_word' id='word_1_434' title='bbox 3092 4423 3349 4506; x_wconf 81' lang='lat' dir='ltr'>fuerint,</span> <span class='ocrx_word' id='word_1_435' title='bbox 3400 4424 3777 4489; x_wconf 80' lang='lat' dir='ltr'>observabo.</span> <span class='ocrx_word' id='word_1_436' title='bbox 3827 4424 4125 4490; x_wconf 90' lang='lat' dir='ltr'>Laudum</span> <span class='ocrx_word' id='word_1_437' title='bbox 4182 4427 4412 4509; x_wconf 86' lang='lat' dir='ltr'>etiam,</span> <span class='ocrx_word' id='word_1_438' title='bbox 4462 4426 4800 4490; x_wconf 89' lang='lat' dir='ltr'>arbitrium</span> <span class='ocrx_word' id='word_1_439' title='bbox 4846 4435 4911 4491; x_wconf 91' lang='lat' dir='ltr'>et</span> 
     </span>
     <span class='ocr_line' id='line_1_36' title="bbox 1277 4531 4904 4622; baseline -0.002 -19"><span class='ocrx_word' id='word_1_440' title='bbox 1277 4537 1641 4619; x_wconf 87' lang='lat' dir='ltr'>arbitraria,</span> <span class='ocrx_word' id='word_1_441' title='bbox 1674 4540 2049 4622; x_wconf 87' lang='lat' dir='ltr'>preceptum</span> <span class='ocrx_word' id='word_1_442' title='bbox 2095 4539 2160 4597; x_wconf 90' lang='lat' dir='ltr'>et</span> <span class='ocrx_word' id='word_1_443' title='bbox 2204 4540 2511 4619; x_wconf 90' lang='lat' dir='ltr'>precepta</span> <span class='ocrx_word' id='word_1_444' title='bbox 2556 4532 2771 4597; x_wconf 90' lang='lat' dir='ltr'>omnia</span> <span class='ocrx_word' id='word_1_445' title='bbox 2817 4538 2883 4596; x_wconf 85' lang='lat' dir='ltr'>et</span> <span class='ocrx_word' id='word_1_446' title='bbox 2927 4531 3205 4616; x_wconf 84' lang='lat' dir='ltr'>singula,</span> <span class='ocrx_word' id='word_1_447' title='bbox 3238 4552 3362 4617; x_wconf 89' lang='lat' dir='ltr'>que</span> <span class='ocrx_word' id='word_1_448' title='bbox 3407 4531 3563 4595; x_wconf 89' lang='lat' dir='ltr'>fient</span> <span class='ocrx_word' id='word_1_449' title='bbox 3607 4554 3724 4618; x_wconf 93' lang='lat' dir='ltr'>per</span> <span class='ocrx_word' id='word_1_450' title='bbox 3767 4532 4100 4597; x_wconf 89' lang='lat' dir='ltr'>dominum</span> <span class='ocrx_word' id='word_1_451' title='bbox 4128 4533 4576 4598; x_wconf 87' lang='lat' dir='ltr'>Bonacursum</span> <span class='ocrx_word' id='word_1_452' title='bbox 4609 4533 4689 4597; x_wconf 87' lang='lat' dir='ltr'>de</span> <span class='ocrx_word' id='word_1_453' title='bbox 4725 4533 4904 4598; x_wconf 85' lang='lat' dir='ltr'>Suri-</span> 
     </span>
     <span class='ocr_line' id='line_1_37' title="bbox 1274 4638 4903 4729; baseline -0.002 -18"><span class='ocrx_word' id='word_1_454' title='bbox 1274 4648 1454 4729; x_wconf 86' lang='lat' dir='ltr'>xiua,</span> <span class='ocrx_word' id='word_1_455' title='bbox 1499 4665 1670 4709; x_wconf 90' lang='lat' dir='ltr'>nunc</span> <span class='ocrx_word' id='word_1_456' title='bbox 1719 4642 2145 4728; x_wconf 88' lang='lat' dir='ltr'>Capitaneum</span> <span class='ocrx_word' id='word_1_457' title='bbox 2189 4639 2414 4726; x_wconf 85' lang='lat' dir='ltr'>populi</span> <span class='ocrx_word' id='word_1_458' title='bbox 2456 4640 2749 4704; x_wconf 91' lang='lat' dir='ltr'>Bononie</span> <span class='ocrx_word' id='word_1_459' title='bbox 2796 4661 2880 4703; x_wconf 84' lang='lat' dir='ltr'>ex</span> <span class='ocrx_word' id='word_1_460' title='bbox 2925 4638 3149 4724; x_wconf 84' lang='lat' dir='ltr'>vigore</span> <span class='ocrx_word' id='word_1_461' title='bbox 3196 4640 3612 4724; x_wconf 86' lang='lat' dir='ltr'>conpromissi</span> <span class='ocrx_word' id='word_1_462' title='bbox 3675 4661 3790 4704; x_wconf 90' lang='lat' dir='ltr'>seu</span> <span class='ocrx_word' id='word_1_463' title='bbox 3836 4640 4417 4726; x_wconf 70' lang='lat' dir='ltr'>conpr-omissorum</span> <span class='ocrx_word' id='word_1_464' title='bbox 4463 4641 4530 4704; x_wconf 93' lang='lat' dir='ltr'>in</span> <span class='ocrx_word' id='word_1_465' title='bbox 4596 4662 4744 4705; x_wconf 89' lang='lat' dir='ltr'>eum</span> <span class='ocrx_word' id='word_1_466' title='bbox 4805 4640 4903 4705; x_wconf 87' lang='lat' dir='ltr'>fa-</span> 
     </span>
     <span class='ocr_line' id='line_1_38' title="bbox 1272 4745 4902 4837; baseline -0.002 -18"><span class='ocrx_word' id='word_1_467' title='bbox 1272 4761 1521 4819; x_wconf 88' lang='lat' dir='ltr'>ctorum</span> <span class='ocrx_word' id='word_1_468' title='bbox 1567 4773 1607 4815; x_wconf 90' lang='lat' dir='ltr'>a</span> <span class='ocrx_word' id='word_1_469' title='bbox 1661 4748 1943 4837; x_wconf 83' lang='lat' dir='ltr'>syndicis</span> <span class='ocrx_word' id='word_1_470' title='bbox 1990 4754 2125 4811; x_wconf 88' lang='lat' dir='ltr'>tam</span> <span class='ocrx_word' id='word_1_471' title='bbox 2169 4747 2461 4834; x_wconf 90' lang='lat' dir='ltr'>parcium</span> <span class='ocrx_word' id='word_1_472' title='bbox 2508 4768 2701 4833; x_wconf 87' lang='lat' dir='ltr'>quam</span> <span class='ocrx_word' id='word_1_473' title='bbox 2762 4746 3134 4811; x_wconf 90' lang='lat' dir='ltr'>Communis</span> <span class='ocrx_word' id='word_1_474' title='bbox 3196 4745 3509 4811; x_wconf 82' lang='lat' dir='ltr'>Faventie</span> <span class='ocrx_word' id='word_1_475' title='bbox 3572 4747 3929 4811; x_wconf 88' lang='lat' dir='ltr'>observabo</span> <span class='ocrx_word' id='word_1_476' title='bbox 3986 4757 4051 4811; x_wconf 85' lang='lat' dir='ltr'>et</span> <span class='ocrx_word' id='word_1_477' title='bbox 4106 4748 4436 4812; x_wconf 88' lang='lat' dir='ltr'>observari</span> <span class='ocrx_word' id='word_1_478' title='bbox 4482 4748 4718 4813; x_wconf 86' lang='lat' dir='ltr'>faciam</span> <span class='ocrx_word' id='word_1_479' title='bbox 4765 4756 4902 4813; x_wconf 87' lang='lat' dir='ltr'>toto</span> 
     </span>
     <span class='ocr_line' id='line_1_39' title="bbox 1282 4853 4909 4948; baseline -0.001 -23"><span class='ocrx_word' id='word_1_480' title='bbox 1282 4881 1509 4948; x_wconf 89' lang='lat' dir='ltr'>posse,</span> <span class='ocrx_word' id='word_1_481' title='bbox 1556 4880 1675 4923; x_wconf 90' lang='lat' dir='ltr'>nec</span> <span class='ocrx_word' id='word_1_482' title='bbox 1736 4857 1828 4922; x_wconf 90' lang='lat' dir='ltr'>eis</span> <span class='ocrx_word' id='word_1_483' title='bbox 1891 4877 2009 4921; x_wconf 92' lang='lat' dir='ltr'>nec</span> <span class='ocrx_word' id='word_1_484' title='bbox 2069 4855 2265 4920; x_wconf 88' lang='lat' dir='ltr'>alicui</span> <span class='ocrx_word' id='word_1_485' title='bbox 2310 4876 2534 4919; x_wconf 90' lang='lat' dir='ltr'>eorum</span> <span class='ocrx_word' id='word_1_486' title='bbox 2587 4854 2653 4917; x_wconf 89' lang='lat' dir='ltr'>in</span> <span class='ocrx_word' id='word_1_487' title='bbox 2713 4854 2932 4940; x_wconf 88' lang='lat' dir='ltr'>aliquo</span> <span class='ocrx_word' id='word_1_488' title='bbox 2992 4853 3259 4937; x_wconf 89' lang='lat' dir='ltr'>oviab0,</span> <span class='ocrx_word' id='word_1_489' title='bbox 3307 4875 3424 4919; x_wconf 92' lang='lat' dir='ltr'>nec</span> <span class='ocrx_word' id='word_1_490' title='bbox 3477 4855 3699 4940; x_wconf 90' lang='lat' dir='ltr'>paciar</span> <span class='ocrx_word' id='word_1_491' title='bbox 3760 4854 3931 4940; x_wconf 92' lang='lat' dir='ltr'>quod</span> <span class='ocrx_word' id='word_1_492' title='bbox 3992 4854 4086 4918; x_wconf 89' lang='lat' dir='ltr'>eis</span> <span class='ocrx_word' id='word_1_493' title='bbox 4141 4855 4207 4918; x_wconf 85' lang='lat' dir='ltr'>in</span> <span class='ocrx_word' id='word_1_494' title='bbox 4252 4856 4468 4941; x_wconf 91' lang='lat' dir='ltr'>aliquo</span> <span class='ocrx_word' id='word_1_495' title='bbox 4516 4856 4786 4920; x_wconf 88' lang='lat' dir='ltr'>ovietur.</span> <span class='ocrx_word' id='word_1_496' title='bbox 4838 4856 4909 4920; x_wconf 88' lang='lat' dir='ltr'>Si</span> 
     </span>
     <span class='ocr_line' id='line_1_40' title="bbox 1279 4961 4907 5055; baseline -0.001 -23"><span class='ocrx_word' id='word_1_497' title='bbox 1279 4968 1434 5055; x_wconf 90' lang='lat' dir='ltr'>quid</span> <span class='ocrx_word' id='word_1_498' title='bbox 1481 4975 1697 5031; x_wconf 89' lang='lat' dir='ltr'>autem</span> <span class='ocrx_word' id='word_1_499' title='bbox 1743 4965 1893 5029; x_wconf 91' lang='lat' dir='ltr'>huic</span> <span class='ocrx_word' id='word_1_500' title='bbox 1938 4985 2082 5028; x_wconf 89' lang='lat' dir='ltr'>meo</span> <span class='ocrx_word' id='word_1_501' title='bbox 2131 4963 2490 5027; x_wconf 88' lang='lat' dir='ltr'>iuramento</span> <span class='ocrx_word' id='word_1_502' title='bbox 2538 4961 2828 5026; x_wconf 87' lang='lat' dir='ltr'>additum</span> <span class='ocrx_word' id='word_1_503' title='bbox 2874 4961 3070 5025; x_wconf 87' lang='lat' dir='ltr'>fuerit</span> <span class='ocrx_word' id='word_1_504' title='bbox 3113 4982 3229 5047; x_wconf 90' lang='lat' dir='ltr'>per</span> <span class='ocrx_word' id='word_1_505' title='bbox 3274 4961 3584 5047; x_wconf 86' lang='lat' dir='ltr'>populum</span> <span class='ocrx_word' id='word_1_506' title='bbox 3631 4969 3695 5025; x_wconf 88' lang='lat' dir='ltr'>et</span> <span class='ocrx_word' id='word_1_507' title='bbox 3743 4961 4095 5026; x_wconf 84' lang='lat' dir='ltr'>Commune</span> <span class='ocrx_word' id='word_1_508' title='bbox 4157 4961 4448 5026; x_wconf 88' lang='lat' dir='ltr'>Bononie</span> <span class='ocrx_word' id='word_1_509' title='bbox 4511 4970 4736 5027; x_wconf 86' lang='lat' dir='ltr'>tenear</span> <span class='ocrx_word' id='word_1_510' title='bbox 4795 4964 4907 5027; x_wconf 88' lang='lat' dir='ltr'>ob·</span> 
     </span>
     <span class='ocr_line' id='line_1_41' title="bbox 1277 5068 4900 5158; baseline -0.002 -17"><span class='ocrx_word' id='word_1_511' title='bbox 1277 5096 1573 5158; x_wconf 90' lang='lat' dir='ltr'>servare,</span> <span class='ocrx_word' id='word_1_512' title='bbox 1622 5081 1687 5138; x_wconf 90' lang='lat' dir='ltr'>et</span> <span class='ocrx_word' id='word_1_513' title='bbox 1732 5073 1788 5137; x_wconf 90' lang='lat' dir='ltr'>si</span> <span class='ocrx_word' id='word_1_514' title='bbox 1833 5071 1987 5158; x_wconf 90' lang='lat' dir='ltr'>quid</span> <span class='ocrx_word' id='word_1_515' title='bbox 2031 5071 2420 5135; x_wconf 88' lang='lat' dir='ltr'>inmutatum</span> <span class='ocrx_word' id='word_1_516' title='bbox 2465 5068 2660 5133; x_wconf 87' lang='lat' dir='ltr'>fuerit</span> <span class='ocrx_word' id='word_1_517' title='bbox 2704 5069 2809 5134; x_wconf 89' lang='lat' dir='ltr'>vel</span> <span class='ocrx_word' id='word_1_518' title='bbox 2856 5068 3250 5152; x_wconf 88' lang='lat' dir='ltr'>detractum,</span> <span class='ocrx_word' id='word_1_519' title='bbox 3301 5069 3707 5133; x_wconf 88' lang='lat' dir='ltr'>immutatum</span> <span class='ocrx_word' id='word_1_520' title='bbox 3753 5090 4011 5134; x_wconf 87' lang='lat' dir='ltr'>servare</span> <span class='ocrx_word' id='word_1_521' title='bbox 4059 5076 4284 5134; x_wconf 90' lang='lat' dir='ltr'>tenear</span> <span class='ocrx_word' id='word_1_522' title='bbox 4329 5070 4682 5134; x_wconf 88' lang='lat' dir='ltr'>secundum</span> <span class='ocrx_word' id='word_1_523' title='bbox 4728 5070 4900 5156; x_wconf 88' lang='lat' dir='ltr'>quod</span> 
     </span>
     <span class='ocr_line' id='line_1_42' title="bbox 1276 5175 4906 5263; baseline -0.002 -15"><span class='ocrx_word' id='word_1_524' title='bbox 1276 5183 1472 5248; x_wconf 81' lang='lat' dir='ltr'>fuerit</span> <span class='ocrx_word' id='word_1_525' title='bbox 1532 5183 1955 5262; x_wconf 81' lang='lat' dir='ltr'>inmutatum3</span> <span class='ocrx_word' id='word_1_526' title='bbox 2005 5177 2084 5242; x_wconf 89' lang='lat' dir='ltr'>de</span> <span class='ocrx_word' id='word_1_527' title='bbox 2140 5177 2429 5241; x_wconf 84' lang='lat' dir='ltr'>detracto</span> <span class='ocrx_word' id='word_1_528' title='bbox 2486 5197 2612 5241; x_wconf 91' lang='lat' dir='ltr'>non</span> <span class='ocrx_word' id='word_1_529' title='bbox 2662 5182 2921 5259; x_wconf 89' lang='lat' dir='ltr'>tenear,</span> <span class='ocrx_word' id='word_1_530' title='bbox 2970 5197 3087 5240; x_wconf 89' lang='lat' dir='ltr'>nee</span> <span class='ocrx_word' id='word_1_531' title='bbox 3132 5176 3210 5239; x_wconf 93' lang='lat' dir='ltr'>de</span> <span class='ocrx_word' id='word_1_532' title='bbox 3259 5175 3555 5261; x_wconf 88' lang='lat' dir='ltr'>capitulis</span> <span class='ocrx_word' id='word_1_533' title='bbox 3605 5175 3740 5239; x_wconf 91' lang='lat' dir='ltr'>sive</span> <span class='ocrx_word' id='word_1_534' title='bbox 3785 5176 4041 5240; x_wconf 90' lang='lat' dir='ltr'>statutis</span> <span class='ocrx_word' id='word_1_535' title='bbox 4089 5176 4276 5241; x_wconf 87' lang='lat' dir='ltr'>factis</span> <span class='ocrx_word' id='word_1_536' title='bbox 4323 5177 4426 5241; x_wconf 87' lang='lat' dir='ltr'>vel</span> <span class='ocrx_word' id='word_1_537' title='bbox 4474 5176 4739 5242; x_wconf 87' lang='lat' dir='ltr'>facturis</span> <span class='ocrx_word' id='word_1_538' title='bbox 4786 5198 4906 5263; x_wconf 89' lang='lat' dir='ltr'>per</span> 
     </span>
     <span class='ocr_line' id='line_1_43' title="bbox 1276 5282 4908 5374; baseline -0.002 -19"><span class='ocrx_word' id='word_1_539' title='bbox 1276 5290 1661 5372; x_wconf 75' lang='lat' dir='ltr'>faventinOS,</span> <span class='ocrx_word' id='word_1_540' title='bbox 1703 5286 1969 5374; x_wconf 91' lang='lat' dir='ltr'>precisis</span> <span class='ocrx_word' id='word_1_541' title='bbox 2014 5284 2119 5349; x_wconf 92' lang='lat' dir='ltr'>vel</span> <span class='ocrx_word' id='word_1_542' title='bbox 2165 5306 2294 5349; x_wconf 90' lang='lat' dir='ltr'>non</span> <span class='ocrx_word' id='word_1_543' title='bbox 2341 5284 2624 5369; x_wconf 87' lang='lat' dir='ltr'>precisis,</span> <span class='ocrx_word' id='word_1_544' title='bbox 2672 5290 2898 5348; x_wconf 88' lang='lat' dir='ltr'>tenear</span> <span class='ocrx_word' id='word_1_545' title='bbox 2942 5282 3009 5347; x_wconf 90' lang='lat' dir='ltr'>in</span> <span class='ocrx_word' id='word_1_546' title='bbox 3054 5290 3188 5347; x_wconf 90' lang='lat' dir='ltr'>toto</span> <span class='ocrx_word' id='word_1_547' title='bbox 3236 5304 3352 5347; x_wconf 90' lang='lat' dir='ltr'>nec</span> <span class='ocrx_word' id='word_1_548' title='bbox 3401 5283 3467 5346; x_wconf 91' lang='lat' dir='ltr'>in</span> <span class='ocrx_word' id='word_1_549' title='bbox 3514 5290 3726 5368; x_wconf 88' lang='lat' dir='ltr'>parte,</span> <span class='ocrx_word' id='word_1_550' title='bbox 3762 5283 3885 5347; x_wconf 89' lang='lat' dir='ltr'>nisi</span> <span class='ocrx_word' id='word_1_551' title='bbox 3933 5283 4284 5347; x_wconf 88' lang='lat' dir='ltr'>secundum</span> <span class='ocrx_word' id='word_1_552' title='bbox 4330 5284 4733 5349; x_wconf 86' lang='lat' dir='ltr'>voluntatem</span> <span class='ocrx_word' id='word_1_553' title='bbox 4779 5283 4908 5349; x_wconf 88' lang='lat' dir='ltr'>Po-</span> 
     </span>
     <span class='ocr_line' id='line_1_44' title="bbox 1275 5390 3291 5482; baseline -0.004 -18"><span class='ocrx_word' id='word_1_554' title='bbox 1275 5399 1528 5464; x_wconf 87' lang='lat' dir='ltr'>testatis</span> <span class='ocrx_word' id='word_1_555' title='bbox 1574 5403 1640 5462; x_wconf 87' lang='lat' dir='ltr'>et</span> <span class='ocrx_word' id='word_1_556' title='bbox 1685 5393 2024 5482; x_wconf 90' lang='lat' dir='ltr'>Capitanei</span> <span class='ocrx_word' id='word_1_557' title='bbox 2068 5400 2133 5457; x_wconf 90' lang='lat' dir='ltr'>et</span> <span class='ocrx_word' id='word_1_558' title='bbox 2180 5391 2552 5457; x_wconf 90' lang='lat' dir='ltr'>Communis</span> <span class='ocrx_word' id='word_1_559' title='bbox 2598 5398 2662 5455; x_wconf 88' lang='lat' dir='ltr'>et</span> <span class='ocrx_word' id='word_1_560' title='bbox 2706 5391 2931 5478; x_wconf 89' lang='lat' dir='ltr'>populi</span> <span class='ocrx_word' id='word_1_561' title='bbox 2977 5390 3291 5455; x_wconf 90' lang='lat' dir='ltr'>Bononie.</span> 
     </span>
    </p>

    <p class='ocr_par' dir='ltr' id='par_1_8' title="bbox 1273 5497 4906 5801">
     <span class='ocr_line' id='line_1_45' title="bbox 1451 5497 4906 5587; baseline -0.001 -17"><span class='ocrx_word' id='word_1_562' title='bbox 1451 5505 1692 5570; x_wconf 83' lang='lat' dir='ltr'>Actum</span> <span class='ocrx_word' id='word_1_563' title='bbox 1737 5503 1803 5566; x_wconf 87' lang='lat' dir='ltr'>in</span> <span class='ocrx_word' id='word_1_564' title='bbox 1851 5501 2023 5566; x_wconf 89' lang='lat' dir='ltr'>dicta</span> <span class='ocrx_word' id='word_1_565' title='bbox 2067 5500 2286 5587; x_wconf 88' lang='lat' dir='ltr'>platea</span> <span class='ocrx_word' id='word_1_566' title='bbox 2334 5498 2705 5564; x_wconf 89' lang='lat' dir='ltr'>Communis</span> <span class='ocrx_word' id='word_1_567' title='bbox 2750 5498 3044 5563; x_wconf 90' lang='lat' dir='ltr'>Bononie</span> <span class='ocrx_word' id='word_1_568' title='bbox 3090 5520 3286 5585; x_wconf 91' lang='lat' dir='ltr'>supra</span> <span class='ocrx_word' id='word_1_569' title='bbox 3334 5497 3473 5584; x_wconf 91' lang='lat' dir='ltr'>ipso</span> <span class='ocrx_word' id='word_1_570' title='bbox 3521 5498 3867 5563; x_wconf 82' lang='lat' dir='ltr'>carocio(3)</span> <span class='ocrx_word' id='word_1_571' title='bbox 3906 5498 3971 5562; x_wconf 90' lang='lat' dir='ltr'>in</span> <span class='ocrx_word' id='word_1_572' title='bbox 4005 5497 4262 5584; x_wconf 90' lang='lat' dir='ltr'>publica</span> <span class='ocrx_word' id='word_1_573' title='bbox 4296 5497 4679 5583; x_wconf 80' lang='lat' dir='ltr'>co[u]otione</span> <span class='ocrx_word' id='word_1_574' title='bbox 4717 5500 4906 5565; x_wconf 92' lang='lat' dir='ltr'>Com-</span> 
     </span>
     <span class='ocr_line' id='line_1_46' title="bbox 1274 5605 4904 5694; baseline -0.001 -17"><span class='ocrx_word' id='word_1_575' title='bbox 1274 5613 1486 5677; x_wconf 85' lang='lat' dir='ltr'>munis</span> <span class='ocrx_word' id='word_1_576' title='bbox 1531 5609 1825 5674; x_wconf 90' lang='lat' dir='ltr'>Bononie</span> <span class='ocrx_word' id='word_1_577' title='bbox 1872 5629 1988 5694; x_wconf 93' lang='lat' dir='ltr'>per</span> <span class='ocrx_word' id='word_1_578' title='bbox 2034 5627 2262 5671; x_wconf 90' lang='lat' dir='ltr'>sonum</span> <span class='ocrx_word' id='word_1_579' title='bbox 2308 5627 2619 5692; x_wconf 89' lang='lat' dir='ltr'>campane</span> <span class='ocrx_word' id='word_1_580' title='bbox 2665 5613 2729 5670; x_wconf 89' lang='lat' dir='ltr'>et</span> <span class='ocrx_word' id='word_1_581' title='bbox 2775 5605 3078 5669; x_wconf 89' lang='lat' dir='ltr'>tubarum</span> <span class='ocrx_word' id='word_1_582' title='bbox 3125 5627 3300 5670; x_wconf 88' lang='lat' dir='ltr'>more</span> <span class='ocrx_word' id='word_1_583' title='bbox 3350 5606 3537 5669; x_wconf 87' lang='lat' dir='ltr'>solito</span> <span class='ocrx_word' id='word_1_584' title='bbox 3586 5611 4001 5689; x_wconf 86' lang='lat' dir='ltr'>congregata,</span> <span class='ocrx_word' id='word_1_585' title='bbox 4047 5605 4379 5670; x_wconf 90' lang='lat' dir='ltr'>voluntate</span> <span class='ocrx_word' id='word_1_586' title='bbox 4428 5606 4713 5692; x_wconf 89' lang='lat' dir='ltr'>ipsorum</span> <span class='ocrx_word' id='word_1_587' title='bbox 4766 5609 4904 5673; x_wconf 85' lang='lat' dir='ltr'>exi-</span> 
     </span>
     <span class='ocr_line' id='line_1_47' title="bbox 1273 5712 3291 5801; baseline -0.003 -17"><span class='ocrx_word' id='word_1_588' title='bbox 1273 5718 1579 5784; x_wconf 89' lang='lat' dir='ltr'>stentium</span> <span class='ocrx_word' id='word_1_589' title='bbox 1622 5717 1687 5780; x_wconf 90' lang='lat' dir='ltr'>iu</span> <span class='ocrx_word' id='word_1_590' title='bbox 1735 5715 1878 5801; x_wconf 88' lang='lat' dir='ltr'>ipsa</span> <span class='ocrx_word' id='word_1_591' title='bbox 1923 5712 2329 5798; x_wconf 89' lang='lat' dir='ltr'>co[u]otione,</span> <span class='ocrx_word' id='word_1_592' title='bbox 2379 5719 2444 5777; x_wconf 90' lang='lat' dir='ltr'>et</span> <span class='ocrx_word' id='word_1_593' title='bbox 2489 5712 2743 5776; x_wconf 89' lang='lat' dir='ltr'>nemine</span> <span class='ocrx_word' id='word_1_594' title='bbox 2792 5713 3291 5777; x_wconf 89' lang='lat' dir='ltr'>contradicente.</span> 
     </span>
    </p>

    <p class='ocr_par' dir='ltr' id='par_1_9' title="bbox 1271 5818 4910 6119">
     <span class='ocr_line' id='line_1_48' title="bbox 1452 5818 4910 5907; baseline -0.001 -18"><span class='ocrx_word' id='word_1_595' title='bbox 1452 5823 1898 5889; x_wconf 86' lang='lat' dir='ltr'>Interfuerunt</span> <span class='ocrx_word' id='word_1_596' title='bbox 1945 5820 2034 5885; x_wconf 91' lang='lat' dir='ltr'>ibi</span> <span class='ocrx_word' id='word_1_597' title='bbox 2078 5825 2275 5884; x_wconf 89' lang='lat' dir='ltr'>testes</span> <span class='ocrx_word' id='word_1_598' title='bbox 2323 5819 2617 5883; x_wconf 91' lang='lat' dir='ltr'>dominus</span> <span class='ocrx_word' id='word_1_599' title='bbox 2663 5818 3004 5905; x_wconf 89' lang='lat' dir='ltr'>Philippus</span> <span class='ocrx_word' id='word_1_600' title='bbox 3053 5819 3471 5904; x_wconf 83' lang='lat' dir='ltr'>Giringellus,</span> <span class='ocrx_word' id='word_1_601' title='bbox 3509 5819 3807 5883; x_wconf 90' lang='lat' dir='ltr'>Potestas</span> <span class='ocrx_word' id='word_1_602' title='bbox 3861 5819 4109 5883; x_wconf 85' lang='lat' dir='ltr'>Forlivi</span> <span class='ocrx_word' id='word_1_603' title='bbox 4175 5827 4240 5884; x_wconf 89' lang='lat' dir='ltr'>et</span> <span class='ocrx_word' id='word_1_604' title='bbox 4299 5820 4792 5907; x_wconf 86' lang='lat' dir='ltr'>Forlimpopuli‚</span> <span class='ocrx_word' id='word_1_605' title='bbox 4845 5829 4910 5886; x_wconf 90' lang='lat' dir='ltr'>et</span> 
     </span>
     <span class='ocr_line' id='line_1_49' title="bbox 1273 5925 4906 6014; baseline -0.002 -15"><span class='ocrx_word' id='word_1_606' title='bbox 1273 5933 1571 5999; x_wconf 90' lang='lat' dir='ltr'>dominus</span> <span class='ocrx_word' id='word_1_607' title='bbox 1617 5927 2075 5994; x_wconf 90' lang='lat' dir='ltr'>Lambertinus</span> <span class='ocrx_word' id='word_1_608' title='bbox 2123 5926 2447 6014; x_wconf 90' lang='lat' dir='ltr'>quondam</span> <span class='ocrx_word' id='word_1_609' title='bbox 2493 5925 2734 5989; x_wconf 89' lang='lat' dir='ltr'>domini</span> <span class='ocrx_word' id='word_1_610' title='bbox 2779 5925 3047 6012; x_wconf 77' lang='lat' dir='ltr'>Mathey</span> <span class='ocrx_word' id='word_1_611' title='bbox 3094 5927 3172 5990; x_wconf 88' lang='lat' dir='ltr'>dc</span> <span class='ocrx_word' id='word_1_612' title='bbox 3223 5926 3667 6009; x_wconf 88' lang='lat' dir='ltr'>Samaritauis,</span> <span class='ocrx_word' id='word_1_613' title='bbox 3703 5925 4094 6012; x_wconf 87' lang='lat' dir='ltr'>Capitaneus</span> <span class='ocrx_word' id='word_1_614' title='bbox 4127 5928 4348 6014; x_wconf 91' lang='lat' dir='ltr'>populi</span> <span class='ocrx_word' id='word_1_615' title='bbox 4380 5926 4647 6010; x_wconf 82' lang='lat' dir='ltr'>Forlivi,</span> <span class='ocrx_word' id='word_1_616' title='bbox 4682 5934 4745 5991; x_wconf 91' lang='lat' dir='ltr'>et</span> <span class='ocrx_word' id='word_1_617' title='bbox 4794 5928 4906 5993; x_wconf 92' lang='lat' dir='ltr'>do-</span> 
     </span>
     <span class='ocr_line' id='line_1_50' title="bbox 1271 6032 4904 6119; baseline -0.001 -15"><span class='ocrx_word' id='word_1_618' title='bbox 1271 6041 1484 6104; x_wconf 90' lang='lat' dir='ltr'>minus</span> <span class='ocrx_word' id='word_1_619' title='bbox 1527 6037 1814 6104; x_wconf 80' lang='lat' dir='ltr'>Jacobus</span> <span class='ocrx_word' id='word_1_620' title='bbox 1862 6035 1942 6100; x_wconf 90' lang='lat' dir='ltr'>de</span> <span class='ocrx_word' id='word_1_621' title='bbox 1991 6035 2203 6117; x_wconf 90' lang='lat' dir='ltr'>Claro,</span> <span class='ocrx_word' id='word_1_622' title='bbox 2239 6033 2445 6119; x_wconf 82' lang='lat' dir='ltr'>judex</span> <span class='ocrx_word' id='word_1_623' title='bbox 2489 6032 2840 6098; x_wconf 88' lang='lat' dir='ltr'>Potestatis</span> <span class='ocrx_word' id='word_1_624' title='bbox 2886 6032 3214 6116; x_wconf 89' lang='lat' dir='ltr'>Bononie,</span> <span class='ocrx_word' id='word_1_625' title='bbox 3262 6040 3326 6098; x_wconf 93' lang='lat' dir='ltr'>et</span> <span class='ocrx_word' id='word_1_626' title='bbox 3381 6033 3677 6097; x_wconf 91' lang='lat' dir='ltr'>dominus</span> <span class='ocrx_word' id='word_1_627' title='bbox 3722 6032 4077 6098; x_wconf 88' lang='lat' dir='ltr'>Jacobinus</span> <span class='ocrx_word' id='word_1_628' title='bbox 4123 6033 4448 6119; x_wconf 88' lang='lat' dir='ltr'>Desiderij</span> <span class='ocrx_word' id='word_1_629' title='bbox 4497 6041 4562 6098; x_wconf 91' lang='lat' dir='ltr'>et</span> <span class='ocrx_word' id='word_1_630' title='bbox 4609 6034 4904 6099; x_wconf 88' lang='lat' dir='ltr'>dominus</span> 
     </span>
    </p>
   </div>
   <div class='ocr_carea' id='block_1_5' title="bbox 1430 6304 4066 6463">
    <p class='ocr_par' dir='ltr' id='par_1_10' title="bbox 1430 6304 4066 6463">
     <span class='ocr_line' id='line_1_51' title="bbox 1430 6304 4066 6463; baseline -0.004 -15"><span class='ocrx_word' id='word_1_631' title='bbox 1430 6307 1510 6463; x_wconf 59' lang='lat' dir='ltr'>g}</span> <span class='ocrx_word' id='word_1_632' title='bbox 1549 6304 1805 6448; x_wconf 52' lang='lat' dir='ltr'>{gadum</span> <span class='ocrx_word' id='word_1_633' title='bbox 1846 6408 1945 6463; x_wconf 89' lang='lat' dir='ltr'>pro</span> <span class='ocrx_word' id='word_1_634' title='bbox 1984 6392 2222 6444; x_wconf 74' lang='lat' dir='ltr'>emenda.</span> <span class='ocrx_word' id='word_1_635' title='bbox 2264 6389 2376 6443; x_wconf 81' lang='lat' dir='ltr'>cfr.</span> <span class='ocrx_word' id='word_1_636' title='bbox 2418 6389 2506 6442; x_wconf 89' lang='lat' dir='ltr'>Du</span> <span class='ocrx_word' id='word_1_637' title='bbox 2544 6388 2747 6460; x_wconf 87' lang='lat' dir='ltr'>Cange,</span> <span class='ocrx_word' id='word_1_638' title='bbox 2787 6390 2998 6442; x_wconf 79' lang='lat' dir='ltr'>menda.</span> <span class='ocrx_word' id='word_1_639' title='bbox 3038 6390 3172 6455; x_wconf 86' lang='lat' dir='ltr'>(Ed.</span> <span class='ocrx_word' id='word_1_640' title='bbox 3211 6389 3762 6455; x_wconf 76' lang='lat' dir='ltr'>MDCCCLXXXV.)</span> <span class='ocrx_word' id='word_1_641' title='bbox 3803 6389 3904 6455; x_wconf 60' lang='lat' dir='ltr'>V„</span> <span class='ocrx_word' id='word_1_642' title='bbox 3945 6393 4066 6442; x_wconf 82' lang='grc'><strong>339.</strong></span> 
     </span>
    </p>
   </div>
   <div class='ocr_carea' id='block_1_6' title="bbox 1428 6484 1654 6552">
    <p class='ocr_par' dir='ltr' id='par_1_11' title="bbox 1428 6484 1654 6552">
     <span class='ocr_line' id='line_1_52' title="bbox 1428 6484 1654 6552; baseline -0.009 -14"><span class='ocrx_word' id='word_1_643' title='bbox 1428 6487 1508 6552; x_wconf 86' lang='grc'>(8)</span> <span class='ocrx_word' id='word_1_644' title='bbox 1548 6484 1654 6537; x_wconf 80' lang='lat' dir='ltr'>Sic.</span> 
     </span>
    </p>
   </div>
   <div class='ocr_carea' id='block_1_7' title="bbox 5440 6201 5455 7721">
    <p class='ocr_par' dir='ltr' id='par_1_12' title="bbox 5440 6201 5455 7721">
     <span class='ocr_line' id='line_1_53' title="bbox 5440 6201 5455 7721; baseline 0 0"><span class='ocrx_word' id='word_1_645' title='bbox 5440 6201 5455 7721; x_wconf 95' lang='lat' dir='ltr'> </span> 
     </span>
    </p>
   </div>
  </div>
 </body>
</html>
