5542 7775
1568 624 2031 675 sPEc'rAN'rIA
2084 624 2189 675 AD
2243 624 2754 676 Pnornssoans
2813 625 3025 677 ,1111116
3081 625 3347 676 61611116
4168 606 4264 677 49

640 773 1022 861 Bollognius
1068 776 1329 861 Montis,
1364 779 1621 844 anziani
1659 779 1884 865 populi
1928 778 2241 863 Bononie,
2276 785 2342 844 et
2375 778 2739 845 Gruamons
2781 780 2861 844 de
2895 778 3303 845 Cazanimico
3335 786 3401 844 et
3433 780 3817 845 Tomasinus
3850 780 3929 845 de
3961 746 4276 845 Liazariis

642 881 799 947 civis
844 883 1138 949 Bononie
1184 892 1250 950 et
1294 886 1514 972 plures
1561 887 1693 970 alii,
1742 886 1912 950 unde
1958 886 2148 972 plura
2193 886 2620 952 instrumenta
2666 908 2795 952 660
2841 894 3064 952 166016
3111 886 3324 973 rogati
3370 894 3520 952 sunt
3564 887 3724 952 fieri.

818 989 964 1075 Ego
1011 991 1381 1058 Vitalianus
1426 994 1596 1058 filius
1644 993 1971 1080 quondam
2015 992 2346 1058 Chnnradi
2392 993 2470 1058 de
2509 993 2673 1059 Vico
2713 1002 3019 1078 mercat0,
3053 995 3211 1060 civis
3241 994 3614 1078 Mediolani,
3649 994 3958 1079 notarius,
3992 995 4275 1078 interfui,

641 1097 878 1162 tradidi
925 1106 991 1163 61
1036 1099 1284 1186 scripsi.

2326 1419 2584 1487 XXIX.

2133 1636 2339 1718 1256,
2386 1635 2474 1700 25
2520 1638 2791 1722 anqusti.

1405 1846 1513 1913 Ex
1558 1847 1909 1913 Tabulario
1957 1848 2135 1913 Max.
2183 1849 2370 1932 bon.,
2419 1849 2489 1912 in
2533 1849 2817 1935 Reyistro
2861 1870 3034 1932 novo,
3082 1871 3214 1914 car.
3262 1851 3390 1914 363
3439 1871 3502 1915 v.

821 2062 902 2127 In
948 2063 1206 2128 nomine
1252 2062 1469 2127 Patris
1516 2069 1581 2127 ct
1626 2062 1779 2127 Filii
1825 2069 1890 2128 et
1940 2062 2216 2150 Spiritus
2277 2062 2518 2146 Sancti,
2568 2084 2780 2128 amen.
2828 2063 2938 2129 Ad
2992 2063 3302 2130 honorem
3365 2064 3645 2151 gloriose
3712 2064 4004 2150 Virginis
4062 2065 4270 2130 Marie

644 2177 709 2234 et
757 2170 1041 2236 omnium
1089 2170 1493 2254 Sanctorum,
1542 2192 1712 2235 anno
1743 2170 2007 2236 Domini
2049 2172 2390 2236 millesimo
2423 2172 2862 2236 ducentesimo
2896 2172 3429 2258 quinquagesimo
3477 2179 3682 2255 sexto,
3717 2172 4063 2238 indictione
4111 2195 4267 2259 qua—

641 2278 1058 2359 tuordecima,
1091 2278 1196 2343 die
1242 2279 1496 2343 veneris
1542 2279 1815 2366 septimo
1861 2286 2140 2344 exeunte
2188 2286 2500 2365 august03
2551 2279 2847 2344 dominus
2894 2279 3273 2344 Manfredus
3321 2280 3400 2344 de
3454 2280 3777 2366 Maringo,
3811 2280 4104 2346 Bononie
4153 2282 4276 2346 Po·

640 2392 863 2470 testas,
910 2392 975 2450 et
1019 2385 1315 2450 dominus
1362 2384 1825 2450 Bonacurxsus
1872 2386 1951 2450 de
2002 2385 2364 2468 Surrixina,
2400 2385 2795 2472 Capitaneus
2841 2386 3065 2472 populi
3110 2386 3424 2470 Bononie,
3473 2387 3700 2451 arbitri
3746 2388 3936 2452 electi
3989 2390 4056 2452 in
4104 2410 4275 2455 com-

642 2493 822 2557 muni
864 2493 1208 2558 concordia
1245 2514 1361 2580 per
1393 2493 1722 2557 dominum
1752 2493 1816 2557 N
1820 2493 2141 2558 icholaum
2173 2494 2252 2558 de
2286 2493 2764 2577 Tencharariis,
2799 2493 3136 2579 syndicum
3175 2493 3545 2558 Communis
3592 2494 3906 2578 Bononie,
3940 2497 4274 2562 voluntate

642 2607 708 2666 et
753 2621 1069 2665 consensu
1116 2600 1379 2683 Consili,
1426 2601 1650 2687 populi
1695 2609 1760 2665 et
1807 2600 2178 2665 Communis
2225 2600 2518 2665 Bononie
2566 2622 2650 2665 ex
2698 2622 2832 2665 una
2877 2607 3082 2687 parte,
3117 2608 3182 2665 et
3227 2622 3343 2687 per
3389 2601 3719 2666 dominnm
3753 2602 4122 2667 Gaudinum
4163 2603 4278 2670 Ja-

643 2708 786 2772 cobi
835 2706 1109 2771 66611111
1152 2714 1636 2794 procuratorem
1681 2708 2086 2772 dominorum
2129 2713 2194 2772 et
2225 2708 2649 2791 dominarum,
2683 2709 3016 2773 voluntate
3051 2709 3337 2794 ipsorum
3368 2709 3448 2773 ed
3479 2709 3600 2774 hoc
3632 2710 3998 2795 specialiter
4030 2711 4280 2796 syndici

643 2824 708 2881 et
752 2823 1203 2902 procuratores
1250 2816 1577 2880 constituti
1627 2816 1962 2880 occasione
2009 2837 2343 2881 servorum
2391 2823 2455 2880 et
2500 2816 2906 2900 anzillarum,
2939 2837 3054 2880 seu
3085 2816 3345 2880 illorum
3400 2816 3509 2902 qui
3557 2816 3764 2881 habiti
3818 2825 3966 2882 sunt
4015 2818 4094 2883 de
4141 2841 4278 2883 ma-

641 2923 902 3006 xinatis,
949 2944 1393 3009 possessorum
1439 2929 1504 2988 et
1550 2944 2026 3009 possessarum,
2076 2923 2481 2988 detentorum
2541 2930 2607 2988 et
2667 2924 3110 3006 detentarum,
3159 2945 3432 3010 quorum
3494 2931 3592 2988 est
3647 2933 4025 3011 procurator
4071 2926 4278 2992 dictus

641 3031 937 3095 dominus
985 3030 1342 3114 Gaudiuus,
1393 3052 1665 3117 quorum
1713 3031 1974 3096 nomina
2022 3031 2316 3118 superius
2374 3032 2615 3118 scripta
2662 3038 2832 3114 sunt,
2873 3031 2978 3095 vel
3026 3031 3229 3117 aliqui
3275 3053 3498 3096 eorum
3543 3033 3650 3096 vel
3696 3053 3920 3097 661616
3966 3034 4280 3100 habentes

642 3138 903 3225 plenam
948 3145 1014 3202 et
1058 3138 1330 3202 liberam
1376 3144 1763 3224 potestatem
1809 3138 2187 3221 arbitrandi,
2236 3138 2710 3222 sententiandi,
2758 3138 3105 3222 laudandi,
3149 3138 3485 3224 judicandi
3532 3146 3596 3203 et
3640 3139 4039 3227 precipiendi
4085 3163 4280 3229 super

644 3245 947 3332 predictis
993 3252 1059 3309 et
1104 3245 1170 3308 in
1215 3244 1542 3332 predictis,
1590 3245 1674 3309 ad
1721 3266 1976 3309 omnem
2020 3245 2306 3331 ipsorum
2352 3245 2814 3310 arbitratorum
2860 3245 3283 3329 voluntatem,
3332 3251 3467 3309 tam
3515 3246 3593 3310 de
3641 3247 3844 3312 servis
3892 3254 3956 3311 et
4003 3249 4274 3332 anzillis,

642 3374 758 3418 seu
811 3352 1048 3417 habitis
1107 3374 1224 3439 pro
1278 3352 1626 3416 maxinatis
1696 3353 2049 3418 vendendis
2109 3361 2175 3417 et
2228 3353 2516 3417 emendis
2580 3374 2697 3439 pro
2762 3353 3102 3418 Communi
3156 3351 3449 3418 Bononie
3506 3374 3703 3440 quam
3763 3356 3979 3440 precio
4043 3359 4276 3421 consti-

642 3460 880 3525 tuendo
925 3480 1042 3545 pro
1090 3458 1379 3545 quolibet
1423 3481 1610 3525 servo
1654 3466 1722 3524 et
1766 3460 2024 3543 anzilla‚
2074 3481 2187 3524 666
2236 3460 2457 3524 11611110
2502 3482 2620 3546 pro
2668 3460 3003 3524 maxinata
3049 3460 3133 3524 ad
3191 3481 3445 3524 omnem
3493 3460 3778 3547 ipsorum
3821 3463 4278 3528 arbitratorum
4400 3480 4406 3488 ·

642 3567 1061 3650 voluntatem,
1110 3567 1336 3631 diebus
1382 3566 1631 3632 feriatis
1677 3573 1743 3632 et
1788 3589 1916 3632 11011
1964 3567 2231 3651 feriatis,
2281 3568 2347 3631 in
2409 3567 2663 3653 scriptis
2725 3574 2792 3632 et
2852 3568 2989 3632 sine
3053 3568 3337 3654 scriptis,
3386 3568 3558 3632 omni
3620 3569 4070 3655 solempnitate
4113 3572 4279 3656 juris

642 3676 913 3759 omissa,
983 3675 1249 3758 stando,
1297 3674 1611 3758 sedendo,
1661 3696 1790 3739 una
1834 3680 2018 3761 parte
2062 3682 2361 3762 presente
2409 3682 2474 3740 et
2519 3676 2726 3739 altera
2772 3674 3060 3757 absente,
3111 3674 3264 3738 dum
3310 3681 3526 3739 tamen
3574 3683 3824 3762 cytata,
3861 3685 3932 3740 ut
3980 3685 4277 3743 constant

640 3783 931 3870 predicta
982 3805 1100 3870 per
1165 3782 1695 3870 compromissum
1759 3783 2068 3869 scriptum
2113 3805 2309 3847 manu
2372 3784 2499 3848 mei
2545 3783 2847 3848 Ubertin'i
2895 3782 3160 3866 notarii,
3210 3783 3627 3867 arbitrantur,
3677 3786 4089 3868 sententiant,
4138 3787 4277 3851 lan-

640 3892 817 3975 dant,
866 3891 1152 3956 iudicant
1198 3898 1264 3956 et
1308 3891 1671 3979 precipiunt
1717 3892 1785 3955 in
1830 3892 2154 3957 communi
2199 3892 2562 3974 concordia,
2597 3892 2769 3978 quod
2816 3891 2972 3956 dicti
3019 3891 3260 3955 domini
3306 3897 3371 3955 et
3417 3891 3694 3976 domine,
3729 3914 3845 3957 666
3876 3915 4099 3958 601661
4132 3916 4279 3981 pro-

641 4006 898 4065 curator
945 4005 1010 4063 et
1055 4000 1401 4084 cujuslibet
1445 4020 1669 4064 eorum
1714 4000 2000 4085 legitime
2047 3999 2246 4064 faciat
2286 3999 2457 4065 dicto
2505 3999 2762 4064 domino
2811 3998 3082 4063 Nicolao
3130 3998 3395 4085 syndico
3429 3999 3686 4063 nomine
3719 4000 3874 4065 dicti
3907 4000 4277 4066 Communis

641 4128 757 4171 seu
799 4107 971 4171 dicto
1020 4105 1378 4189 Communi,
1412 4106 1635 4171 datum
1674 4113 1738 4171 et
1782 4107 2219 4171 venditionem
2266 4114 2331 4171 et
2373 4106 2610 4170 iurium
2651 4107 3004 4171 cessionem
3041 4105 3119 4170 de
3152 4106 3443 4191 personis
3493 4116 3628 4170 tam
3674 4129 4006 4172 servorum
4053 4114 4119 4173 et
4163 4131 4278 4174 an-

640 4214 954 4297 cillarum,
988 4235 1103 4278 6611
1149 4213 1517 4279 habitorum
1547 4235 1665 4300 pro
1698 4213 2051 4297 maxinata,
2085 4235 2529 4300 possessorum
2561 4220 2627 4279 et
2657 4235 3120 4300 possessarum,
3155 4213 3562 4278 detentorum
3608 4221 3673 4279 et
3719 4214 4125 4281 detentarum
4163 4240 4279 4304 per

640 4321 844 4387 dictos
890 4321 1181 4386 dominos
1229 4327 1294 4385 et
1339 4320 1653 4403 dominas,
1689 4320 1799 4406 qni
1843 4328 1908 4386 et
1956 4342 2079 4407 que
2127 4321 2347 4407 scripti
2393 4329 2544 4385 sunt
2590 4343 2705 4385 seu
2744 4320 3156 4407 reperiuntur
3205 4321 3270 4384 in
3317 4321 3483 4385 libro
3517 4322 3644 4385 mei
3675 4322 3971 4387 Ubertini
4021 4326 4275 4407 notarii,

638 4428 751 4493 ubi
798 4430 1038 4515 scripta
1083 4434 1234 4493 sunt
1293 4428 1555 4493 nomina
1616 4449 1950 4492 servorum
2004 4434 2070 4492 et
2128 4429 2548 4512 ancillarum,
2598 4449 2713 4493 seu
2775 4428 3257 4492 maxinatarum
3318 4434 3384 4493 et
3450 4429 3799 4515 approbati
3858 4429 4121 4496 fuerunt
4163 4453 4279 4518 per

638 4536 1073 4619 Potestatem,
1123 4535 1550 4621 Capitaneum
1611 4556 1750 4599 esse
1814 4534 1893 4599 de
1953 4534 2323 4618 maxinata,
2380 4542 2446 4601 et
2502 4536 2609 4621 qui
2671 4557 2843 4600 nunc
2906 4534 3206 4599 habitant
3268 4534 3334 4599 in
3365 4535 3656 4601 civitate
3721 4558 3834 4601 seu
3904 4537 4280 4624 episcopatu

639 4642 955 4727 Bononie,
1002 4642 1182 4707 salvo
1230 4649 1295 4707 et
1340 4649 1670 4707 reservato
1718 4642 1874 4729 ipsis
1921 4642 2196 4707 dominis
2239 4649 2305 4707 et
2350 4642 2734 4707 dominabus
2789 4641 2962 4707 omni
2988 4642 3136 4726 jure
3183 4642 3249 4706 in
3296 4642 3565 4728 peculiis
3612 4649 3677 4707 et
3721 4644 3915 4709 rebus
3962 4645 4279 4710 dictorum

639 4772 973 4816 servorum
1018 4757 1083 4816 et
1130 4751 1511 4816 ancillarum
1557 4751 1796 4815 habitis
1844 4772 1960 4837 per
2006 4751 2178 4837 ipsos
2218 4771 2439 4815 servos
2472 4757 2537 4815 et
2569 4751 2841 4815 anzillas
2873 4750 2966 4814 eis
3007 4750 3261 4833 debitis,
3294 4751 3400 4814 vel
3439 4750 3584 4814 aliis
3616 4773 3733 4838 pro
3766 4752 3859 4817 eis
3891 4753 4277 4840 ubicumque

640 4859 1105 4946 reperirentur3
1154 4864 1219 4922 et
1264 4859 1386 4924 hoc
1445 4880 1563 4945 pro
1625 4859 1832 4945 pretio
1894 4865 1959 4924 et
2018 4865 2409 4945 pagamento
2470 4858 2739 4924 inferius
2807 4858 3139 4923 denotato,
3172 4858 3340 4922 Item
3401 4859 3817 4942 arbitrantur,
3866 4861 4277 4942 sententiam,

640 4965 928 5048 laudant,
962 4965 1249 5030 iudicant
1280 4972 1344 5030 et
1376 4965 1738 5052 precipiunt
1788 4967 1855 5029 in
1900 4965 2224 5030 communi
2269 4966 2611 5031 concordia
2658 4965 2831 5051 quod
2880 4965 3234 5031 Commune
3278 4965 3573 5030 Bononie
3621 4973 3918 5031 teneatur
3949 4976 4012 5031 61
4044 4967 4280 5033 debeat

642 5073 905 5138 cuilibet
950 5072 1355 5138 dominorum
1400 5080 1466 5136 et
1511 5072 1937 5157 dominarum,
1985 5073 2120 5137 sive
2182 5095 2407 5139 eorum
2450 5073 2742 5158 legitimo
2805 5073 3232 5160 procuratori,
3281 5072 3365 5137 ad
3410 5073 3797 5138 solutionem
3841 5074 4277 5161 recipiendam

641 5180 1023 5263 ordinatam,
1057 5180 1212 5245 dare
1260 5188 1324 5245 et
1371 5181 1620 5245 solvere
1667 5202 1784 5266 pro
1834 5181 2121 5267 quolibet
2165 5202 2352 5245 servo
2399 5187 2465 5244 et
2511 5181 2767 5263 anzilla,
2818 5180 2929 5267 qni
2962 5184 3028 5244 et
3075 5201 3199 5265 que
3231 5181 3452 5266 scripti
3484 5186 3549 5245 et
3595 5181 3831 5267 scripte
3863 5182 4274 5267 reperiuntur

641 5289 709 5352 in
753 5288 921 5353 libro
965 5288 1094 5352 mei
1129 5287 1432 5353 Ubertini
1478 5288 1731 5371 notarii,
1766 5288 2108 5374 approbati
2137 5295 2210 5353 ut
2241 5309 2438 5375 supra
2477 5287 2719 5353 dictum
2753 5294 2852 5352 est
2897 5308 3013 5374 per
3043 5288 3445 5352 Potestatem
3475 5293 3542 5351 et
3574 5286 4021 5373 Capitaneum,
4055 5287 4278 5353 decem

641 5395 839 5460 libras
885 5396 1370 5461 bononenorum
1415 5416 1532 5481 pro
1582 5395 1871 5482 quolibet
1916 5416 2102 5460 servo
2134 5401 2200 5460 et
2230 5396 2467 5459 anzilla
2499 5395 2985 5482 quatuordecim
3017 5415 3334 5459 annorum
3380 5395 3485 5459 vel
3531 5395 3755 5481 pluris,
3792 5402 3857 5460 et
3890 5403 4030 5460 octo
4077 5396 4277 5460 libras

639 5503 1125 5568 bononenorum
1172 5523 1289 5588 pro
1336 5502 1623 5588 quolibet
1654 5523 1840 5567 servo
1889 5509 1954 5567 et
2000 5502 2237 5567 anzilla
2266 5502 2513 5567 minore
2548 5501 3034 5589 quatuordecim
3065 5522 3424 5585 annorum3
3475 5501 3646 5588 quod
3677 5501 3957 5588 pretium
3988 5503 4277 5567 solvatur

640 5632 758 5697 per
789 5610 1141 5675 Commune
1164 5609 1458 5674 Bononie
1490 5609 1676 5674 dictis
1709 5609 1982 5674 dominis
2007 5615 2073 5674 et
2103 5609 2505 5693 dominabus,
2530 5610 2637 5674 vel
2667 5630 2891 5674 eorum
2921 5609 3344 5695 procuratori,
3378 5609 3445 5673 in
3476 5609 3600 5673 hiis
3632 5609 3839 5674 tribus
3871 5609 4275 5691 terminibus,

642 5717 942 5783 videlicet
987 5717 1195 5803 prima
1241 5716 1432 5780 tertia
1476 5737 1629 5803 pars
1677 5716 1827 5781 dicti
1884 5717 2077 5803 pretij
2140 5716 2426 5781 solvatur
2482 5723 2547 5781 et
2592 5716 2779 5780 detur
2834 5715 3076 5781 eisdem
3139 5714 3312 5781 infra
3374 5715 3618 5803 primos
3688 5722 3965 5801 quatuor
4025 5737 4276 5781 menses

643 5826 797 5890 anni
841 5824 1122 5911 proximi
1166 5824 1368 5888 futuri
1411 5825 1748 5908 currentis,
1799 5846 1968 5890 anno
2014 5825 2256 5889 domini
2301 5825 2641 5890 millesimo
2688 5824 3127 5890 ducentesimo
3192 5823 3725 5911 quinquagesimo
3796 5823 4106 5908 661111111ος
4176 5846 4275 5888 66·

644 5932 854 5997 666(16
907 5953 1062 5996 vero
1122 5931 1314 5995 tertia
1358 5953 1510 6017 pars
1557 5931 1623 5995 in
1672 5932 1817 5995 aliis
1864 5933 2087 6019 primis
2135 5939 2411 6018 quatuor
2458 5931 2786 5996 mensibus
2835 5931 2988 5996 anni
3035 5931 3301 5995 secundi
3356 5930 3671 5995 currentis
3726 5929 4082 6014 MCClviij3
4146 5931 4277 5994 alia

640 6040 832 6104 tertia
874 6060 1026 6126 pars
1088 6045 1153 6103 et
1207 6039 1747 6125 complementum
1792 6039 1984 6126 pretii
2029 6039 2381 6125 supradicti
2426 6039 2493 6102 in
2541 6038 2685 6103 aliis
2734 6046 3012 6125 quatuor
3057 6038 3281 6125 primis
3326 6036 3655 6101 mensibus
3703 6036 3855 6100 anni
3901 6037 4075 6101 tertii
4133 6058 4277 6102 cur-

642 6146 841 6211 rentis
886 6145 1252 6230 MCClviiij.
1285 6145 1454 6210 Item
1497 6146 1670 6232 quod
1714 6146 1994 6233 pretium
2026 6146 2466 6232 supradictum
2498 6146 2817 6211 dictorum
2863 6166 3197 6210 servorum
3226 6152 3291 6210 et
3324 6144 3706 6209 anzillarum
3751 6143 3985 6208 debeat
4023 6145 4178 6230 poni
4211 6145 4276 6209 in

640 6253 1003 6317 Memoriali
1051 6253 1422 6318 Communis
1467 6253 1761 6318 Bononie
1809 6253 2156 6338 cujuslibet
2201 6253 2445 6318 domini
2490 6260 2555 6318 et
2601 6253 2858 6318 domine
2905 6274 3022 6339 per
3069 6274 3173 6335 se,
3222 6251 3314 6316 ita
3360 6251 3533 6338 quod
3579 6251 3704 6338 ipsi
3764 6250 4007 6314 domini
4053 6259 4118 6315 et
4165 6250 4276 6314 do·

642 6360 812 6425 mine
859 6359 1107 6446 possint
1150 6381 1566 6447 compensare
1616 6367 1680 6424 et
1728 6359 1841 6424 alii
1886 6360 1991 6425 cui
2029 6361 2138 6446 jus
2184 6381 2373 6424 suum
2420 6360 2763 6443 cederent,
2812 6366 2878 6424 et
2925 6359 3279 6424 Commune
3340 6380 3486 6422 cum
3533 6358 3625 6422 eis
3652 6406 3669 6440 ,
3740 6363 3875 6421 tam
3939 6378 4085 6422 cum
4153 6357 4276 6421 hiis

642 6469 752 6555 qui
798 6475 1148 6552 cesserunt,
1197 6475 1262 6533 et
1309 6490 1455 6533 cum
1500 6468 1628 6532 illis
1678 6468 1910 6555 quibus
1956 6490 2207 6533 cessum
2252 6468 2421 6532 foret
2465 6468 2600 6533 sive
2634 6474 2785 6532 ante
2833 6468 3004 6532 hunc
3052 6472 3472 6549 contractum,
3507 6465 3642 6530 sive
3692 6471 3856 6551 post.
3906 6464 4074 6529 Item
4106 6466 4278 6551 quod

805 6605 943 6643 1011.
982 6605 1048 6643 11.
1441 6620 1455 6633 -
4071 6590 4115 6639 -7
