5542 7775
1646 664 2108 713 SPEOTANTIA
2163 663 2264 712 AD
2323 661 2836 712 PROFESSORES
2893 661 3104 712 ,1111118
3163 661 3430 711 clvlms
4202 640 4344 709 151

721 822 968 919 nisque
1009 822 1206 918 equis
1246 821 1556 915 munitiS,
1593 819 2156 892 transmittendis
2196 818 2285 890 ad
2325 818 2695 890 servitium
2733 841 3069 889 romanae
3110 816 3310 889 Sedis
3352 841 3477 913 per
3516 825 3660 889 tres
3701 817 4013 912 integros
4052 841 4353 911 menseS,

719 947 1032 1043 quolibet
1071 971 1280 1040 anno,
1316 946 1587 1018 servari
1628 945 1883 1017 debeat
1923 944 2308 1041 primarum
2352 941 2719 1014 literarum
2759 942 3011 1015 forma.
3055 941 3498 1014 Reformatio
3540 950 3778 1013 tamen
3818 941 4027 1037 hujus
4066 941 4358 1038 capituli

716 1072 873 1169 fuit,
924 1072 1111 1169 quod
1169 1072 1261 1144 ad
1317 1071 1750 1143 commodius
1808 1069 2316 1166 praestandum
2374 1067 2900 1165 praedictorum
2958 1067 3271 1163 equitum
3332 1066 3722 1139 subsidium
3780 1066 4148 1139 duodecim
4208 1066 4356 1138 die-

714 1222 874 1270 rum
931 1197 1239 1294 spatium
1299 1196 1828 1268 concederetur.

926 1322 1019 1395 V.
1082 1321 1283 1410 Quod
1344 1322 1414 1392 in
1474 1344 1641 1392 casu
1691 1344 1829 1415 quo
1890 1318 2338 1391 Universitas
2382 1317 2492 1389 vel
2550 1317 2735 1389 illius
2793 1317 3023 1413 major
3079 1342 3244 1414 pars
3301 1343 3344 1390 a
3403 1327 3653 1391 sancta
3711 1317 3890 1391 Sede
3951 1316 4353 1410 rebellaret,

714 1457 886 1520 tunc
943 1446 1509 1540 intelligerentur
1564 1452 1941 1517 revocatae
2009 1467 2253 1515 omnes
2325 1443 2600 1538 gratiae
2674 1441 3239 1516 Bononiensibus
3317 1467 3728 1538 concessae,
3788 1462 3859 1515 et
3934 1450 4182 1515 contra
4237 1467 4356 1514 eos

714 1580 1101 1645 renovatae
1161 1595 1403 1641 omnes
1460 1593 1730 1667 poenae
1788 1569 1860 1641 in
1917 1569 2183 1641 eisdem
2242 1567 2439 1665 puris
2495 1567 2717 1639 literis
2777 1567 3172 1663 impositae.
3234 1568 3844 1657 Quemadmodum
3893 1576 4132 1640 autem
4169 1567 4356 1640 revi-

715 1697 1059 1770 viscentia
1116 1695 1351 1792 quoad
1408 1719 1651 1768 omnes
1708 1703 1779 1767 61
1836 1693 2188 1790 quaslibet
2246 1717 2510 1789 poenas
2565 1693 2635 1764 in
2698 1693 2945 1790 primis
3002 1690 3227 1765 literis
3284 1702 3655 1766 contentas
3711 1693 4068 1766 afficiebat
4113 1717 4356 1789 quem-

716 1822 888 1895 libet
944 1846 1220 1915 casum,
1282 1821 1354 1892 in
1412 1844 1550 1916 quo
1607 1820 2024 1916 cuicumque
2082 1843 2173 1891 ex
2231 1818 2525 1912 triginta
2582 1817 2911 1915 capitulis
2985 1818 3474 1890 verificaretur
3544 1818 4069 1913 contraventio‚
4128 1818 4232 1890 ita
4285 1817 4358 1889 in

714 1947 907 2020 hisce
965 1945 1419 2043 suppletoriis
1475 1944 1700 2017 literis
1757 1944 2162 2017 decernitur
2236 1943 2627 2041 primarum
2699 1941 3069 2015 literarum
3144 1967 3409 2040 poenas
3482 1943 3908 2015 reviviscere
3982 1942 4359 2015 dumtaxat

716 2073 992 2168 quoties
1050 2072 1240 2143 hisce
1301 2070 1643 2168 praefatis
1701 2070 2010 2166 quinque
2069 2067 2396 2166 capitulis
2440 2093 2529 2140 ex
2570 2077 2773 2165 parte
2818 2068 3386 2165 Communitatis,
3431 2092 3555 2141 seu
3594 2092 3685 2140 ex
3724 2068 3877 2165 ejus
3916 2068 4147 2166 culpa,
4190 2092 4357 2141 con-

718 2205 1127 2270 traventum
1184 2196 1421 2269 fuerit.

928 2321 1060 2395 VI.
1122 2320 1230 2393 De
1291 2319 1605 2417 expulsis
1662 2345 1705 2392 a
1761 2320 2073 2413 civitate,
2136 2318 2322 2414 quod
2378 2342 2633 2415 nempe
2691 2319 2827 2415 ipsi
2885 2318 3190 2416 patriam
3247 2320 3543 2392 redeant
3601 2327 3670 2392 et
3738 2318 4098 2416 publicata
4171 2319 4356 2391 bona

715 2458 1176 2545 recuperent,
1240 2446 1619 2519 dummodo
1678 2470 1833 2517 cum
1894 2445 2276 2517 securitate
2353 2443 2662 2516 civitatis
2718 2443 2853 2516 hoc
2909 2444 3073 2540 fiat,
3136 2444 3654 2540 dummodoque
3713 2469 3926 2541 super
3982 2443 4357 2542 publicatis

716 2573 918 2645 bonis
965 2573 1085 2669 jus
1143 2571 1334 2643 tertii
1395 2571 1661 2643 laesum
1718 2594 1858 2642 non
1913 2570 2121 2642 foret.
2184 2569 2435 2658 Quoad
2507 2569 2638 2641 hoc
2719 2568 3116 2665 capitulum
3188 2569 3630 2642 Reformatio
3707 2570 4027 2642 consistit
4102 2569 4172 2641 in
4249 2594 4355 2664 e0,

717 2698 904 2795 quod
962 2698 1279 2794 expulsos
1335 2695 1775 2790 intelligatur
1831 2695 1917 2767 de
1974 2694 2110 2767 illis
2167 2695 2285 2791 qui
2342 2693 2832 2791 expulsionem
2889 2695 3030 2766 sint
3087 2695 3279 2791 passi
3325 2704 3486 2792 post
3536 2695 4077 2767 commotionem
4117 2693 4358 2792 populi

722 2831 969 2896 contra
1025 2821 1404 2916 Legatum,
1448 2821 1776 2916 quodque
1836 2820 2431 2917 quemadmodum
2488 2820 2733 2892 favore
2792 2820 3259 2917 privatorum,
3304 2820 3404 2892 ita
3443 2820 3661 2892 etiam
3700 2820 3946 2893 favore
3987 2819 4360 2893 Universi-

716 2947 885 3019 tatis
942 2945 1403 3043 particularia
1450 2946 1618 3041 jura
1677 2969 1892 3043 super
1946 2944 2321 3042 publicatis
2377 2945 2580 3017 bonis
2630 2953 3192 3040 reservarentur,
3236 2945 3562 3041 quodque
3615 2945 3899 3017 demum
3951 2945 4357 3017 eorumdem

717 3072 1174 3170 expulsorum
1233 3096 1599 3166 regressus
1656 3071 1745 3143 ad
1819 3072 2121 3169 patriam
2199 3096 2339 3143 non
2415 3072 2672 3144 debeat
2742 3070 3062 3165 admitti,
3124 3080 3472 3167 quatenus
3530 3094 3620 3143 ex
3678 3095 3761 3142 eo
3818 3070 4071 3143 seditio
4127 3070 4360 3142 timeri

720 3197 980 3271 valeat.

928 3322 1100 3394 VII.
1162 3322 1394 3394 Vetus
1452 3320 1842 3418 capitulum
1899 3321 2131 3417 quoad
2191 3320 2687 3417 stipendiarios
2744 3320 3053 3393 civitatis
3111 3329 3290 3416 erat,
3332 3321 3847 3417 praestandum
3903 3321 4054 3393 fore
4094 3321 4183 3392 ab
4224 3319 4359 3393 illis

720 3447 1081 3520 fidelitatis
1134 3447 1615 3544 juramentum
1672 3446 1745 3518 in
1801 3446 2129 3518 manibus
2186 3445 2392 3518 unius
2449 3470 2540 3518 ex
2597 3446 2971 3519 Judicibus
3027 3445 3616 3543 appellationum,
3674 3470 3806 3517 nec
3861 3470 4003 3518 non
4058 3446 4148 3517 ad
4206 3443 4359 3542 pla-

717 3573 934 3645 citum
997 3571 1358 3645 Pontificis
1415 3580 1487 3644 et
1544 3582 1832 3644 sanctae
1892 3570 2095 3643 Sedis
2149 3595 2269 3643 eos
2324 3571 2676 3644 removeri
2734 3595 2977 3668 posse,
3038 3581 3109 3643 et
3164 3571 3235 3643 in
3294 3595 3464 3643 casu
3521 3571 3931 3644 remotionis
3999 3570 4359 3666 eligendos

716 3698 867 3769 fore
924 3696 1099 3769 alios
1155 3705 1445 3769 sanctae
1516 3696 1680 3769 Sedi
1738 3705 1981 3791 gratos
2039 3703 2111 3768 et
2168 3703 2521 3794 acceptos,
2583 3695 2833 3785 Quoad
2890 3696 3024 3768 hoc
3082 3694 3470 3793 capitulum
3528 3696 3934 3768 decernitur
3988 3696 4172 3792 quod
4247 3720 4360 3767 so·
4453 3712 4462 3723 “

715 3822 1073 3896 lummodo
1130 3820 1619 3895 Conestabiles
1679 3821 2029 3894 dictorum
2087 3821 2734 3919 stipendiariorum,
2784 3844 3086 3918 quorum
3142 3820 3437 3918 quilibet
3493 3821 3624 3894 sub
3682 3845 3808 3895 suo
3865 3820 4127 3894 vexillo
4183 3845 4360 3917 qua-

718 3947 1049 4043 draginta
1103 3945 1425 4019 homines
1482 3946 1831 4041 retineat,
1892 3954 2262 4043 praestare
2320 3946 2626 4018 debcant
2700 3970 2941 4018 coram
3016 3970 3155 4019 uno
3226 3971 3317 4020 ex
3375 3946 3750 4020 Judicibus
3806 3946 4362 4043 appellationum

718 4072 1079 4145 fidelitatis
1126 4072 1641 4167 juramentum,
1687 4071 2078 4143 consistens
2118 4072 2187 4143 in
2228 4070 2417 4143 fideli
2455 4070 2744 4143 servitio
2789 4080 3080 4144 sanctae
3122 4071 3346 4168 Sedis,
3390 4073 3460 4143 in
3502 4072 4003 4144 conservandis
4042 4072 4360 4167 ejusdem

710 4197 1022 4293 juribus,
1084 4205 1155 4268 et
1210 4196 1284 4268 in
1342 4195 1772 4292 obligatione
1829 4220 1971 4268 non
2040 4195 2463 4269 admittendi
2518 4196 2590 4268 in
2647 4220 2891 4269 eorum
2964 4197 3379 4269 societatem
3448 4196 3771 4269 homines
3842 4205 4129 4269 sanctae
4200 4195 4365 4269 Sedi

713 4323 1105 4394 indevotos
1150 4322 1262 4394 Ac
1315 4320 1613 4394 ulterius
1661 4321 2172 4418 praescribitur
2228 4320 2531 4393 alterum
2570 4320 2933 4394 fidelitatis
2973 4330 3497 4394 sacramentum
3537 4322 4045 4419 praestandum
4086 4345 4363 4417 quoque

714 4471 866 4520 esse
924 4448 1012 4519 ab
1071 4447 1318 4519 eodem
1375 4446 1629 4519 Judice
1689 4445 2227 4544 appellationis,
2288 4447 2490 4542 cujus
2547 4447 2778 4520 forma
2835 4448 2969 4519 erit
3040 4471 3183 4519 non
3256 4446 3640 4543 recipiendi
3708 4470 3961 4543 nempe
4019 4445 4363 4519 Conesta-

714 4572 892 4646 biles
948 4570 1288 4665 infideles,
1349 4571 1807 4668 infidelesque
1867 4571 2192 4669 privandi
2251 4578 2322 4643 et
2379 4596 2419 4644 a
2479 4572 2767 4644 civitate
2825 4581 2896 4644 et
2954 4571 3279 4644 districtu
3338 4570 3762 4668 expellendi.

928 4697 1138 4770 VIII.
1201 4696 1611 4794 Capitulum
1669 4697 1904 4793 quoad
1962 4696 2253 4769 Judices
2308 4695 2868 4793 appellationum
2925 4704 2997 4771 et
3048 4697 3279 4793 quoad
3338 4697 3748 4770 eorumdem
3795 4696 4363 4793 jurisdictionem

712 4834 784 4895 et
842 4822 1130 4895 modum
1186 4820 1550 4896 electionis
1607 4829 1679 4894 et
1736 4821 2238 4894 nominationis
2296 4822 2367 4893 in
2425 4820 2722 4894 nihilum
2791 4822 3075 4895 differat
3149 4847 3191 4895 a
3270 4822 3501 4894 forma
3574 4821 3644 4893 in
3720 4822 4074 4919 prioribus
4139 4821 4363 4894 literis

710 4957 1081 5022 contenta.

931 5073 1068 5146 IX.
1133 5072 1343 5145 Circa
1398 5073 1805 5170 impositum
1856 5097 2145 5145 censum
2184 5085 2254 5144 et
2291 5073 2478 5146 circa
2518 5073 3021 5169 obligationem
3065 5073 3478 5172 praestandi
3514 5071 3860 5146 auxilium
3900 5072 4366 5146 ducentorum

711 5206 1155 5271 armatorum
1210 5197 1574 5270 hominum
1631 5207 1957 5271 servetur
2014 5223 2291 5294 quoque
2348 5198 2578 5271 forma
2634 5199 2705 5270 in
2763 5198 3011 5296 primis
3066 5197 3290 5271 literis
3339 5197 3806 5296 praescripta,
3849 5197 3920 5268 in
3961 5221 4044 5269 eo
4098 5196 4365 5270 scilicet

715 5323 901 5419 quod
960 5323 1248 5421 respicit
1304 5323 1830 5421 exemptionem
1888 5323 2428 5396 contributionis
2486 5332 2776 5396 sanctae
2826 5323 3026 5397 Sedis
3084 5324 3156 5395 in
3214 5322 3551 5420 parandis
3607 5322 4135 5396 defensionibus
4193 5322 4364 5394 civi-

716 5447 908 5543 tatis,
971 5448 1349 5521 comitatus
1407 5457 1478 5520 et
1536 5448 1898 5521 districtus
1954 5447 2341 5521 Bononiae.
2402 5449 2507 5520 At
2561 5449 2630 5520 in
2691 5448 2827 5521 hac
2884 5456 3088 5546 parte
3146 5449 3350 5521 adest
3407 5445 3737 5520 solemnis
3777 5455 3848 5520 et
3887 5448 4073 5520 seria
4128 5447 4364 5521 decla-

713 5574 919 5668 rati0,
963 5574 1152 5671 quod
1209 5598 1340 5647 nec
1396 5598 1487 5647 ex
1544 5573 1679 5647 hoc
1736 5583 1970 5672 pact0,
2014 5599 2142 5646 nec
2201 5599 2292 5647 ex
2348 5573 2503 5647 aliis
2552 5576 2707 5671 jam
2764 5575 2972 5647 dictis
3027 5583 3153 5647 aut
3209 5574 3397 5646 infra
3454 5573 3770 5647 dicendis
3821 5573 4149 5671 capitulis
4188 5599 4363 5671 pon-

712 5698 930 5771 tificia
994 5698 1293 5772 intentio
1371 5698 1587 5771 fuerit
1644 5698 1715 5770 in
1773 5698 2017 5796 primis
2091 5698 2316 5772 literis
2390 5698 2983 5772 reconciliationis
3058 5698 3438 5772 abdicandi
3510 5723 3636 5772 seu
3710 5696 4006 5772 tollendi
4063 5699 4232 5794 jura
4295 5710 4364 5771 et

716 5823 903 5895 bona
962 5823 1493 5920 Universitatis,
1537 5824 2142 5920 singulariumque
2202 5848 2666 5922 personarum
2724 5824 3125 5921 dominum;
3186 5824 3312 5897 sed
3369 5824 3558 5920 quod
3612 5824 3826 5896 immo
3882 5824 4059 5896 haec
4115 5824 4364 5896 eadem

719 5948 957 6022 omnia
1012 5949 1333 6044 ejusdem
1390 5950 1916 6023 communitatis
1974 5959 2427 6046 remaneant,
2489 5974 2572 6022 ac
2645 5950 2874 6023 eidem
2948 5951 3442 6045 restituantur,
3504 5950 3883 6023 dummodo
3940 5950 4026 6022 de
4084 5959 4368 6024 caetero

708 6073 1225 6170 jurisdictionis
1284 6075 1482 6168 origo
1540 6099 1622 6146 ac
1680 6073 1866 6149 illius
1923 6075 2255 6148 effectiva
2310 6076 2661 6172 possessio
2719 6101 2938 6174 penes
2996 6085 3318 6150 sanctam
3374 6075 3630 6149 Sedem
3689 6084 4125 6149 remaneant.

933 6199 1031 6272 X.
1094 6199 1300 6288 Quod
1354 6199 1543 6273 ultra
1600 6199 1952 6274 actualem
2010 6200 2531 6274 restitutionem
2570 6202 3057 6299 possessioniS,
3099 6226 3223 6274 seu
3262 6201 3465 6298 quasi
3503 6200 3990 6298 possessioniS,
4032 6200 4364 6294 civitatis,

716 6324 1140 6420 comitatus,
1201 6324 1604 6422 districtuS,
1663 6325 2041 6399 ratificatio
2100 6326 2287 6399 intra
2335 6326 2489 6422 jam
2547 6325 2822 6422 dictum¹
2883 6334 3204 6423 tempuS,
3262 6325 3732 6398 kalendarum
3795 6349 4049 6422 nempe
4109 6326 4367 6399 mensis

713 6450 1159 6547 septembris,
1200 6449 1348 6545 fiat,
1405 6457 1475 6522 et
1529 6450 1717 6523 infra
1772 6450 2112 6524 kalendas
2170 6450 2481 6524 octobris
2536 6450 3027 6524 ratificationis
3080 6451 3633 6523 instrumentum
3689 6450 4222 6523 transmittatur
4276 6450 4368 6523 ad

715 6573 1035 6648 Curiam.
