5542 7775
1585 651 2050 702 specuum
2107 651 2210 702 An
2268 651 2781 703 Pnornssonns
2837 651 3048 703 ,111010
3105 650 3372 701 01111110
4146 630 4294 701 155

653 815 922 882 0110100
981 808 1213 882 000011
1267 808 1652 905 Stephani,
1713 818 1786 881 et
1855 808 1942 881 de
2019 807 2104 881 iis
2179 808 2505 882 omnibus
2561 815 2803 882 actum
2866 808 3002 881 fuit
3072 808 3644 882 instrumentum.
3703 807 4123 882 Notandum
4194 820 4302 883 est

652 940 872 1006 testes
929 933 1095 1006 huic
1151 932 1341 1007 actui
1399 942 1813 1031 praesentes
1871 957 2115 1007 omnes
2170 933 2498 1032 patritios
2552 933 2919 1007 Bononiae
2977 933 3217 1029 fuisse,
3258 934 3446 1007 inter
3493 958 3669 1030 quos
3720 933 3950 1007 adfuit
3987 935 4301 1010 Jacobus

651 1058 1010 1155 quondam
1065 1058 1508 1132 Lambertini
1563 1058 1651 1131 de
1706 1058 2054 1133 Bononia.

866 1182 1003 1256 Die
1060 1183 1349 1256 XVIII.
1392 1183 1655 1257 mensis
1712 1185 1997 1279 augusti
2055 1184 2147 1257 ad
2202 1192 2428 1257 totam
2468 1184 2653 1257 diem
2692 1183 2909 1257 XXI.
2954 1182 3238 1257 clausae
3278 1191 3350 1257 et
3387 1191 3680 1281 apertae
3720 1184 4012 1259 fuerunt
4049 1210 4301 1284 supra-

652 1308 885 1381 dictae
945 1317 1221 1406 portae,
1280 1307 1691 1405 factumque
1748 1308 2036 1382 solitum
2091 1309 2668 1383 instrumentum.

868 1433 1002 1506 Die
1059 1433 1350 1507 XVIII.
1413 1434 1732 1531 ejusdem
1787 1435 2082 1529 mensis,
2143 1442 2436 1532 apertae
2495 1441 2567 1507 et
2623 1432 2906 1507 clausae
2963 1434 3254 1507 fuerunt
3309 1443 3686 1531 sequentes
3742 1444 4031 1532 portae:
4095 1445 4303 1535 porta

651 1566 921 1633 stratae
979 1558 1371 1654 Peradelli,
1433 1560 1635 1655 cujus
1694 1561 2022 1633 custodes
2080 1568 2286 1634 crant
2345 1558 2769 1633 Guillelmus
2824 1560 3183 1655 quondam
3240 1557 3560 1654 Cambii,
3621 1558 3856 1633 Lisius
3909 1560 4157 1658 Masii,
4219 1588 4304 1636 ac

652 1683 982 1757 Naninus
1040 1684 1398 1780 quondam
1454 1684 1844 1782 Friderici3
1904 1695 2112 1784 porta
2169 1684 2396 1759 sancti
2451 1683 2751 1780 Felicis,
2813 1684 3016 1780 cujus
3073 1692 3278 1758 erant
3348 1684 3678 1757 custodes
3735 1684 4157 1760 Guillelmus
4215 1690 4302 1763 de

651 1809 902 1907 Reola,
962 1810 1240 1884 Bernus
1301 1811 1385 1883 de
1441 1809 1839 1907 Bologneto
1897 1819 1969 1884 et
2025 1810 2456 1884 Laurentius
2511 1810 2821 1907 Baldini‚
2864 1810 3054 1884 cives
3110 1810 3617 1906 bononienses3
3678 1817 3886 1908 porta
3942 1810 4299 1908 Galeriae,

652 1936 854 2032 cujus
912 1936 1242 2010 custodes
1300 1945 1505 2010 erant
1561 1936 1893 2009 Andreas
1950 1936 2245 2031 Jacobi,
2304 1936 2660 2009 Martinus
2717 1934 3032 2033 Philippi
3088 1944 3158 2009 et
3213 1935 3520 2009 Leucius
3576 1935 3824 2032 Gridi,
3883 1943 3955 2009 et
4031 1936 4117 2010 de
4193 1937 4303 2011 his

651 2060 1131 2157 conscriptum
1191 2060 1433 2133 extitit
1489 2059 2066 2133 instrumentum.

866 2184 1001 2257 Die
1059 2185 1472 2282 supradicta
1527 2184 1817 2258 XVIII.
1878 2160 2198 2281 augusti,
2260 2184 2541 2258 clausae
2601 2193 2673 2257 et
2727 2193 3020 2282 apertae
3078 2185 3369 2258 fuerunt
3424 2210 3468 2258 a
3524 2193 3987 2283 procuratore
4043 2185 4307 2259 Nuncii

654 2309 1024 2408 apostolici
1078 2319 1456 2407 sequentes
1512 2322 1784 2408 portae,
1828 2335 2082 2408 nempe
2123 2319 2330 2408 porta
2387 2311 2595 2405 burgi
2651 2310 2738 2383 de
2794 2309 3245 2406 Mascarella,
3286 2319 3495 2409 porta
3543 2319 3812 2384 stratae
3870 2313 4096 2385 sancti
4154 2313 4302 2386 Do·-

653 2437 844 2532 nati,
906 2446 1113 2534 porta
1169 2444 1439 2510 stratae
1498 2437 1728 2509 sancti
1785 2435 2048 2509 Vitalis
2104 2445 2176 2510 et
2233 2444 2442 2534 porta
2507 2436 2717 2531 burgi
2772 2443 3044 2508 strat-ae
3100 2435 3419 2532 Majoris.
3477 2436 3572 2509 Et
3629 2436 3763 2510 1100
3819 2437 4005 2509 1ἀοῑο
4064 2453 4301 2513 actum

652 2562 788 2635 fuit
846 2562 976 2635 sub
1039 2561 1289 2634 diebus
1347 2561 1562 2633 XIX.
1607 2569 1678 2634 et
1734 2561 1912 2635 XX.

869 2688 988 2760 Ad
1044 2686 1178 2759 hoc
1227 2693 1306 2759 ut
1376 2687 1938 2783 recuperationis
1996 2685 2287 2759 dominii
2335 2711 2551 2783 penes
2591 2695 2912 2760 sanctam
2955 2686 3207 2759 Sedem
3247 2686 3437 2759 aliud
3477 2686 3883 2760 invincibile
3920 2688 4302 2762 resultaret

650 2820 1177 2907 argumentum,
1219 2812 1350 2884 sub
1392 2811 1504 2884 die
1541 2810 1675 2885 IV.
1721 2811 2007 2905 augusti
2044 2810 2370 2884 Nuncius
2409 2810 2839 2908 apostolicus
2877 2835 2951 2884 se
2993 2810 3291 2884 contulit
3330 2811 3420 2883 ad
3460 2811 3805 2909 palatium
3843 2821 4050 2885 vetus
4088 2812 4299 2887 Com-

656 2938 888 3010 munis
945 2937 1356 3031 Bononiae,
1417 2937 1485 3008 in
1565 2960 1704 3032 quo
1753 2937 1874 3032 jus
1949 2936 2271 3009 redditur
2327 2943 2399 3009 et
2466 2960 2741 3009 merum
2799 2946 2870 3009 et
2934 2936 3241 3008 mixtum
3311 2935 3688 3035 imperium
3756 2961 3841 3010 ac
3901 2938 4304 3033 jurisdictio

654 3071 1117 3157 exercentur3
1176 3062 1412 3158 ibique
1471 3062 1966 3159 praesentibus
2022 3062 2393 3135 Potestate
2451 3070 2524 3135 et
2581 3086 2841 3157 magna
2899 3069 3102 3159 parte
3175 3062 3684 3135 advocatorum
3756 3087 3842 3135 ac
3898 3063 4304 3137 officialium

650 3188 962 3261 omnium
1023 3188 1254 3260 dictae
1311 3187 1646 3282 civitatis,
1706 3212 1835 3284 pro
1894 3185 2246 3260 tribunale
2306 3188 2595 3281 sedenS,
2655 3193 2736 3260 111
2793 3187 2914 3260 ubi
2971 3187 3232 3260 dicitur
3286 3187 3378 3259 ad
3435 3186 3788 3260 banchum
3848 3212 3973 3261 seu
4030 3190 4302 3262 discum

654 3313 825 3387 Ursi
899 3320 1356 3407 consuetum,
1420 3320 1858 3408 protestatus
1932 3312 2067 3385 fuit
2143 3313 2396 3409 cuique
2470 3311 2649 3386 velle
2716 3313 2838 3407 jus
2903 3312 3203 3386 reddere
3276 3337 3361 3385 ac
3434 3311 3609 3385 alios
3684 3320 3887 3386 001110
3957 3313 4304 3409 juridicos

652 3463 1011 3533 exercere,
1056 3446 1267 3535 prout
1323 3437 1627 3535 principi
1681 3444 1752 3510 et
1808 3437 2092 3511 domino
2151 3438 2512 3534 competit,
2555 3438 2792 3534 ibique
2851 3437 3177 3534 Syndicis
3233 3446 3304 3511 et
3361 3428 3944 3535 procuratoribus
4002 3464 4300 3514 consen-

654 3563 1017 3660 tientibuS,
1076 3561 1229 3634 fieri
1288 3561 1580 3634 mandat
1637 3585 1850 3658 super
1906 3560 2041 3634 hoc
2095 3570 2262 3634 actu
2319 3560 2681 3659 publicum
2737 3562 3312 3635 instrumentum.

864 3689 1138 3761 Eadem
1197 3687 1308 3759 die
1363 3687 1496 3759 IV.
1553 3686 1874 3782 augusti,
1935 3687 2201 3760 virtute
2277 3686 2702 3760 facultatum
2778 3687 2912 3760 sibi
2984 3712 3026 3760 a
3096 3686 3486 3761 Benedicto
3543 3687 3719 3761 XII.
3780 3712 4298 3785 concessarum,

653 3814 891 3914 plures
948 3837 1323 3913 processus
1381 3812 1783 3886 criminales
1841 3813 1926 3886 de
1984 3813 2253 3887 recenti
2309 3813 2681 3888 inchoatos
2737 3813 2925 3887 idem
2981 3812 3306 3887 Nuncius
3364 3813 3693 3912 complet,
3753 3839 3838 3888 00
3892 3839 4038 3889 una
4094 3815 4301 3889 simul

653 3939 1109 4038 quamplures
1163 3964 1323 4013 reos
1380 3939 1722 4037 capitales
1777 3939 2109 4034 absolvit,
2167 3938 2484 4035 aliosque
2541 3940 2991 4036 condemnat,
3051 3964 3135 4012 ac
3182 3940 3452 4035 judicio
3509 3938 3699 4013 civili
3755 3949 4121 4014 curatores
4178 3942 4304 4014 mi-

653 4066 943 4139 noribus
1000 4064 1392 4161 constituit,
1435 4065 1725 4138 decreta
1781 4065 2267 4138 contractibus
2324 4065 2714 4162 interponit
2768 4073 2841 4139 et
2889 4065 3281 4138 sententias
3319 4065 3614 4163 profert,
3658 4065 3744 4138 de
3782 4066 4040 4162 quibus
4078 4067 4303 4140 omni-

653 4193 785 4264 bus
840 4191 1059 4264 series
1113 4190 1185 4262 in
1243 4190 1432 4264 dicto
1490 4190 1963 4264 instrumento
2019 4190 2347 4265 habetur.

868 4317 1013 4389 Sub
1070 4316 1316 4388 eodem
1376 4340 1563 4389 anno
1620 4315 2051 4389 MCCCXL.
2114 4316 2226 4389 die
2284 4317 2495 4390 VIII.
2558 4317 2867 4412 augusti,
2919 4317 3109 4390 idem
3171 4317 3498 4390 Nuncius
3554 4316 3985 4415 apostolicus
4044 4326 4115 4391 et
4171 4318 4303 4391 Ni-

655 4440 894 4516 colaus
949 4442 1035 4514 de
1094 4440 1401 4515 Saliceto
1457 4442 1794 4538 syndicus
1846 4441 2213 4515 Bononiae
2270 4466 2345 4515 se
2404 4442 2781 4515 conferunt
2834 4443 2908 4515 in
2955 4466 3240 4516 cassaro
3277 4467 3401 4516 seu
3441 4443 3623 4515 turri
3662 4443 4036 4540 principali
4075 4445 4304 4517 sancti

652 4566 952 4640 Joannis
1008 4566 1082 4638 in
1135 4566 1526 4662 Persiceto,
1587 4567 1966 4639 comitatus
2025 4576 2096 4640 et
2153 4567 2516 4640 districtus
2571 4566 3048 4662 bononiensis,
3090 4568 3327 4664 ibique
3384 4567 3765 4663 assignatis
3821 4566 4104 4641 Nuncio
4162 4568 4304 4640 cla-

654 4693 861 4765 vibus
915 4691 1134 4764 turris
1189 4700 1261 4764 et
1317 4692 1557 4788 castri,
1616 4692 1802 4764 idem
1862 4691 2187 4765 Nuncius
2243 4692 2516 4765 inhibet
2572 4693 2792 4765 Petro
2847 4691 2989 4765 filio
3048 4693 3404 4790 quondam
3455 4692 3756 4765 ,1000010
3814 4692 3900 4765 (10
3968 4692 4299 4790 Caviciis,

655 4816 1012 4912 clavigero
1070 4826 1141 4889 et
1197 4817 1475 4890 custodi
1530 4818 1939 4915 praedictae
1998 4818 2237 4914 1111110,
2297 4843 2385 4890 00
2444 4817 2748 4915 amplius
2805 4817 2880 4890 in
2936 4817 3187 4891 eadem
3244 4842 3318 4891 se
3375 4817 3678 4913 ingerat,
3730 4818 3802 4890 in
3860 4818 4014 4914 ejus
4069 4818 4303 4891 locum

657 4942 1067 5040 deputando
1123 4942 1543 5037 Zogalinum
1599 4943 1957 5039 quondam
2002 4943 2271 5038 Zogoli,
2315 4943 2541 5016 civem
2581 4942 3111 5039 bononiensem,
3155 4943 3269 5016 cui
3307 4941 3542 5017 claves
3582 4943 3848 5017 cassari
3887 4944 4299 5041 consignat3

655 5067 894 5142 claves
950 5092 1121 5141 vero
1179 5068 1396 5141 castri
1453 5069 1577 5142 dat
1633 5070 1905 5142 Jacobo
1946 5070 2305 5165 quondam
2343 5068 2732 5165 Francisci,
2775 5069 3119 5142 massario
3158 5069 3477 5165 ejusdem
3532 5069 3690 5164 loci,
3731 5093 3775 5142 a
3815 5068 4069 5164 quibus
4097 5069 4301 5166 jura·
4408 5108 4412 5114 v

656 5202 892 5267 mento
950 5192 1312 5266 fidelitatis
1368 5202 1682 5291 recepte,
1726 5203 1875 5266 tam
1931 5195 2018 5267 de
2072 5217 2379 5290 0000010,
2421 5203 2567 5267 1010
2626 5195 2712 5267 de
2771 5202 3006 5268 castro
3063 5218 3278 5291 quam
3333 5194 3420 5266 de
3479 5193 3663 5267 villis
3720 5194 3948 5267 sancti
4003 5194 4305 5267 ,1000010

652 5321 724 5392 10
780 5318 1178 5414 Persiceto,
1239 5329 1615 5416 praesente
1675 5327 1747 5392 et
1804 5320 2290 5392 consentiente
2349 5320 2681 5417 SyndicO,
2743 5320 3263 5418 possessionem
3319 5320 3533 5417 capit.

869 5443 1005 5517 Die
1062 5444 1200 5517 IX.
1243 5444 1430 5516 idem
1486 5445 1725 5540 agitur
1782 5445 1854 5516 in
1906 5453 2142 5518 castro
2194 5453 2448 5518 vocato
2488 5444 3024 5518 Crevalcorium
3064 5454 3135 5518 01
3174 5444 3356 5517 turri
3395 5445 3736 5541 ejusdem,
3777 5469 3861 5518 ac
3900 5445 3999 5518 ibi
4033 5457 4305 5519 remoto

655 5570 1029 5643 Petruccio
1085 5569 1287 5642 Berti
1345 5569 1613 5643 Clarini
1670 5571 1757 5644 de
1816 5570 2163 5665 Bononia,
2214 5570 2664 5668 capitaneum
2724 5570 2957 5644 dictae
3015 5570 3234 5643 turris
3291 5578 3363 5644 et
3419 5570 3661 5666 castri,
3716 5569 3915 5666 eligit
3969 5570 4304 5644 Mirolum

654 5696 1011 5792 quondam
1068 5695 1479 5769 Vencturae
1540 5697 1886 5791 tinctoris,
1946 5696 2174 5769 civem
2228 5697 2772 5792 bononiensem,
2834 5696 3039 5793 eique
3099 5694 3337 5769 claves
3391 5704 3764 5793 portarum
3819 5696 3989 5769 dicti
4044 5696 4302 5793 castri,

617 5813 869 5919 'super
924 5821 1179 5916 quibus
1238 5829 1472 5894 turres
1529 5822 1871 5917 existunt,
1931 5822 2273 5917 assignat,
2334 5831 2405 5895 et
2461 5821 2761 5896 aliarum
2822 5831 3192 5921 portarum
3248 5822 3486 5895 claves
3541 5821 3764 5894 tradit
3819 5821 4122 5895 Alberto
4176 5846 4305 5918 ga-

652 5947 883 6021 staldo
940 5947 1026 6020 de
1085 5946 1564 6044 Crevalcorio,
1622 5950 1964 6022 massario
2023 5949 2194 6021 dicti
2251 5949 2491 6044 castri,
2552 5958 2624 6021 et
2680 5950 2771 6022 ab
2831 5949 2932 6022 eis
2990 5948 3274 6022 solitum
3329 5948 3585 6045 recipit
3632 5947 4145 6044 juramentum.

866 6073 1139 6146 Eadem
1197 6074 1333 6168 die,
1374 6073 1564 6147 idem
1613 6075 1715 6147 sic
1768 6074 1838 6146 in
1880 6084 2114 6148 castro
2171 6074 2627 6147 Nonantulae
2667 6099 2752 6148 ac
2789 6075 2972 6147 turri
3010 6099 3201 6148 nova
3238 6071 3613 6173 principali
3653 6097 3737 6147 ac
3772 6073 4050 6146 fortiori
4086 6073 4307 6170 ipsius

655 6198 873 6272 castri
943 6198 1315 6273 Dandolus
1368 6200 1725 6295 quondam
1781 6200 2081 6273 Joannis
2139 6201 2224 6273 de
2283 6200 2614 6295 Caviciis,
2674 6199 2990 6296 claviger
3048 6208 3119 6273 et
3175 6207 3414 6273 custos
3479 6198 3700 6271 turris
3757 6206 3829 6271 et
3883 6197 4130 6293 castri,
4191 6222 4304 6270 re-

652 6329 1004 6419 movetur,
1065 6332 1137 6395 et
1192 6321 1479 6417 eligitur
1535 6324 1852 6397 Joannes
1911 6324 2267 6420 quondam
2341 6323 2879 6397 Bartholomaei
2950 6324 3332 6420 Andreae,
3393 6323 3569 6397 civis
3637 6321 4134 6416 bononiensis,
4194 6321 4307 6393 cui

656 6446 893 6520 claves
951 6446 1237 6543 dantur,
1297 6471 1382 6520 ac
1437 6447 1618 6521 aliae
1677 6447 1914 6521 claves
1971 6458 2341 6546 portarum
2401 6449 2572 6522 dicti
2627 6448 2886 6545 castri,
2946 6472 3161 6546 super
3218 6472 3395 6545 quas
3451 6456 3686 6521 turres
3741 6469 3886 6519 non
3940 6445 4299 6540 existunt,
