5542 7775
1615 680 2081 730 SPECTANTJA
2139 680 2242 729 AD
2299 677 2810 729 Pnomssomzs
2867 678 3078 730 sums
3133 678 3485 728 66666161
4213 658 4357 732 183

897 832 1056 897 Post
1090 833 1207 897 hec
1242 833 1533 920 prefatus
1558 831 1921 920 Episcopus
1956 854 2106 897 suos
2141 832 2292 896 fecit
2325 831 2673 913 codicillos,
2699 831 2988 916 ejusdem
3022 830 3258 895 notarii
3280 851 3475 894 manu
3508 832 3778 917 scriptos
3809 831 3874 894 in
3905 826 4019 895 ΜΟ.
4048 826 4164 896 cc⁰.
4191 825 4356 916 lvij⁰,

721 940 1068 1004 indictione
1101 940 1412 1026 predicta,
1441 939 1543 1004 die
1575 961 1746 1005 nono
1779 948 2061 1004 exeunte
2095 960 2314 1003 mense
2347 938 2674 1003 februario
2708 937 3097 1024 supradicto.
3125 937 3202 1001 In
3238 938 3471 1024 quibus
3504 937 3669 1002 inter
3701 946 3915 1003 cetera
3949 938 4358 1025 infrascripta

720 1046 1036 1133 disposuit
1081 1069 1197 1133 per
1245 1047 1362 1110 hec
1411 1047 1648 1111 verba:
1682 1046 1850 1110 Item
1899 1068 2045 1111 cum
2092 1046 2330 1110 dixerit
2377 1045 2585 1109 dictus
2624 1044 2984 1132 Episcopus
3018 1045 3082 1108 in
3115 1065 3232 1108 suo
3266 1051 3674 1128 testamento,
3709 1045 3880 1131 quod
3912 1045 3966 1109 si
3998 1044 4358 1132 Episcopus

723 1156 1089 1220 avinoensis
1137 1177 1467 1220 successor
1515 1177 1669 1219 suus
1732 1155 1966 1241 aliquis
2033 1162 2203 1219 esset
2259 1154 2595 1239 negligens
2659 1153 2723 1217 16
2786 1152 3081 1217 tenendis
3128 1152 3487 1217 scolaribus
3535 1153 3708 1239 apud
3769 1153 4165 1236 Bononiam,
4213 1175 4357 1241 per·

716 1262 1012 1326 venirent
1061 1261 1233 1326 dicta
1282 1262 1547 1348 poderia
1594 1283 1709 1326 seu
1754 1261 1923 1326 dicte
1971 1262 2410 1347 possessiones
2458 1260 2541 1324 ad
2590 1267 2884 1325 sanctum
2932 1258 3319 1324 Michaelem
3366 1259 3446 1324 (16
3493 1259 3782 1342 Buscho,
3832 1260 3911 1324 de
3959 1260 4190 1346 quibus
4237 1260 4370 1347 ipsi*

718 1370 983 1433 Fratres
1030 1377 1327 1434 tenerent
1373 1377 1514 1434 octo
1564 1370 1867 1434 scolares.
1915 1369 2001 1433 Et
2048 1370 2103 1433 si
2151 1369 2273 1455 ipsi
2320 1376 2535 1433 essent
2582 1368 3007 1454 negligentes,
3055 1369 3469 1455 pervenirent
3515 1369 3805 1455 predicta
3853 1368 3936 1432 ad
3992 1369 4361 1455 Capitulum

721 1478 1088 1541 avinoensis
1150 1477 1463 1559 Ecclesie,
1513 1477 1684 1563 quod
1739 1484 2069 1541 teneretur
2117 1475 2332 1540 facere
2398 1475 2557 1540 illud
2620 1476 2812 1540 idem.
2869 1475 2955 1540 Et
3015 1476 3068 1539 si
3133 1497 3355 1540 omnes
3416 1476 3688 1563 predicti
3747 1476 4190 1541 invenirentur
4253 1497 4361 1540 66-

720 1585 1077 1670 gligentes,
1129 1585 1553 1650 commissarii
1614 1584 1969 1648 venderent
2033 1584 2206 1670 ipsas
2268 1584 2748 1670 possessiones,
2797 1589 2862 1647 61
2927 1583 3214 1670 precium
3274 1582 3734 1648 distribuerent
3793 1584 3961 1648 inter
4022 1606 4361 1671 pauperes.

722 1692 1060 1757 Dictorum
1109 1693 1574 1778 negligentiam
1624 1691 2078 1756 determinavit
2134 1692 2274 1778 ipse
2338 1690 2699 1778 Episcopus
2746 1711 2864 1777 per
2920 1690 3392 1755 commissarios
3454 1712 3604 1755 suos
3666 1690 3902 1756 debere
3961 1691 4267 1778 reputari,
4318 1691 4371 1754 si

717 1799 1077 1887 Episcopus
1127 1801 1374 1864 steterit
1422 1821 1537 1885 per
1586 1821 1827 1863 annum
1876 1799 2047 1885 quod
2096 1820 2223 1863 non
2274 1805 2496 1863 teneat
2542 1797 2826 1863 scolares
2875 1798 2940 1862 in
3000 1796 3227 1863 Studio
3289 1798 3671 1863 bononiensi
3731 1805 3795 1862 et
3858 1806 3950 1863 tot
4012 1806 4168 1885 quot
4228 1799 4365 1885 ipse

717 1914 988 1972 testator
1037 1908 1329 1972 instituit.
1366 1907 1549 1971 Idem
1597 1906 1762 1971 dixit
1809 1906 1889 1970 de
1936 1912 2160 1970 sancto
2212 1905 2535 1971 Michaele
2583 1905 2663 1969 de
2715 1904 2977 1969 Buscho
3024 1912 3090 1969 et
3136 1905 3294 1968 illud
3337 1903 3508 1969 idem
3554 1903 3634 1969 de
3682 1904 3980 1992 Capitulo
4013 1906 4366 1990 avinoensi,

720 2023 793 2080 61
854 2016 1240 2101 quicumque
1304 2036 1421 2101 per
1469 2035 1710 2078 annum
1757 2013 2009 2078 steterit
2060 2014 2231 2099 quod
2300 2034 2427 2078 non
2484 2013 2767 2077 tenuerit
2814 2012 3141 2078 scholares
3203 2018 3303 2076 tot
3358 2019 3512 2097 quot
3558 2012 3880 2077 ordinavit
3926 2019 4215 2096 testator,
4262 2013 4366 2078 vel

718 2123 799 2187 ad
848 2123 1059 2186 minus
1107 2143 1244 2205 sex,
1281 2122 1623 2207 negligens
1669 2120 2022 2203 habeatur3
2085 2130 2150 2184 et
2198 2120 2450 2208 possint
2488 2120 2912 2205 commissarij
2945 2119 3293 2206 procedere
3342 2119 3425 2183 ad
3470 2118 3956 2184 distrahendum
3995 2120 4260 2207 poderia
4306 2128 4370 2185 et

716 2229 1233 2294 distribuendum
1278 2229 1568 2315 precium
1618 2230 1782 2292 inter
1829 2249 2170 2315 pauperes,
2218 2234 2289 2292 ut
2332 2227 2574 2292 dictum
2621 2235 2738 2292 est.

895 2336 1148 2402 Deinde
1197 2358 1343 2401 cum
1391 2357 1577 2400 casus
1626 2337 1761 2400 sive
1814 2336 2104 2401 condicio
2156 2335 2447 2401 evenerit
2494 2334 2816 2400 vendendi
2863 2334 3036 2399 dicta
3082 2333 3349 2420 poderia
3389 2343 3453 2399 et
3485 2336 3778 2422 precium
3813 2335 4240 2401 distribuendi
4273 2358 4372 2400 se-

718 2444 998 2509 cundum
1062 2443 1332 2508 formam
1399 2443 1553 2507 dicti
1615 2444 1983 2508 testamenti
2046 2450 2112 2507 et
2179 2441 2620 2508 codicillorum
2681 2442 3149 2529 predictorum,
3200 2443 3351 2528 quia
3412 2442 3539 2506 illis
3609 2442 4008 2530 temporibus
4074 2442 4371 2507 Studium

722 2551 957 2616 defecit
1004 2551 1327 2633 Bononie,
1377 2549 1491 2615 sed
1554 2551 1836 2614 maxime
1887 2551 2039 2636 quia
2104 2550 2345 2637 prefati
2402 2550 2709 2636 Episcopi
2755 2570 3157 2614 successores
3219 2550 3318 2614 sui
3382 2557 3446 2614 et
3508 2561 3862 2615 conventus
3922 2551 4228 2615 Fratrum
4288 2550 4367 2614 de

720 2657 980 2723 Buscho
1044 2665 1108 2722 61
1172 2658 1449 2744 denique
1511 2657 1878 2743 Capitulum
1930 2658 2283 2722 avinoense
2334 2657 2694 2721 successive
2740 2656 3146 2741 negligentes
3193 2656 3457 2722 fuerunt
3518 2658 3583 2721 in
3639 2658 3997 2744 elegendis,
4047 2659 4370 2722 transmit·

720 2765 930 2830 tendis
977 2788 1053 2830 ac
1102 2764 1396 2830 tenendis
1444 2764 1633 2829 dictis
1681 2765 2085 2828 scholaribus
2137 2764 2429 2829 Bononie
2479 2763 2561 2828 ad
2607 2763 3029 2846 studendum,
3079 2764 3315 2828 nedum
3361 2787 3478 2852 per
3525 2786 3767 2828 annum
3829 2766 3942 2829 sed
4005 2766 4200 2830 etiam
4254 2787 4371 2851 per

723 2874 939 2960 plures
985 2894 1188 2937 annos
1236 2881 1587 2958 antequam
1639 2871 1937 2935 Studium
1989 2871 2291 2936 deficeret
2337 2872 2401 2934 in
2451 2871 2711 2936 civitate
2751 2870 3067 2955 Bononie,
3104 2872 3275 2957 quod
3309 2882 3534 2959 postea
3566 2880 4018 2959 recuperatum
4050 2874 4191 2955 fuit,
4224 2895 4367 2960 pre-

724 2980 842 3044 fati
893 2979 1316 3064 commissarij
1368 2979 1659 3044 volentes
1708 2980 1943 3065 exequi
1989 2979 2320 3043 testatoris
2354 2979 2784 3061 voluntatem,
2819 2979 3064 3044 scilicet
3110 2980 3263 3044 dicti
3308 2979 3498 3044 Prior
3542 2979 4032 3045 Predicatorum
4064 2988 4128 3044 et
4162 2979 4370 3045 Guar-

728 3090 958 3154 dianus
992 3088 1334 3171 Minorum,
1371 3109 1517 3151 cum
1549 3087 1716 3150 alius
1752 3087 2230 3151 commissarius
2264 3086 2568 3173 predictis
2603 3086 2934 3151 intendere
2968 3108 3095 3152 666
3127 3095 3345 3173 posset
3377 3088 3757 3175 exequendo
3803 3087 4114 3174 predicta,
4146 3088 4368 3153 habito

726 3205 941 3263 tamen
989 3197 1168 3283 prius
1217 3195 1520 3260 conscilio
1570 3196 1633 3258 in
1684 3195 1939 3280 scriptis
1987 3195 2275 3280 plurium
2309 3194 2696 3282 prudentum
2730 3195 3017 3258 virorum
3058 3195 3580 3281 jurisperitorum
3614 3196 3894 3260 civitatis
3941 3195 4255 3279 Bononie,
4288 3216 4372 3260 an

723 3302 983 3390 procedi
1030 3308 1247 3388 posset
1296 3300 1376 3364 ad
1424 3301 1667 3364 dictam
1708 3301 2203 3383 vendictionem,
2238 3307 2303 3365 et
2351 3301 2443 3364 eis
2494 3300 2898 3365 concorditer
2929 3301 3412 3366 consulentibus
3460 3300 3721 3387 procedi
3767 3322 3955 3387 posse
4002 3302 4083 3365 ad
4131 3301 4369 3365 dictam

726 3410 1197 3492 venditionem,
1245 3408 1674 3472 vendiderunt
1720 3416 2055 3495 tamquam
2104 3408 2528 3493 commissarij
2592 3408 2765 3472 dicta
2811 3407 3081 3495 poderia
3125 3408 3335 3473 Paulo
3390 3408 3469 3472 de
3517 3408 3945 3491 Tencarariis,
3993 3410 4164 3496 patri
4216 3409 4371 3474 dicti

727 3518 994 3598 Thome,
1041 3516 1214 3580 bona
1260 3515 1387 3579 fide
1442 3536 1559 3601 pro
1607 3516 1824 3601 precio
1876 3515 2393 3601 octingentarum
2439 3515 2753 3579 librarum
2799 3514 3308 3598 bononenorum,
3350 3516 3522 3602 quod
3567 3522 3719 3580 tunc
3767 3537 4037 3581 comune
4083 3516 4370 3604 precium

724 3626 1086 3708 videbatur,
1120 3625 1461 3712 ipsumque
1495 3625 1783 3710 precium
1816 3631 2199 3710 receperunt
2236 3623 2751 3688 distribuendum
2788 3624 2958 3689 inter
2989 3646 3329 3711 pauperes,
3362 3624 3671 3711 illudque,
3707 3632 3778 3689 61
3823 3625 4123 3708 creditur,
4159 3624 4370 3689 distri-

725 3734 1003 3798 buerunt
1050 3731 1405 3796 secundum
1456 3731 1729 3796 formam
1779 3731 1933 3795 (11611
1983 3731 2386 3812 testamenti3
2422 3752 2616 3817 super
2657 3731 2892 3817 quibus
2923 3730 3271 3818 poderibus
3305 3732 3441 3818 ipse
3475 3732 3718 3797 Paulus
3751 3740 3815 3797 et
3846 3733 4054 3797 dictus
4088 3733 4371 3797 Thomas

728 3842 869 3926 ejus
915 3840 1085 3905 filius
1133 3839 1265 3904 suis
1313 3840 1617 3926 expensis
1666 3839 1868 3904 multa
1915 3838 2406 3904 melioramenta
2453 3838 2763 3904 fecerunt.

902 3948 1042 4022 Que
1094 3946 1401 4028 venditio,
1451 3945 1913 4011 conscideratis
1960 3946 2286 4032 predictis,
2322 3945 2605 4011 creditur
2650 3946 3039 4033 processisse
3087 3946 3166 4011 de
3209 3948 3378 4032 jure,
3426 3953 3490 4012 et
3537 3952 3890 4011 conventus
3936 3946 4257 4033 predictos
4305 3947 4370 4010 in

730 4054 1011 4140 aliquem
1058 4060 1382 4135 eventum,
1432 4053 1568 4116 sive
1615 4052 1696 4116 (16
1739 4053 1886 4136 jure
1934 4053 2341 4138 processerit,
2391 4051 2527 4116 sive
2575 4073 2732 4135 non,
2783 4073 2911 4117 uon
2959 4053 3163 4117 teneri
3212 4053 3292 4117 de
3340 4053 3646 4140 predictis
3693 4051 3962 4117 reddere
4008 4053 4369 4135 racionem,

731 4182 877 4225 cum
924 4160 1121 4224 nichil
1170 4159 1455 4246 ipsorum
1505 4159 1763 4223 nomine
1812 4167 2072 4244 gestum
2119 4159 2333 4241 fuerit,
2385 4179 2503 4223 nec
2563 4157 2644 4222 ad
2705 4179 2817 4222 eos
2863 4157 3107 4224 dictum
3153 4160 3440 4246 precium
3488 4160 3881 4247 pervenerit,
3930 4180 4048 4224 nec
4094 4159 4222 4223 sint
4267 4159 4373 4223 vel

730 4269 972 4333 fuerint
1017 4268 1335 4332 dictorum
1381 4267 1794 4354 poderiorum
1841 4268 2058 4354 aliquo
2118 4274 2409 4353 tempore
2457 4288 2897 4354 possessores3
2945 4268 3232 4353 prefatos
3296 4275 3513 4333 tamen
3564 4268 3964 4351 venditores,
4013 4290 4138 4355 (166
4202 4289 4372 4333 com-

734 4376 929 4440 missa
974 4375 1235 4458 fuerint,
1283 4375 1339 4438 si
1384 4375 1698 4458 viverent,
1743 4395 1868 4439 non
1919 4381 2196 4460 negatur
2244 4374 2451 4439 teneri
2495 4374 2574 4438 de
2620 4373 2927 4461 predictis
2974 4375 3245 4440 reddere
3293 4377 3640 4460 racionem,
3674 4377 3728 4440 si
3777 4375 4141 4440 distributio
4174 4376 4374 4462 precii

731 4482 903 4547 facta
951 4504 1077 4547 non
1128 4483 1373 4547 fuisset.

910 4591 1060 4677 Ipse
1107 4599 1326 4656 autem
1374 4590 1657 4654 Thomas
1705 4589 1963 4654 videtur
2012 4592 2217 4655 eciam
2266 4611 2393 4654 non
2440 4591 2681 4672 teneri,
2730 4613 2878 4657 cum
2923 4591 3096 4657 bona
3150 4591 3275 4655 fide
3339 4592 3567 4656 emerit
3612 4599 3798 4679 pater
3844 4592 4019 4676 ejus,
4067 4599 4133 4655 et
4178 4591 4373 4677 longo

738 4706 1024 4785 tempore
1065 4698 1442 4785 possederit,
1477 4698 1848 4763 continuato
1896 4705 2188 4784 tempore
2235 4698 2438 4785 patris
2485 4698 2605 4782 sui,
2651 4706 2717 4764 et
2762 4698 3053 4786 precium
3099 4699 3364 4764 solverit
3410 4707 3596 4786 pater
3641 4700 3803 4783 ejus,
3844 4706 3916 4763 ut
3963 4707 4214 4765 constat
4259 4720 4374 4785 per

732 4807 1065 4894 publicum
1110 4808 1603 4870 instrumentum
1651 4813 1716 4870 et
1762 4813 2015 4870 constat
2061 4805 2507 4871 vendicionem
2554 4806 2695 4871 fieri
2739 4807 3026 4894 potuisse
3075 4807 3432 4872 rationibus
3480 4807 3841 4872 antedictis.

905 4916 1217 4979 Dicentes
1265 4915 1484 4996 etiam,
1518 4935 1664 4978 cum
1709 4916 2075 4979 reverentia
2122 4922 2362 4996 tamen,
2397 4915 2569 5001 quod
2616 4915 2921 5000 objicitur
2966 4915 3045 4980 de
3093 4915 3385 5003 deposito
3434 4917 3596 4980 alias
3643 4916 3814 4981 facto
3861 4938 3977 5004 per
4010 4922 4363 4982 conventus

727 5023 806 5088 (16
854 5023 1214 5108 quantitate
1263 5022 1781 5107 octingentarum
1831 5022 2175 5104 librarum,
2226 5023 2563 5087 occasione
2622 5023 2912 5109 predicta
2975 5045 3102 5088 non
3166 5024 3497 5106 obstante,
3549 5024 3700 5109 quia
3757 5045 3884 5088 non
3939 5024 4062 5088 fuit
4121 5024 4364 5089 factum

724 5129 965 5194 dictum
1013 5129 1375 5216 depositum
1422 5150 1538 5216 per
1586 5130 2059 5194 commissarios
2106 5130 2212 5216 qui
2257 5130 2399 5215 jam
2445 5138 2631 5195 erant
2678 5131 2942 5214 mortui,
2991 5138 3057 5196 et
3101 5132 3410 5217 precium,
3460 5131 3614 5195 dum
3657 5132 3971 5214 viverent,
4020 5132 4362 5197 distribue-

726 5245 875 5303 rant
920 5237 1303 5302 auctoritate
1351 5236 1506 5301 dicti
1552 5238 1942 5320 testamenti,
1979 5259 2095 5302 666
2143 5238 2350 5302 eciam
2406 5238 2648 5302 factum
2697 5238 2820 5303 fuit
2865 5246 3194 5326 tamquam
3242 5239 3321 5304 de
3369 5239 3585 5326 precio
3627 5239 3709 5303 ad
3744 5261 3854 5304 eos
3886 5247 4217 5327 pervent0,
4253 5239 4367 5304 sed

738 5345 944 5410 solum
993 5344 1238 5409 factum
1285 5344 1405 5408 fuit
1451 5351 1716 5430 propter
1746 5344 2082 5409 evitandos
2114 5344 2428 5431 quosdam
2458 5366 2817 5431 processus,
2851 5367 2935 5411 ex
2967 5347 3200 5433 quibus
3232 5346 3385 5411 dicti
3416 5353 3790 5430 conventus,
3825 5369 3970 5411 cum
4000 5348 4364 5412 reverentia

732 5460 951 5516 tamen
998 5451 1394 5533 facientium,
1444 5451 1729 5515 indebite
1779 5451 2222 5537 gravabantur
2266 5452 2602 5517 occasione
2650 5453 2975 5539 predicta,
3041 5454 3151 5540 qui
3216 5453 3383 5519 velle
3444 5453 3792 5539 procedere
3840 5453 4228 5519 videbantur
4282 5455 4362 5518 ad
4409 5463 4410 5466 ’

728 5558 1239 5624 interdicendum
1285 5559 1566 5642 eosdem,
1600 5560 1725 5623 nisi
1770 5559 1953 5623 fieret
2000 5559 2362 5645 depositum
2395 5560 2856 5646 supradictum,
2891 5567 2981 5644 ut,
3015 5560 3154 5647 ipso
3202 5561 3493 5648 deposito
3540 5560 3713 5626 facto
3769 5561 3848 5625 de
3890 5563 4058 5647 jure,
4093 5582 4361 5626 excusa-

731 5666 904 5731 tione
952 5674 1017 5730 et
1063 5665 1437 5730 defensione
1487 5666 1773 5752 ipsorum
1823 5674 2253 5731 conventuum
2300 5666 2555 5753 plenius
2598 5667 2947 5750 videretur,
2981 5667 3398 5732 nihilominus
3446 5668 3528 5732 ab
3575 5690 3799 5734 eorum
3844 5669 4249 5756 processibus
4281 5669 4364 5733 ad

728 5773 1201 5837 sanctissimum
1249 5780 1499 5859 patrem
1549 5787 1838 5838 nostrum
1885 5773 2216 5838 dominum
2277 5773 2526 5861 Papam
2590 5796 2706 5861 pro
2768 5783 2952 5861 parte
3014 5774 3331 5840 dictorum
3397 5782 3829 5841 conventuum
3883 5776 4098 5840 extitit
4143 5777 4363 5862 appel·

730 5881 954 5944 latum.

904 5988 1120 6062 Quare
1155 5987 1557 6075 supplicatur
1589 5988 1918 6052 humiliter
1950 5988 2324 6074 paternitati
2358 5996 2570 6053 vestre
2603 5989 2888 6075 predicte
2921 6011 3037 6076 pro
3071 5998 3254 6077 parte
3287 5990 3603 6055 dictorum
3636 6000 3989 6055 conventus
4022 5998 4086 6055 et
4118 5990 4364 6055 Thome

730 6094 1023 6182 predicti,
1065 6104 1384 6181 quatenus
1432 6095 1736 6180 dignetur
1780 6102 1996 6160 vestra
2044 6097 2400 6182 paternitas
2447 6097 2527 6161 de
2576 6103 2792 6161 vestra
2838 6097 3028 6161 solita
3076 6097 3418 6162 clementia
3464 6104 3529 6162 et
3575 6098 3976 6184 benignitate
4023 6120 4138 6185 per
4185 6097 4363 6161 audi·

731 6208 902 6267 tores
949 6209 1218 6285 vestros,
1258 6201 1364 6266 vel
1410 6203 1593 6285 alios,
1642 6203 2004 6267 examinari
2051 6203 2265 6268 facere
2308 6206 2460 6288 jura
2507 6204 2832 6291 predicta,
2882 6212 2946 6269 et
3007 6227 3136 6270 non
3183 6205 3319 6291 pati
3368 6205 3537 6291 quod
3599 6206 3724 6292 ipsi
3779 6206 3880 6270 vel
3929 6206 4095 6270 alter
4140 6226 4362 6269 eorum

728 6331 812 6374 ex
858 6309 1161 6396 predictis
1209 6309 1492 6375 indebite
1541 6317 2001 6396 aggraventur.
