5542 7775
1472 664 1934 714 SPECTANTIA
1970 665 2071 714 An
2113 665 2328 715 Pnon.
2368 664 2610 737 rmn,
2651 664 2951 715 HUMAN.
2994 665 3139 715 ΜΤ.
3182 662 3277 713 ΕΤ
3316 662 3587 712 THEOL.
4187 641 4333 710 241

2462 1135 2589 1202 III.

2069 1452 2078 1458 .
2186 1392 2381 1473 1272,
2427 1390 2468 1452 5
2515 1388 2871 1455 novembris,

1565 1640 1670 1704 Ex
1718 1648 1871 1705 tom.
1919 1639 2245 1704 XXVIII.
2300 1639 2445 1704 cod.
2493 1640 2644 1725 dipl.
2691 1639 2860 1704 Eccl.
2906 1639 3081 1722 bon„
3131 1661 3303 1704 num.
3352 1639 3547 1708 XL..

890 1893 1244 1979 Gregorius
1270 1942 1285 1957 .
1316 1942 1330 1958 .
1360 1943 1375 1957 .
1404 1892 1631 1976 [X.](l)
1664 1892 1973 1956 fratribus
2019 1891 2427 1976 Hieronijmo
2474 1892 2553 1956 de
2599 1891 2859 1975 Esculo,
2909 1891 3297 1978 Raymundo
3345 1891 3768 1977 Berengarij,
3816 1891 4216 1978 Bonagratie
4264 1891 4344 1956 de

710 2008 933 2066 sancto
978 2001 1280 2066 «Iohanne
1326 2001 1393 2064 in
1437 2000 1780 2064 Perseceto
1828 2006 1892 2063 et
1938 1998 2397 2063 Bonavcnture
2444 1998 2524 2063 de
2571 1998 2863 2085 Mugello
2911 1999 3264 2085 apostolice
3316 1998 3502 2063 Sedis
3554 1999 3820 2083 nuntijs.

892 2109 1054 2174 Cum
1101 2129 1216 2173 vos
1249 2109 1332 2172 ad
1366 2107 1778 2193 magnificum
1811 2107 2020 2171 virum
2053 2106 2499 2192 Paleologum‚
2535 2107 2989 2192 imperatorem
3023 2105 3378 2171 Grecorum
3412 2107 3747 2186 illustrem,
3781 2127 3926 2171 cum
3961 2107 4194 2171 nostris
4226 2107 4347 2171 snb

712 2225 889 2282 certa
935 2216 1144 2280 forma
1189 2215 1422 2280 litteris
1468 2214 1882 2296 destinemus,
1931 2215 1999 2278 in
2045 2215 2278 2300 quibus
2340 2215 2507 2279 inter
2572 2221 2788 2278 cetera
2835 2214 3197 2279 continetur
3244 2221 3315 2277 ut
3360 2214 3416 2277 si
3461 2214 3655 2295 velit,
3703 2213 3785 2278 ad
3833 2215 4347 2300 prosecutionem

714 2325 970 2389 illorum
1019 2324 1099 2388 de
1147 2323 1379 2409 quibus
1428 2323 1490 2387 in
1540 2322 1781 2386 eisdem
1828 2322 2059 2386 litteris
2107 2321 2341 2405 agitur,
2377 2328 2526 2384 ante
2573 2320 2883 2385 indictum
2931 2342 2971 2384 a
3018 2321 3201 2386 nobis
3249 2322 3553 2406 generale
3602 2322 3942 2386 concilium
3973 2322 4081 2386 vel
4111 2322 4176 2385 in
4209 2322 4347 2409 ipso

712 2432 983 2499 concilio
1046 2432 1364 2496 solemnes
1426 2430 1851 2517 apocrisarios
1900 2429 1982 2493 ad
2032 2450 2146 2494 nos
2193 2430 2434 2512 mittat,
2484 2450 2564 2493 ne
2612 2429 2833 2493 forsan
2880 2428 3050 2493 idem
3095 2430 3445 2515 imperator
3491 2450 3560 2492 se
3608 2428 3976 2513 hujusmodi
4025 2431 4348 2516 apocrisa-

714 2541 843 2606 rios
890 2540 1235 2604 securitate
1283 2560 1409 2603 non
1457 2537 1681 2602 habita
1727 2537 2058 2602 commode
2107 2537 2360 2600 mittere
2411 2558 2535 2600 non
2584 2558 2795 2622 posse,
2845 2543 3165 2618 causetur,
3212 2535 3397 2600 vobis
3446 2537 3762 2620 omnibus,
3810 2538 3914 2601 vel
3960 2537 4187 2619 tribus,
4236 2545 4349 2602 aut

712 2648 963 2712 duobus
1010 2668 1095 2711 ex
1140 2646 1360 2727 vobis,
1410 2646 1463 2709 si
1511 2644 1792 2730 reliquos
1840 2644 2135 2730 impediri
2183 2644 2545 2727 contingat,
2595 2643 2989 2707 concedendi
3035 2643 3275 2708 eisdem
3323 2643 3732 2729 apocrisariis
3780 2645 4192 2709 securitatem
4239 2668 4348 2709 ve-

715 2754 931 2819 niendi
978 2753 1062 2818 ad
1109 2753 1342 2818 Sedem
1390 2752 1832 2839 apostolicam,
1881 2752 1972 2816 ibi
2018 2751 2332 2833 morandi,
2381 2758 2446 2814 et
2494 2750 2727 2814 exinde
2776 2750 2859 2813 ad
2907 2752 3169 2837 propria
3216 2751 3546 2835 redeundi,
3581 2759 3771 2837 prout
3817 2752 4106 2816 videritis
4153 2773 4348 2838 expe-

713 2861 870 2945 dire,
906 2862 1165 2948 plenam
1210 2866 1275 2924 et
1320 2859 1593 2923 liberam
1641 2859 2024 2924 auctoritate
2072 2859 2466 2944 presentium
2514 2858 2922 2922 concedimus
2969 2858 3368 2922 facultatem.
3406 2857 3764 2923 Securitate
3806 2859 4174 2943 hujusmodi
4207 2868 4348 2924 tan-

711 2968 1040 3032 tummodo
1086 2988 1291 3052 usque
1339 2966 1424 3030 ad
1468 2966 1709 3030 dictum
1756 2966 2099 3029 concilium
2147 2965 2477 3030 duratura.
2527 2965 2630 3029 Ex
2677 2974 2830 3029 tunc
2878 2966 3084 3047 enim,
3127 2966 3182 3029 si
3230 2966 3656 3052 apocrisarios
3703 2968 3875 3053 ipsos
3925 2967 4007 3031 ad
4054 2967 4347 3032 eamdem

716 3075 950 3141 Sedem
994 3075 1217 3139 venire
1264 3074 1672 3159 contingerit,
1721 3073 1814 3138 eis
1862 3095 2057 3160 snper
2102 3074 2224 3137 hoc
2274 3073 2474 3138 Sedes
2521 3074 2750 3137 eadem
2797 3074 3051 3159 plenius
3100 3074 3483 3160 providebit.

889 3181 1134 3245 Datum
1181 3180 1353 3267 apud
1401 3180 1936 3245 Urbemveterem
1986 3181 2170 3245 nonis
2220 3181 2606 3264 novembris,
2654 3182 3065 3268 pontificatus
3115 3182 3313 3246 nostri
3363 3203 3532 3246 anno
3580 3184 3806 3269 primo.

2474 3610 2590 3675 IV.

2175 3861 2367 3946 1273,
2415 3862 2501 3925 25
2549 3860 2903 3928 novembris,

1591 4113 1696 4176 Ex
1744 4112 1972 4177 eodem
2019 4120 2191 4177 tomo
2245 4113 2390 4176 Cocl.
2438 4113 2590 4197 dipl.
2637 4113 2805 4177 Eccl.
2853 4113 2986 4177 bon.
3013 4163 3030 4196 ‚
3078 4135 3252 4178 num.
3301 4114 3480 4179 XLI.

898 4367 1253 4454 Gregorius
1282 4416 1296 4430 .
1326 4414 1342 4429 .
1372 4414 1386 4429 .
1415 4363 1552 4448 [X]
1573 4365 1650 4428 (2)
1684 4364 1993 4428 fratribus
2039 4363 2441 4449 Hieronymo
2500 4363 2579 4427 de
2625 4361 2865 4428 Esculo
2914 4372 2981 4456 et·
3024 4363 3420 4451 Bonagratie
3483 4365 3563 4430 de
3626 4374 3848 4431 sancto
3909 4368 4210 4433 Johanue
4280 4370 4344 4434 in

715 4478 1057 4541 Preseceto
1106 4474 1367 4539 Ordinis
1413 4473 1718 4536 Fratrum
1764 4470 2108 4535 Minorum.

891 4583 1181 4648 Labores
1228 4587 1475 4645 vestros
1523 4579 1805 4643 humano
1852 4584 2199 4665 pensantes
2249 4576 2509 4660 affeetu,
2543 4578 2628 4642 ad
2667 4599 2782 4642 vos
2830 4587 3094 4666 propter
3139 4601 3249 4644 eos
3282 4581 3485 4644 multa
3516 4582 3958 4667 compassione
3992 4605 4345 4667 movemur,

715 4693 850 4775 sed,
898 4691 1051 4756 dum
1097 4690 1388 4753 levamus
1434 4686 1965 4751 considerationis
2013 4685 2232 4750 oculos
2279 4686 2493 4768 altius,
2543 4693 2607 4749 et
2653 4686 3047 4751 attendimus
3092 4709 3208 4753 vos
3256 4687 3322 4751 in
3370 4687 3543 4752 illius
3589 4690 3850 4754 servitio
3898 4690 4197 4755 laborare
4245 4692 4348 4755 cui

716 4819 1066 4884 numquam
1111 4797 1249 4860 sine
1294 4794 1811 4859 remuneratione
1860 4794 2158 4876 servitur,
2205 4793 2389 4857 vobis
2452 4815 2645 4878 super
2707 4794 2834 4857 illis
2892 4816 3020 4858 non
3084 4794 3452 4859 dubitamus
3513 4797 3727 4881 potius
3789 4797 4346 4882 congaudendum.

715 4907 961 4971 Verum
1007 4926 1135 4968 non
1183 4903 1573 4968 intendimus
1621 4903 1684 4966 in
1733 4902 1972 4966 talibus
2018 4901 2208 4987 plene
2257 4900 2477 4965 doctos
2525 4901 2878 4985 instruere,
2925 4902 3038 4966 sed
3085 4902 3332 4966 hortari
3376 4903 3589 4989 potius
3640 4912 3708 4968 ut
3753 4904 4049 4969 laborum
4102 4907 4352 4990 magni-

712 5014 1002 5078 tudinem
1049 5019 1225 5076 certa
1271 5032 1418 5097 spes
1466 5010 1773 5074 immense
1822 5008 2260 5073 retributionis
2308 5008 2570 5072 alleviet
2616 5015 2680 5072 et
2726 5009 3159 5074 laborantium
3208 5010 3419 5074 zelum
3465 5010 3796 5094 accendat,
3829 5018 3901 5075 ut
3934 5010 4017 5075 ad
4056 5012 4349 5077 obtinen-

716 5122 867 5185 ‹lum
913 5120 1201 5184 votivum
1247 5125 1542 5203 suscepte
1591 5116 2056 5181 commissionis
2103 5116 2348 5178 exitum
2396 5115 2692 5180 laborent
2739 5116 3103 5199 instantius,
3137 5124 3202 5180 et
3248 5117 3303 5181 si
3350 5124 3770 5202 augmentum
3815 5119 4018 5204 possit
4064 5119 4351 5205 ipsorum

716 5227 1079 5294 sollicitudo
1127 5226 1434 5311 recipere,
1483 5224 1791 5288 instantia
1835 5222 2097 5288 maioris
2144 5223 2517 5287 attentionis
2563 5222 2904 5287 intendant
2947 5223 3268 5309 recepturi
3315 5245 3355 5287 a
3399 5223 3700 5308 Domino,
3746 5224 3925 5308 illud,
3975 5233 4048 5290 ut
4089 5235 4348 5313 pretan·

718 5336 911 5421 gitur,
944 5332 1373 5398 inestimabile
1421 5331 1861 5396 retributionis
1909 5329 2268 5394 indubitate
2315 5330 2630 5415 premium
2679 5336 2744 5394 et
2791 5331 3126 5416 apostolici
3176 5330 3416 5395 favoris
3463 5339 3881 5417 augmentum
3920 5333 4185 5418 perinde
4218 5355 4347 5398 non

716 5442 1035 5505 immerito
1081 5440 1385 5505 habituri.
1421 5438 1720 5505 Ceterum
1770 5437 1942 5525 apud
1989 5437 2405 5522 magnificum
2436 5438 2644 5501 virum
2676 5438 3123 5524 Paleologum,
3157 5459 3496 5524 grecorum
3528 5439 3981 5526 imperatorem
4012 5440 4348 5523 illustrem,

716 5571 830 5614 vos
877 5548 1244 5635 specialiter
1290 5547 1533 5611 instare
1581 5546 1877 5610 volumus
1934 5552 2006 5608 ut
2066 5566 2213 5609 cum
2266 5545 2398 5608 suis
2445 5546 2690 5630 nuntijs
2736 5545 3026 5609 venturis
3074 5545 3156 5609 ad
3204 5544 3562 5611 Concilium
3608 5546 3699 5611 sic
3746 5547 4041 5611 celeriter
4088 5569 4202 5612 vos
4251 5568 4349 5612 re·

683 5657 952 5736 ,mittan
1000 5654 1191 5740 quod,
1239 5662 1501 5719 anctore
1547 5652 1850 5735 Domino,
1898 5652 2106 5717 eidem
2156 5651 2443 5716 Concilio
2489 5652 2747 5738 possitis
2796 5652 3221 5738 personaliter
3267 5653 3600 5718 interesse.

894 5762 1138 5826 Datum
1186 5761 1512 5847 Lugduni,
1561 5762 1833 5847 septimo
1882 5759 2197 5824 kalendas
2245 5759 2624 5842 decembris,
2672 5761 3083 5845 pontificatus
3132 5761 3333 5825 nostri
3380 5782 3549 5825 anno
3597 5761 3899 5826 secundO.

885 6439 962 6504 (l)
1001 6438 1084 6489 Ex
1124 6454 1237 6507 reg.
1272 6437 1317 6489 1.
1358 6436 1523 6506 Greg.
1560 6435 1659 6502 X„
1698 6453 1785 6505 ep.
1823 6440 1911 6502 40,
1950 6436 2046 6488 fol.
2086 6439 2172 6501 62,
2209 6452 2297 6488 an.
2334 6436 2744 6502 MCCLXXII„
2784 6437 2852 6489 V.
2890 6436 3218 6490 novembris.

884 6530 963 6594 (2)
1001 6527 1085 6579 Ex
1124 6544 1237 6596 reg.
1277 6526 1322 6579 1.
1361 6525 1526 6595 Greg.
1563 6525 1663 6592 X.,
1702 6542 1789 6594 ep.
1827 6526 1893 6578 de
1934 6525 2099 6578 Curia
2135 6525 2243 6591 IL,
2281 6526 2377 6579 fol.
2421 6530 2538 6592 107,
2577 6526 3018 6592 MCCLXXHL,
3057 6525 3234 6579 XXV.
3274 6526 3598 6579 novembris.

1096 6738 1232 6775 rou.
1261 6737 1325 6775 11.
4121 6727 4183 6776 31
