5542 7775
1749 1133 3261 1301 MONUMENTA

2224 1469 2784 1535 SPECTANTIA

980 1706 1235 1815 AD
1344 1704 2725 1816 PROFESSORES
2834 1704 4033 1816 MEDICINAE.

2480 2662 2535 2727 Ι.

2183 2876 2375 2959 1199,
2437 2877 2522 2939 31
2564 2875 2835 2940 octobris.

917 3089 1023 3154 Ex
1072 3090 1335 3155 archivo
1384 3090 1591 3154 330011
1635 3088 1908 3153 Joannis
1960 3089 2026 3152 in
2072 3088 2317 3172 Monte,
2366 3110 2533 3153 nunc
2580 3088 2646 3152 in
2692 3088 2855 3152 Tab.
2902 3087 3081 3153 Max.
3128 3090 3312 3171 bon.,
3363 3096 3515 3153 sect.
3560 3115 3589 3147 α
3637 3089 4006 3155 Demam‘ale
4054 3116 4082 3145 »

2153 3217 2326 3260 uum.
2373 3176 2514 3290 ῑέἓ-ὀ,
2564 3195 2703 3260 (100.
2753 3198 2860 3259 55.

4098 3141 4114 3174 ²

870 3412 915 3494 †
966 3412 1046 3476 In
1096 3412 1354 3476 nomine
1402 3419 1622 3475 sancte
1671 3418 1736 3475 et
1782 3410 2109 3474 individue
2143 3409 2496 3474 Trinitatis.
2530 3412 2723 3475 Anno
2754 3409 3020 3475 Domini
3050 3410 3253 3474 nostri
3283 3410 3326 3475 J
3330 3432 3442 3474 esu
3475 3409 3713 3475 Christi
3736 3410 4091 3475 millesimo
4124 3418 4333 3475 cente·

692 3520 854 3583 simo
901 3518 1320 3604 nonagesimo
1369 3538 1561 3601 nono,
1612 3538 1953 3583 romanum
1999 3517 2354 3603 Imperium
2399 3516 2537 3581 sine
2584 3518 2972 3604 imperatore
3006 3517 3323 3581 existente
3340 3516 3439 3600 (1),
3472 3516 3677 3603 pridie
3718 3517 4033 3581 kalendas
4070 3539 4332 3582 novem-

691 3627 845 3710 bris,
884 3626 1231 3692 indictione
1265 3626 1586 3708 secunda,
1621 3625 1791 3690 diem
1825 3625 2021 3710 hujus
2056 3626 2332 3690 labentis
2365 3625 2494 3690 vite
2527 3648 2643 3713 pro
2692 3626 3154 3691 imbecillitatis
3184 3646 3325 3689 mee
3357 3625 3602 3689 viribus
3642 3633 4003 3690 extremum
4021 3626 4130 3709 (2);
4178 3647 4333 3713 qua·

691 3741 952 3821 propter
1000 3755 1121 3819 ego
1171 3733 1432 3819 quidem
1477 3734 1789 3819 magister
1836 3733 2124 3798 «Iacobus
2165 3733 2245 3797 de
2287 3732 2671 3798 Brettenoro
2719 3734 3059 3820 prevenire
3108 3732 3421 3819 cupiendo
3469 3754 3647 3797 meas
3692 3733 3936 3798 scilicet
3983 3755 4086 3798 res
4118 3755 4337 3798 omnes

692 3862 766 3907 ac
814 3841 1250 3929 possessiones
1298 3862 1415 3928 pro
1465 3841 1681 3905 anima
1728 3862 1908 3924 mea,
1960 3846 2025 3905 et
2092 3840 2258 3906 inter
2319 3840 2587 3906 heredes
2650 3862 2726 3907 ac
2778 3841 3167 3927 legatarios,
3217 3838 3352 3904 sive
3400 3840 3957 3906 fideicomissarios
4002 3862 4179 3907 meos
4224 3862 4341 3928 per

691 3949 1233 4035 nuncupationem
1281 3948 1621 4035 disponere
1669 3948 1969 4031 volend0,
2019 3949 2230 4034 primo
2293 3947 2550 4034 quidem
2599 3949 2746 4014 volo
2797 3949 2939 4012 dari
2986 3955 3050 4012 et
3097 3947 3395 4013 distribui
3440 3969 3523 4012 ex
3568 3947 3755 4012 bonis
3816 3949 3975 4012 meis
4022 3970 4061 4012 a
4109 3949 4335 4013 comis-

691 4057 877 4121 sariis
925 4056 1083 4120 meis
1130 4055 1218 4119 lx.
1268 4055 1467 4119 libras
1514 4056 2002 4120 bononenorum
2051 4077 2168 4141 pro
2217 4055 2435 4119 anima
2479 4077 2658 4139 mea,
2708 4063 2782 4120 ut
2828 4056 3096 4119 inferius
3151 4055 3603 4138 declaravero,
3653 4076 3777 4140 que
3824 4055 3914 4119 lx.
3962 4055 4176 4139 l[ibre]
4223 4056 4336 4121 bo·

692 4185 1091 4229 nonenorum
1135 4162 1283 4227 volo
1332 4162 1503 4248 quod
1550 4162 1679 4226 sint
1724 4169 1987 4249 accepte
2039 4162 2118 4225 de
2162 4163 2354 4226 vinea
2401 4184 2548 4226 mea
2593 4163 2672 4227 de
2719 4163 2960 4228 Pozale
3007 4169 3072 4228 et
3119 4161 3198 4227 de
3244 4163 3554 4247 jumentis
3586 4163 3767 4245 meis,
3801 4169 3864 4226 et
3898 4163 4158 4249 insuper
4188 4163 4336 4228 volo

691 4271 833 4335 dari
879 4292 994 4357 pro
1043 4271 1258 4334 anima
1304 4291 1448 4334 mea
1494 4271 1612 4354 xij.
1662 4269 1915 4353 [libras]
1967 4270 2471 4353 bononenorum,
2507 4291 2666 4355 quas
2699 4271 2859 4334 mihi
2898 4270 3137 4335 debent
3183 4269 3501 4334 Monache
3549 4271 3756 4334 sancti
3804 4269 4221 4353 Columbani3
4255 4292 4339 4335 ex

693 4378 925 4465 quibus
973 4379 1088 4463 xij.
1137 4377 1319 4441 libris
1369 4378 1661 4463 relinquo
1708 4377 1996 4464 predicte
2045 4377 2316 4441 ecclesie
2349 4378 2438 4441 xl.
2475 4376 2710 4460 soldos,
2747 4378 3007 4442 domino
3037 4377 3360 4465 Episcopo
3392 4400 3492 4462 x.‚
3529 4377 3871 4442 Canonicis
3914 4377 4122 4442 sancti
4157 4377 4340 4443 Petri

692 4508 757 4549 x.
807 4486 1043 4570 soldos,
1092 4484 1449 4572 presbitero
1497 4484 1751 4570 Algisio
1798 4507 1863 4548 x.
1914 4484 2149 4568 soldos,
2199 4484 2544 4570 unicuique
2592 4506 2676 4549 ex
2724 4484 3075 4550 Conventis
3121 4484 3413 4550 Bononio
3459 4509 3524 4550 x.
3560 4484 3776 4550 soldos
3822 4484 4335 4570 bononenorum,

693 4592 1039 4678 unicuique
1087 4614 1170 4656 ex
1217 4591 1630 4656 Monasteriis
1676 4591 1968 4656 Bononie
2014 4613 2076 4655 v.
2113 4591 2350 4676 soldos,
2399 4592 2759 4678 presbitero
2808 4592 3077 4657 Rustico
3125 4591 3205 4657 de
3251 4598 3475 4657 sancta
3521 4592 3766 4656 Thecla
3812 4614 3873 4656 v.
3908 4592 4144 4676 soldos,
4193 4614 4335 4679 pre-

693 4701 932 4765 sbitero
980 4700 1249 4765 ecclesie
1297 4700 1502 4764 sancti
1547 4699 1686 4764 Viti
1730 4720 1790 4763 v.
1826 4699 2062 4782 soldos,
2111 4699 2516 4786 Petrozoppo
2562 4720 2631 4764 x.
2667 4700 2904 4783 soldos,
2949 4699 3190 4764 Joanni
3236 4721 3351 4764 suo
3399 4699 3571 4764 socio
3618 4722 3680 4765 v.
3725 4701 3960 4784 soldOS,
4011 4700 4334 4764 Celestino

699 4831 760 4873 v.
810 4807 1047 4892 soldos,
1095 4807 1440 4893 unicuique
1486 4829 1570 4872 ex
1616 4808 1765 4870 filiis
1812 4808 1972 4871 meis
2020 4807 2462 4893 spiritualibus
2509 4808 2602 4892 iij.
2637 4807 2872 4891 soldos,
2906 4807 3241 4872 Ardizioni
3284 4829 3350 4872 x,
3385 4807 3620 4891 soldOS,
3667 4809 4013 4893 unicuique
4061 4829 4145 4872 ex
4191 4829 4336 4872 con·

697 4915 899 4979 versis
947 4915 1152 4978 sancti
1199 4913 1481 4978 Victoris
1528 4921 1594 4978 et
1641 4915 1847 4978 sancti
1896 4914 2168 4979 Joannis
2216 4916 2282 4977 in
2328 4913 2589 4998 Monte,
2636 4922 2768 4979 tam
2835 4914 3138 4979 masculis
3200 4935 3395 4999 quam
3440 4913 3734 4998 feminis,
3784 4922 3918 4978 tam
3965 4915 4026 4977 in
4077 4914 4336 4978 civitate

697 5044 888 5108 quam
936 5028 1159 5104 extra,
1209 5021 1300 5107 iij.
1350 5022 1564 5086 soldos
1609 5043 1725 5108 pro
1774 5021 2254 5086 linteaminibus
2321 5021 2627 5087 emendis.
2677 5023 3000 5108 Relinquo
3049 5021 3417 5087 Crucifferis
3464 5044 3576 5085 xx.
3625 5022 3859 5105 soldos,
3909 5022 4174 5086 misellis
4220 5044 4334 5085 xx.

697 5130 931 5212 soldos,
980 5129 1159 5215 ponti
1209 5128 1428 5192 Sillari
1475 5129 1564 5213 iij.
1614 5128 1849 5210 soldOS,
1900 5128 2130 5215 [ponlti
2179 5129 2496 5194 Claderne
2542 5131 2635 5215 iij.
2685 5130 2923 5213 soldos,
2972 5129 3153 5216 ponti
3200 5128 3423 5194 Ydicis
3470 5150 3531 5193 v.
3580 5128 3831 5212 soldos,
3878 5129 4060 5216 ponti
4099 5128 4336 5214 Majori

695 5260 808 5300 xx.
858 5237 1094 5319 soldos,
1146 5236 1329 5323 ponti
1375 5256 1541 5299 novo
1588 5235 1756 5300 Reni
1803 5259 1915 5300 xx.
1968 5236 2203 5318 soldos,
2238 5236 2583 5322 unicuique
2632 5238 2907 5301 aliorum
2955 5237 3266 5323 pontium,
3302 5237 3421 5322 qui.
3458 5244 3606 5301 sunt
3653 5258 3768 5323 per
3813 5243 4082 5300 stratam
4131 5257 4333 5321 usque

698 5343 782 5407 ad
827 5343 1144 5425 Muzzam,
1178 5343 1271 5427 iij.
1306 5342 1521 5408 soldos
1569 5342 1882 5428 relinquo.
1931 5343 2204 5407 Alberto
2254 5344 2470 5430 nepoti
2518 5366 2660 5409 meo
2709 5345 2762 5408 si
2810 5344 3072 5408 redierit
3112 5366 3175 5407 x.
3210 5344 3409 5408 libras
3440 5343 3926 5407 bononenorum
3954 5344 4101 5428 jure
4136 5342 4334 5427 legati

698 5452 845 5537 lego
889 5473 1083 5538 super
1117 5473 1169 5515 c.
1205 5451 1405 5514 libras
1438 5472 1846 5533 veronenses,
1883 5473 2042 5536 quas
2082 5451 2139 5514 ei
2175 5450 2321 5515 dedi
2355 5452 2612 5536 quando
2646 5452 2781 5537 ipse
2814 5452 2932 5515 ivit
2962 5451 3027 5514 in
3061 5449 3549 5532 Alexandriam,
3584 5456 3648 5513 et
3679 5451 3931 5515 lucrum
3962 5450 4335 5514 earumdem

696 5560 757 5624 ei
790 5559 1103 5644 relinquo,
1137 5558 1222 5622 Et
1269 5558 1325 5622 si
1370 5558 1506 5644 ipse
1540 5579 1719 5621 meus
1756 5579 1954 5644 nepos
1988 5558 2250 5622 redierit
2283 5564 2346 5622 et
2380 5556 2653 5641 [mortis]
2681 5564 2969 5644 tempore
3004 5558 3142 5620 sine
3174 5556 3393 5621 liberis
3426 5557 3792 5640 decesserit,
3826 5565 3977 5622 tunc
4012 5558 4156 5621 volo
4191 5579 4334 5643 per-

697 5665 919 5731 venire
954 5665 1141 5748 deeo
1177 5665 1344 5751 quod
1380 5666 1440 5729 ei
1471 5665 1708 5750 legavi,
1741 5687 1806 5729 x.
1835 5665 2036 5729 libras
2068 5687 2459 5729 veronenses
2492 5666 2760 5730 ecclesie
2795 5667 2999 5730 330011
3022 5664 3305 5729 Victoris
3338 5671 3401 5728 et
3434 5664 3702 5729 ecclesie
3735 5666 3940 5729 330011
3965 5665 4007 5729 J
4011 5665 4237 5728 oannis
4271 5665 4335 5728 10

702 5772 942 5837 Monte.
978 5772 1261 5854 Juliane,
1298 5773 1474 5858 nepti
1516 5794 1677 5856 mee,
1711 5794 1770 5836 v.
1808 5772 2007 5836 libras
2059 5772 2544 5836 bononenorum
2593 5773 2760 5857 leg0.
2809 5772 2983 5837 Jtem
3032 5770 3371 5858 [tempore]
3418 5793 3571 5835 vero
3618 5793 3758 5835 mee
3806 5771 4134 5857 sepulture
4185 5821 4200 5835 .
4251 5820 4265 5834 .
4318 5820 4332 5835 .

702 5928 986 5943 .....
1039 5879 1317 5942 debeant
1364 5878 1519 5943 dare
1568 5879 2026 5944 comestionem
2074 5879 2270 5944 totius
2317 5880 2615 5944 conventi
2662 5879 2868 5943 sancti
2913 5878 3196 5943 Victoris
3241 5887 3305 5943 et
3343 5879 3551 5943 sancti
3581 5879 3852 5943 Joannis
3897 5880 3963 5942 in
3996 5878 4237 5961 Monte,
4272 5886 4336 5942 et

701 5985 942 6050 faciant
974 5986 1198 6050 venire
1231 5993 1434 6050 totum
1469 5985 1841 6051 clericatum
1874 5986 2333 6051 bononiensem
2367 5988 2449 6051 ad
2480 6009 2690 6051 meam
2722 5987 3143 6073 sepulturam.
3168 5986 3680 6051 Camaldulensis
3699 5986 3776 6050 (3)
3794 5985 4083 6051 Ecclesie
4116 6009 4181 6050 x.
4209 5986 4334 6050 sol·

699 6093 834 6175 dos,
882 6099 1105 6158 sancte
1156 6091 1365 6158 Marie
1415 6092 1494 6157 de
1541 6092 2025 6159 Roccamadore
2072 6117 2131 6158 v.
2176 6095 2412 6178 soldos,
2446 6103 2665 6159 sancte
2715 6094 3038 6159 Christine
3086 6116 3146 6158 v.
3182 6093 3417 6178 soldos,
3451 6094 3784 6159 Heremite
3818 6095 4025 6158 sancti
4054 6093 4337 6157 Victoris

697 6223 762 6264 x.
813 6200 1048 6284 soldos,
1085 6207 1308 6265 330010
1341 6199 1600 6283 Ma[rie]
1632 6200 1970 6265 Bethleem
2016 6225 2081 6265 x.
2116 6202 2352 6286 soldos,
2383 6203 2739 6289 presbitero
2785 6202 3058 6266 Alberto
3106 6202 3184 6266 de
3235 6201 3612 6267 Castenasio
3658 6225 3724 6265 x.
3767 6202 4002 6283 soldOS,
4035 6200 4217 6287 ponti
4257 6200 4336 6264 de

699 6307 1076 6372 Castenasio
1123 6328 1183 6372 v.
1235 6307 1471 6390 soldos,
1521 6306 1980 6373 Boneventure
2030 6310 2372 6395 corrigiam
2418 6330 2628 6373 meam
2677 6315 3085 6393 argentatam
3132 6310 3447 6394 relinquo,
3496 6309 3779 6394 Ugolino
3824 6308 4174 6395 Raspatori
4220 6330 4335 6372 xx.

858 6538 930 6601 (1,
971 6539 1001 6588 2
1043 6540 1098 6589 et
1137 6539 1192 6603 3)
1231 6537 1336 6589 sic.
