5542 7775
2037 649 2204 700 Jon.
2265 648 2411 699 cnr.
2467 648 2564 698 m·
2621 647 2791 697 cAN.
2853 648 3067 699 Pnon.
4212 631 4361 704 353

731 800 802 871 in
868 825 951 875 eo
1025 810 1385 876 errantem
1442 811 1785 900 sequutus
1839 804 2242 878 Fontanam
2297 805 2447 878 sine
2522 805 2734 879 dubio
2810 813 3026 878 errat.
3086 804 3275 878 Nam
3348 813 3428 878 ut
3497 806 3933 902 ommittam,
3994 831 4154 880 cum
4231 807 4370 882 duo

728 925 995 999 fuerint
1051 926 1505 1023 Macagnani,
1566 927 1750 1001 alter
1805 927 2137 1024 Gregorii
2190 928 2400 1026 filius,
2461 928 2643 1003 alter
2698 929 3141 1025 Bliobarixii,
3199 955 3290 1004 ex
3346 956 3430 1004 eo
3486 930 3693 1004 titulo
3752 932 3915 1004 sciri
3971 957 4113 1005 non
4165 957 4370 1030 posse

730 1052 821 1123 ad
877 1060 1119 1124 utrum
1176 1077 1262 1126 ea
1316 1078 1535 1151 opera
1591 1054 1733 1127 sint
1788 1054 2203 1150 referenda,
2263 1055 2730 1128 certissimum
2802 1065 2910 1129 est
2965 1056 3161 1154 prius
3220 1056 3390 1129 illud
3447 1056 3555 1129 De
3610 1059 3963 1130 communi
4017 1060 4372 1156 opinione,

728 1201 1180 1274 nequaquam
1236 1179 1327 1251 ad
1380 1178 1511 1252 hos
1567 1188 1871 1274 veteres,
1931 1179 2056 1252 sed
2109 1181 2199 1253 ad
2258 1179 2473 1253 alium
2528 1180 3057 1278 Μαοαρηα-ηαηι
3101 1182 3185 1253 de
3222 1181 3658 1280 Azzoyuidis
3695 1182 3772 1255 J.
3836 1181 3914 1256 U.
3957 1182 4052 1256 D.
4096 1183 4371 1257 duobus

729 1299 886 1397 plus
941 1301 1241 1374 saeculis
1296 1303 1761 1400 posteriorem
1817 1304 2063 1398 (cuius
2120 1328 2326 1377 nemo
2404 1328 2589 1377 unus
2659 1313 2910 1379 auctor
2986 1305 3352 1400 meminit)
3409 1305 3807 1403 pertinere;
3868 1307 4057 1403 quod
4134 1315 4206 1379 et
4279 1332 4372 1379 ex

727 1425 950 1523 ipsius
1004 1427 1316 1500 auctoris
1373 1428 1464 1500 ad
1520 1427 2058 1502 Emmanuelem
2114 1428 2535 1502 Filibertum
2593 1429 2994 1503 Sabaudiae
3053 1430 3329 1503 Ducem
3384 1431 3906 1528 nuncupatoria
3961 1431 4261 1528 epistola
4300 1441 4373 1505 et

728 1575 820 1623 ex
875 1553 1319 1649 praefatione
1377 1553 1467 1626 ad
1521 1551 1883 1654 lectorem,
1928 1562 1999 1626 et-
2057 1579 2148 1627 ex
2205 1562 2355 1627 toto
2412 1555 2672 1652 passim
2735 1554 3074 1652 opusculo
3130 1555 3700 1628 manifestissime
3760 1563 3981 1653 patet.
4034 1555 4368 1629 Alterum

729 1701 898 1750 vero
956 1702 1132 1774 opus
1189 1678 1298 1749 De
1351 1678 1874 1775 quaestionibus
1918 1680 2142 1776 juria,
2201 1704 2632 1777 quamquam
2687 1680 2930 1753 videre
2989 1706 3130 1754 non
3187 1681 3573 1778 potuerim,
3614 1681 3923 1755 arbitror
3978 1689 4221 1755 tamen
4275 1683 4367 1756 ad

726 1803 1052 1875 eumdem
1109 1803 1299 1875 hunc
1352 1812 1711 1876 recentem
1767 1804 2294 1900 Macagnanum
2351 1813 2697 1903 spectare.
2758 1805 2924 1878 Non
2983 1806 3171 1879 enim
3245 1806 3490 1880 dubito
3548 1805 3715 1902 quin
3774 1806 4369 1903 quemadmodum

726 1928 1220 2025 typographus
1277 1927 1391 2001 ille
1447 1929 1900 2001 bononiensis
1957 1930 2204 2024 (cuius
2260 1929 2531 2003 nullum
2596 1955 2855 2004 nomen
2921 1931 3351 2029 apponitur)
3406 1931 3479 2003 in
3537 1931 3792 2028 prioris
3850 1932 4083 2029 operis
4157 1931 4367 2006 titulo

726 2051 969 2150 lapsus
1024 2052 1425 2126 Fontanam
1484 2054 1785 2151 decepit,
1846 2054 1947 2126 ita
2004 2055 2217 2127 etiam
2275 2055 2523 2128 fecerit
2580 2055 2652 2127 in
2708 2055 2915 2128 titulo
2973 2056 3409 2153 posterioris.

936 2178 1075 2251 XI.
1135 2177 1383 2251 Placet
1438 2178 1552 2251 hic
1626 2178 1842 2251 aliurn
1917 2179 2288 2253 Fontanae
2362 2204 2674 2253 errorem
2749 2188 3118 2254 annotare.
3182 2180 3380 2279 Opus
3452 2181 3906 2280 inscriptum:
3972 2180 4368 2280 Syntaqma

724 2305 1194 2375 communium
1255 2305 1688 2401 opinionum,
1743 2307 1883 2376 sive
1940 2312 2367 2402 receptarum
2391 2307 2594 2402 juris
2633 2308 2998 2404 utriusque
3033 2309 3540 2379 sententiarum
3578 2315 3713 2380 etc.
3765 2307 3838 2379 in
3895 2332 4033 2404 quo
4089 2306 4369 2379 libellus

725 2426 832 2500 De
886 2428 1241 2502 communi
1293 2430 1618 2526 opinione
1674 2430 2077 2527 exscriptus
2133 2437 2276 2524 est,
2337 2430 2587 2503 tribuit
2643 2429 2756 2503 ille
2814 2431 3132 2504 Antonio
3189 2431 3462 2504 Mariae
3521 2431 3878 2505 Corazzae
3934 2432 4363 2505 cortonensi.

722 2556 826 2625 At
881 2553 1177 2626 fallitur.
1235 2552 1427 2626 Nam
1483 2552 1798 2627 Corazza
1854 2564 2104 2627 auctor
2164 2553 2656 2652 Syntaymatis
2710 2580 2852 2629 non
2909 2564 3059 2652 est,
3121 2557 3243 2628 sed
3301 2581 3481 2629 unus
3538 2581 3630 2629 ex
3688 2557 3770 2629 iis
3827 2582 4126 2653 quorum
4195 2581 4367 2654 opu·

722 2677 920 2751 scula
972 2679 1047 2750 in
1103 2702 1185 2752 eo
1244 2688 1410 2751 sunt
1466 2677 1763 2751 collecta
1819 2705 1862 2752 a
1902 2680 2180 2752 Joanne
2238 2679 2569 2777 Baptista
2626 2680 3004 2776 Regnauld
3059 2705 3229 2754 vero
3283 2680 3830 2779 Syntaymatum
3888 2692 4183 2754 auctore
4241 2706 4364 2754 seu

722 2802 1123 2899 collectore,
1184 2804 1289 2876 uti
1347 2813 1545 2901 patet
1602 2829 1694 2877 ex
1751 2803 2050 2902 epistola
2109 2804 2547 2878 dedicatoria
2602 2815 2673 2878 et
2730 2830 2822 2878 ex
2878 2807 3031 2903 ipso
3089 2831 3324 2903 opere.
3388 2806 3545 2896 Qua
3603 2807 3670 2878 in
3733 2831 3807 2879 re
3864 2807 4192 2880 Fontana
4247 2808 4366 2880 de-

721 2928 909 3026 cepit
962 2929 1179 3001 etiam
1234 2928 1846 3003 Mazzuchellium.

2485 3327 2584 3400 II.

1494 3599 1588 3703 T
1595 3596 2148 3707 HOMAS
2236 3598 2446 3705 DE
2532 3597 3579 3708 MARZALOLIS.

930 3938 1297 4035 Frequens
1353 3938 1564 4010 huius
1621 3945 1729 4010 est
1786 3937 2127 4010 memoria
2185 3937 2256 4009 in
2313 3936 2791 4009 monumentis
2847 3936 3109 4009 nostris
3166 3936 3381 4009 etiam
3438 3937 3567 4009 sub
3613 3936 3750 4009 fine
3791 3935 4053 4010 saeculi
4089 3936 4347 4030 XIII.,

716 4072 930 4160 atque
988 4088 1080 4136 ex
1135 4064 1383 4136 iisdem
1441 4062 1901 4158 intelligimus
1956 4061 2177 4134 filium
2230 4062 2446 4135 fuisse
2486 4060 2860 4156 Bonifacii,
2903 4061 3021 4158 qui
3062 4070 3133 4134 et
3169 4062 3321 4159 ipse
3357 4062 3493 4133 fuit
3530 4061 3768 4157 legum
3809 4063 4096 4159 doctor3
4138 4060 4355 4135 habet

712 4187 900 4260 enim
957 4188 1230 4261 domini
1287 4187 1862 4286 appellationem,
1906 4212 2111 4285 quae,
2153 4196 2233 4259 ut
2287 4196 2535 4260 notum
2594 4196 2724 4281 est,
2767 4186 2934 4260 solis
2974 4185 3207 4281 legum
3248 4186 3766 4284 professoribus
3818 4188 4108 4283 antiquo
4155 4211 4351 4259 more

712 4314 1091 4387 convenire
1148 4322 1453 4411 poterat.
1514 4314 1729 4386 Anno
1784 4311 2302 4385 MCCXCVII.
2363 4312 2678 4385 Thomas
2746 4322 2990 4384 noster
3063 4310 3348 4407 legebat
3404 4313 4013 4408 extraordinarie,
4071 4321 4150 4384 ut
4206 4311 4351 4383 aie-

708 4440 925 4535 bant,
984 4463 1215 4536 neque
1288 4439 1475 4512 enim
1550 4438 1783 4512 adhuc
1850 4439 2099 4512 doctor
2155 4446 2437 4510 creatus
2491 4438 2767 4533 fuerat3
2845 4446 3060 4534 atque
3117 4437 3305 4510 inter
3360 4461 3479 4511 eos
3535 4438 3945 4510 nominatur
3999 4437 4252 4534 quibus
4308 4461 4352 4508 a

708 4589 785 4637 re
840 4563 1131 4637 militari
1188 4563 1302 4637 vel
1357 4565 1444 4637 ob
1502 4572 1813 4637 aetatem
1869 4564 2508 4659 ingravescentem,
2560 4561 2675 4635 vel
2731 4564 2820 4636 ob
2877 4561 3302 4635 imbecillam
3361 4561 3864 4658 valetudinem,
3907 4561 4021 4635 vel
4079 4564 4166 4635 ob
4225 4561 4351 4634 do-

709 4690 915 4763 cendi
968 4688 1285 4763 laborem
1340 4689 1585 4762 feriari
1640 4688 1899 4763 licebat
1928 4686 2030 4762 (¹).
2091 4688 2236 4762 Sub
2307 4689 2463 4786 ipsa
2540 4688 2742 4760 initia
2799 4686 3060 4761 saeculi
3117 4687 3329 4761 XIV.
3389 4688 3722 4761 nimirum
3777 4712 3963 4761 anno
4019 4685 4345 4760 MCCCI.

708 4814 941 4888 adhuc
997 4815 1070 4887 in
1128 4814 1401 4888 Scholis
1458 4815 1758 4888 docebat
1814 4839 1955 4887 non
2025 4820 2392 4910 tamquam
2468 4814 2756 4909 doctor,
2816 4813 2939 4886 sed
3015 4821 3380 4910 tamquam
3456 4814 3938 4910 iurisperitus,
3999 4812 4100 4885 ita
4162 4813 4349 4885 ‘enim

710 4948 1008 5014 vocatur
1061 4940 1135 5012 in
1194 4940 1416 5013 veteri
1474 4940 1723 5012 charta
1781 4939 2052 5036 archivj
2112 4939 2339 5013 nostri
2394 4939 2698 5036 publici,
2758 4939 2830 5011 in
2905 4963 3046 5034 qua
3118 4963 3456 5036 praesens
3526 4939 3787 5011 dicitur
3842 4936 4351 5010 renuntiationi

706 5065 942 5138 factae
1000 5090 1043 5137 a
1101 5065 1384 5143 domino
1441 5063 1785 5138 Bal-tholo
1843 5064 2078 5162 priore
2137 5088 2382 5137 sacrae
2431 5062 2976 5137 camaldulensis
3015 5063 3256 5159 eremi,
3297 5064 3709 5136 monasterii
3750 5070 4038 5136 sanctae
4076 5062 4351 5135 Mariae

708 5190 794 5262 de
852 5189 1148 5263 Ravone
1205 5190 1279 5260 in
1337 5189 1595 5262 vicinia
1649 5189 2013 5262 Bononiae
2073 5188 2208 5260 sito
2266 5196 2474 5261 extra
2530 5197 2837 5286 portam,
2897 5212 3079 5285 quae
3136 5187 3269 5260 Pia
3323 5188 3769 5285 postmodum
3832 5188 4022 5261 dicta
4078 5196 4209 5282 est,
4269 5196 4349 5259 ut

708 5340 870 5387 eum
923 5314 1156 5389 locum
1216 5338 1460 5388 sacrae
1517 5314 1856 5410 Virgines
1911 5312 2303 5386 incolerent
2360 5337 2542 5410 quae
2600 5312 3232 5386 camaldulensium
3304 5313 3649 5387 institutiS
3725 5314 4216 5408 abundarent,
4277 5320 4348 5384 et

707 5439 993 5513 Ordinis
1050 5440 1427 5513 Praefecto
1484 5448 1842 5537 parerent.
1894 5439 2265 5533 Integrum
2326 5438 2412 5511 de
2471 5438 2607 5512 hac
2663 5463 2740 5511 re
2800 5445 3358 5535 monumentum,
3397 5438 3718 5534 ignotum
3758 5438 4162 5511 Annalium
4212 5435 4350 5510 Ca-

706 5565 1256 5638 maldulensium
1314 5564 1747 5660 auctoribuS,
1807 5572 2011 5637 extat
2044 5561 2146 5637 (2).

920 5689 1059 5763 Sed
1114 5715 1300 5764 anno
1355 5688 1756 5763 MCCCIV.
1817 5689 2007 5762 inter
2065 5690 2390 5763 doctores
2448 5696 2780 5786 receptus
2837 5697 2945 5761 est
3002 5688 3315 5762 Thomas
3373 5713 3515 5762 una
3587 5714 3747 5762 cum
3814 5689 4185 5763 Bonifacio
4261 5689 4346 5761 de

706 5814 1092 5887 Gallucciis
1148 5824 1220 5888 et
1274 5815 1612 5888 Mathaeo
1671 5815 1756 5887 de
1815 5812 2307 5887 GandonibuS.
2372 5814 2527 5904 Quo
2584 5838 2698 5886 res
2756 5814 2963 5887 modo
3022 5824 3186 5887 acta
3242 5815 3333 5887 sit
3411 5815 3656 5911 paucis
3729 5814 4202 5909 narrandum,
4263 5838 4346 5885 eo

863 6118 940 6182 (1)
970 6115 1137 6169 Extat
1174 6120 1586 6169 monumentum
1620 6117 1677 6169 in
1704 6117 1826 6168 Lib.
1852 6117 2059 6169 Provis.
2084 6117 2136 6167 A
2161 6118 2218 6183 †‚
2256 6116 2351 6168 fol.
2379 6119 2464 6168 33.
2573 6118 2671 6169 illo
2709 6117 3057 6171 Parthenone
3094 6117 3492 6171 consecrandas
3517 6116 3804 6187 re[liquit].
3831 6116 3942 6167 Res
3971 6118 4087 6166 tota
4113 6118 4238 6166 acta
4264 6116 4348 6166 est

861 6207 939 6272 (2)
977 6205 1061 6257 Ex
1099 6206 1292 6258 eodem
1322 6210 1674 6259 monumento
1702 6210 1890 6259 notum
1933 6205 1990 6257 fit
2029 6205 2271 6258 Thomae
2299 6205 2470 6258 nostri
2577 6209 2633 6260 in
2673 6207 3005 6260 Monasterio
3043 6207 3217 6260 sancti
3258 6207 3532 6272 Damiani,
3562 6208 3705 6277 quod
3744 6206 3921 6259 adhuc
3960 6205 4208 6257 incolunt
4246 6202 4348 6254 Ca-

700 6295 928 6347 sratrem
953 6295 1121 6348 fuisse
1149 6295 1461 6348 Galvanum
1487 6298 1581 6366 qui
1619 6296 1820 6349 ibidem
1848 6298 2047 6351 dicitur
2073 6297 2338 6349 discretus
2362 6295 2465 6362 vir,
2573 6298 2962 6352 maldulenses.
3001 6297 3258 6365 (Scholae
3298 6298 3467 6350 etiam
3493 6296 3769 6350 Tommasi
3795 6296 3861 6348 de
3888 6294 4225 6361 Marzalolijs
4251 6308 4347 6344 no-

700 6384 967 6450 dominus,
995 6388 1051 6436 et
1087 6386 1221 6438 civis
1245 6384 1624 6452 Bononiensis,
1650 6388 1851 6457 quique
1879 6391 2112 6457 quatuor
2149 6385 2289 6439 filias
2328 6387 2459 6439 Phi·
2570 6390 2853 6442 minantur
2889 6388 2945 6440 in
2981 6389 3123 6442 libro
3159 6387 3562 6441 Memorialium
3601 6386 3732 6438 anni
3755 6383 4057 6436 MCCCIII.
4085 6381 4346 6435 Ubaldini

698 6475 926 6544 lippam,
964 6473 1333 6540 Franciscam,
1370 6474 1719 6529 Lixabettam
1771 6481 1827 6529 et
1877 6477 2191 6530 Johannam
2228 6478 2284 6531 in
2323 6496 2464 6533 novo
2575 6477 2793 6546 Savini,
2831 6495 2879 6532 c.
2918 6482 2950 6530 6
2989 6482 3162 6540 retro,
3201 6477 3261 6531 O.
3298 6477 3404 6545 M.)

1006 6703 1143 6741 rou.
1183 6704 1244 6741 11.
4106 6701 4174 6750 45
