<?xml version="1.0" encoding="UTF-8"?>
<!DOCTYPE html PUBLIC "-//W3C//DTD XHTML 1.0 Transitional//EN"
    "http://www.w3.org/TR/xhtml1/DTD/xhtml1-transitional.dtd">
<html xmlns="http://www.w3.org/1999/xhtml" xml:lang="en" lang="en">
 <head>
  <title>
</title>
<meta http-equiv="Content-Type" content="text/html;charset=utf-8" />
  <meta name='ocr-system' content='tesseract 3.04.00' />
  <meta name='ocr-capabilities' content='ocr_page ocr_carea ocr_par ocr_line ocrx_word'/>
</head>
<body>
  <div class='ocr_page' id='page_1' title='image "./declarisarchigy00malagoog_0013.png"; bbox 0 0 5542 7775; ppageno 0'>
   <div class='ocr_carea' id='block_1_1' title="bbox 1759 1182 3272 1349">
    <p class='ocr_par' dir='ltr' id='par_1_1' title="bbox 1759 1182 3272 1349">
     <span class='ocr_line' id='line_1_1' title="bbox 1759 1182 3272 1349; baseline -0.004 -4"><span class='ocrx_word' id='word_1_1' title='bbox 1759 1182 3272 1349; x_wconf 82' lang='lat' dir='ltr'><strong>MONUMENTA</strong></span> 
     </span>
    </p>
   </div>
   <div class='ocr_carea' id='block_1_2' title="bbox 2237 1500 2804 1567">
    <p class='ocr_par' dir='ltr' id='par_1_2' title="bbox 2237 1500 2804 1567">
     <span class='ocr_line' id='line_1_2' title="bbox 2237 1500 2804 1567; baseline 0 -1"><span class='ocrx_word' id='word_1_2' title='bbox 2237 1500 2804 1567; x_wconf 78' lang='lat' dir='ltr'><strong>SPEOTANTIA</strong></span> 
     </span>
    </p>
   </div>
   <div class='ocr_carea' id='block_1_3' title="bbox 1150 1719 3890 1834">
    <p class='ocr_par' dir='ltr' id='par_1_3' title="bbox 1150 1719 3890 1834">
     <span class='ocr_line' id='line_1_3' title="bbox 1150 1719 3890 1834; baseline -0.001 -2"><span class='ocrx_word' id='word_1_3' title='bbox 1150 1723 1384 1832; x_wconf 87' lang='lat' dir='ltr'><em>AD</em></span> <span class='ocrx_word' id='word_1_4' title='bbox 1485 1721 1824 1834; x_wconf 90' lang='lat' dir='ltr'><em>BON</em></span> <span class='ocrx_word' id='word_1_5' title='bbox 1840 1720 2062 1833; x_wconf 83' lang='grc' dir='ltr'><em>ΟΝ</em></span> <span class='ocrx_word' id='word_1_6' title='bbox 2079 1722 2370 1830; x_wconf 84' lang='grc' dir='ltr'><em>ΙΕΝ</em></span> <span class='ocrx_word' id='word_1_7' title='bbox 2383 1720 2710 1831; x_wconf 82' lang='lat' dir='ltr'><em>SEM</em></span> <span class='ocrx_word' id='word_1_8' title='bbox 2811 1719 3890 1830; x_wconf 82' lang='lat' dir='ltr'><strong>AOADEMIAM.</strong></span> 
     </span>
    </p>
   </div>
   <div class='ocr_carea' id='block_1_4' title="bbox 702 2625 4341 3248">
    <p class='ocr_par' dir='ltr' id='par_1_4' title="bbox 702 2625 4341 3248">
     <span class='ocr_line' id='line_1_4' title="bbox 886 2625 4332 2711; baseline 0 -21"><span class='ocrx_word' id='word_1_9' title='bbox 886 2626 1215 2691; x_wconf 85' lang='lat' dir='ltr'><em>Prodromi</em></span> <span class='ocrx_word' id='word_1_10' title='bbox 1259 2628 1382 2690; x_wconf 87' lang='lat' dir='ltr'><em>loco</em></span> <span class='ocrx_word' id='word_1_11' title='bbox 1424 2628 1547 2690; x_wconf 87' lang='lat' dir='ltr'><em>sint</em></span> <span class='ocrx_word' id='word_1_12' title='bbox 1582 2647 1789 2711; x_wconf 86' lang='lat' dir='ltr'><em>pauca</em></span> <span class='ocrx_word' id='word_1_13' title='bbox 1837 2627 2138 2711; x_wconf 77' lang='lat' dir='ltr'><strong><em>quaedam</em></strong></span> <span class='ocrx_word' id='word_1_14' title='bbox 2182 2626 2566 2690; x_wconf 79' lang='lat' dir='ltr'><em>renerandac</em></span> <span class='ocrx_word' id='word_1_15' title='bbox 2609 2627 2997 2711; x_wconf 78' lang='lat' dir='ltr'><em>antiquitatis</em></span> <span class='ocrx_word' id='word_1_16' title='bbox 3039 2633 3431 2690; x_wconf 87' lang='lat' dir='ltr'><em>monumenta</em></span> <span class='ocrx_word' id='word_1_17' title='bbox 3476 2625 3563 2689; x_wconf 88' lang='lat' dir='ltr'><em>ad</em></span> <span class='ocrx_word' id='word_1_18' title='bbox 3607 2632 3881 2689; x_wconf 86' lang='lat' dir='ltr'><em>nostram</em></span> <span class='ocrx_word' id='word_1_19' title='bbox 3910 2625 4068 2689; x_wconf 85' lang='lat' dir='ltr'><em>hanc</em></span> <span class='ocrx_word' id='word_1_20' title='bbox 4097 2626 4332 2690; x_wconf 83' lang='lat' dir='ltr'><em>Acade-</em></span> 
     </span>
     <span class='ocr_line' id='line_1_5' title="bbox 704 2709 4333 2819; baseline -0.001 -21"><span class='ocrx_word' id='word_1_21' title='bbox 704 2709 895 2799; x_wconf 76' lang='lat' dir='ltr'><em>miam</em></span> <span class='ocrx_word' id='word_1_22' title='bbox 938 2736 1290 2819; x_wconf 77' lang='lat' dir='ltr'><em>spectantia,</em></span> <span class='ocrx_word' id='word_1_23' title='bbox 1324 2755 1480 2819; x_wconf 79' lang='lat' dir='ltr'><em>quae</em></span> <span class='ocrx_word' id='word_1_24' title='bbox 1524 2741 1579 2798; x_wconf 90' lang='lat' dir='ltr'><em>et</em></span> <span class='ocrx_word' id='word_1_25' title='bbox 1623 2734 1815 2798; x_wconf 88' lang='lat' dir='ltr'><em>eidem</em></span> <span class='ocrx_word' id='word_1_26' title='bbox 1847 2734 2299 2818; x_wconf 79' lang='lat' dir='ltr'><em>perhonorifica</em></span> <span class='ocrx_word' id='word_1_27' title='bbox 2338 2741 2504 2816; x_wconf 90' lang='lat' dir='ltr'><em>sunt,</em></span> <span class='ocrx_word' id='word_1_28' title='bbox 2537 2740 2590 2798; x_wconf 86' lang='lat' dir='ltr'><em>et</em></span> <span class='ocrx_word' id='word_1_29' title='bbox 2634 2734 2720 2797; x_wconf 87' lang='lat' dir='ltr'><em>ad</em></span> <span class='ocrx_word' id='word_1_30' title='bbox 2748 2734 2920 2798; x_wconf 86' lang='lat' dir='ltr'><em>illius</em></span> <span class='ocrx_word' id='word_1_31' title='bbox 2948 2733 3267 2797; x_wconf 76' lang='lat' dir='ltr'><em>historiam</em></span> <span class='ocrx_word' id='word_1_32' title='bbox 3299 2735 3492 2818; x_wconf 70' lang='lat' dir='ltr'><em>vnaqis</em></span> <span class='ocrx_word' id='word_1_33' title='bbox 3521 2733 3960 2797; x_wconf 81' lang='lat' dir='ltr'><em>illustrandam</em></span> <span class='ocrx_word' id='word_1_34' title='bbox 3978 2733 4333 2818; x_wconf 85' lang='lat' dir='ltr'><em>plurimum</em></span> 
     </span>
     <span class='ocr_line' id='line_1_6' title="bbox 705 2838 4341 2926; baseline -0 -20"><span class='ocrx_word' id='word_1_35' title='bbox 705 2843 1055 2926; x_wconf 82' lang='lat' dir='ltr'><em>conferunt.</em></span> <span class='ocrx_word' id='word_1_36' title='bbox 1093 2841 1396 2906; x_wconf 83' lang='lat' dir='ltr'><em>Dedimus</em></span> <span class='ocrx_word' id='word_1_37' title='bbox 1428 2843 1552 2905; x_wconf 87' lang='lat' dir='ltr'><em>iam</em></span> <span class='ocrx_word' id='word_1_38' title='bbox 1584 2842 1652 2905; x_wconf 90' lang='lat' dir='ltr'><em>in</em></span> <span class='ocrx_word' id='word_1_39' title='bbox 1687 2840 2083 2924; x_wconf 81' lang='lat' dir='ltr'><em>Praefatione</em></span> <span class='ocrx_word' id='word_1_40' title='bbox 2111 2841 2198 2905; x_wconf 88' lang='lat' dir='ltr'><em>ad</em></span> <span class='ocrx_word' id='word_1_41' title='bbox 2222 2843 2493 2925; x_wconf 81' lang='lat' dir='ltr'><em>primam</em></span> <span class='ocrx_word' id='word_1_42' title='bbox 2528 2848 2797 2925; x_wconf 86' lang='lat' dir='ltr'><em>partem,</em></span> <span class='ocrx_word' id='word_1_43' title='bbox 2818 2862 2966 2926; x_wconf 74' lang='lat' dir='ltr'><em>pay.</em></span> <span class='ocrx_word' id='word_1_44' title='bbox 2986 2839 3217 2904; x_wconf 86' lang='lat' dir='ltr'><em>XXV.</em></span> <span class='ocrx_word' id='word_1_45' title='bbox 3236 2890 3250 2920; x_wconf 92' lang='lat'><em>,</em></span> <span class='ocrx_word' id='word_1_46' title='bbox 3271 2841 3320 2922; x_wconf 65' lang='lat'><em>§³</em></span> <span class='ocrx_word' id='word_1_47' title='bbox 3342 2838 3499 2903; x_wconf 91' lang='lat' dir='ltr'><em>XX.</em></span> <span class='ocrx_word' id='word_1_48' title='bbox 3515 2890 3532 2923; x_wconf 99' lang='lat'><em>,</em></span> <span class='ocrx_word' id='word_1_49' title='bbox 3564 2840 3799 2904; x_wconf 84' lang='lat' dir='ltr'><em>litteras</em></span> <span class='ocrx_word' id='word_1_50' title='bbox 3829 2840 4181 2904; x_wconf 69' lang='lat' dir='ltr'><em>Alexandri</em></span> <span class='ocrx_word' id='word_1_51' title='bbox 4206 2839 4341 2906; x_wconf 91' lang='grc' dir='ltr'><em>ΙΙΙ.</em></span> 
     </span>
     <span class='ocr_line' id='line_1_7' title="bbox 703 2947 4340 3033; baseline -0.001 -19"><span class='ocrx_word' id='word_1_52' title='bbox 703 2949 789 3014; x_wconf 86' lang='lat' dir='ltr'><em>ad</em></span> <span class='ocrx_word' id='word_1_53' title='bbox 833 2949 1231 3014; x_wconf 79' lang='lat' dir='ltr'><em>Academiam</em></span> <span class='ocrx_word' id='word_1_54' title='bbox 1279 2947 1699 3014; x_wconf 81' lang='lat' dir='ltr'><em>bononiensem</em></span> <span class='ocrx_word' id='word_1_55' title='bbox 1746 2950 2005 3033; x_wconf 86' lang='lat' dir='ltr'><em>scriptas</em></span> <span class='ocrx_word' id='word_1_56' title='bbox 2019 2972 2042 3032; x_wconf 90' lang='lat'><em>;</em></span> <span class='ocrx_word' id='word_1_57' title='bbox 2088 2956 2143 3012; x_wconf 87' lang='lat' dir='ltr'><em>et</em></span> <span class='ocrx_word' id='word_1_58' title='bbox 2186 2947 2404 3012; x_wconf 83' lang='lat' dir='ltr'><em>ibidem</em></span> <span class='ocrx_word' id='word_1_59' title='bbox 2452 2948 2612 3012; x_wconf 87' lang='lat' dir='ltr'><em>alias</em></span> <span class='ocrx_word' id='word_1_60' title='bbox 2657 2948 2927 3031; x_wconf 82' lang='lat' dir='ltr'><em>ejusdem</em></span> <span class='ocrx_word' id='word_1_61' title='bbox 2960 2948 3286 3033; x_wconf 84' lang='lat' dir='ltr'><em>pontificis,</em></span> <span class='ocrx_word' id='word_1_62' title='bbox 3326 2969 3481 3033; x_wconf 79' lang='lat' dir='ltr'><em>quae</em></span> <span class='ocrx_word' id='word_1_63' title='bbox 3524 2948 3610 3011; x_wconf 82' lang='lat' dir='ltr'><em>acl</em></span> <span class='ocrx_word' id='word_1_64' title='bbox 3651 2947 3881 3011; x_wconf 81' lang='lat' dir='ltr'><em>scholas</em></span> <span class='ocrx_word' id='word_1_65' title='bbox 3921 2954 4162 3011; x_wconf 87' lang='lat' dir='ltr'><em>nostras</em></span> <span class='ocrx_word' id='word_1_66' title='bbox 4194 2968 4340 3032; x_wconf 85' lang='lat' dir='ltr'><em>per-</em></span> 
     </span>
     <span class='ocr_line' id='line_1_8' title="bbox 702 3053 4336 3142; baseline -0.001 -21"><span class='ocrx_word' id='word_1_67' title='bbox 702 3058 898 3121; x_wconf 84' lang='lat' dir='ltr'><em>tinere</em></span> <span class='ocrx_word' id='word_1_68' title='bbox 931 3063 1211 3142; x_wconf 82' lang='lat' dir='ltr'><em>possent,</em></span> <span class='ocrx_word' id='word_1_69' title='bbox 1259 3076 1369 3119; x_wconf 84' lang='lat' dir='ltr'><em>nos</em></span> <span class='ocrx_word' id='word_1_70' title='bbox 1424 3056 1679 3120; x_wconf 86' lang='lat' dir='ltr'><em>daturos</em></span> <span class='ocrx_word' id='word_1_71' title='bbox 1730 3057 2169 3140; x_wconf 80' lang='lat' dir='ltr'><em>promisimus:</em></span> <span class='ocrx_word' id='word_1_72' title='bbox 2214 3055 2320 3120; x_wconf 85' lang='lat' dir='ltr'><em>sed</em></span> <span class='ocrx_word' id='word_1_73' title='bbox 2378 3055 2577 3138; x_wconf 82' lang='lat' dir='ltr'><em>infra,</em></span> <span class='ocrx_word' id='word_1_74' title='bbox 2623 3056 2747 3119; x_wconf 85' lang='lat' dir='ltr'><em>loco</em></span> <span class='ocrx_word' id='word_1_75' title='bbox 2805 3056 3254 3141; x_wconf 80' lang='lat' dir='ltr'><em>opportuniore,</em></span> <span class='ocrx_word' id='word_1_76' title='bbox 3302 3054 3512 3118; x_wconf 85' lang='lat' dir='ltr'><em>datam</em></span> <span class='ocrx_word' id='word_1_77' title='bbox 3565 3054 3752 3137; x_wconf 82' lang='lat' dir='ltr'><em>fidem</em></span> <span class='ocrx_word' id='word_1_78' title='bbox 3799 3053 4206 3119; x_wconf 84' lang='lat' dir='ltr'><em>liberabimus.</em></span> <span class='ocrx_word' id='word_1_79' title='bbox 4254 3053 4336 3118; x_wconf 90' lang='lat' dir='ltr'><em>In</em></span> 
     </span>
     <span class='ocr_line' id='line_1_9' title="bbox 703 3162 3114 3248; baseline 0 -22"><span class='ocrx_word' id='word_1_80' title='bbox 703 3164 1082 3229; x_wconf 77' lang='lat' dir='ltr'><em>recensendis</em></span> <span class='ocrx_word' id='word_1_81' title='bbox 1124 3171 1327 3228; x_wconf 87' lang='lat' dir='ltr'><em>autem</em></span> <span class='ocrx_word' id='word_1_82' title='bbox 1377 3164 1784 3228; x_wconf 86' lang='lat' dir='ltr'><em>monumentis</em></span> <span class='ocrx_word' id='word_1_83' title='bbox 1829 3164 1988 3227; x_wconf 86' lang='lat' dir='ltr'><em>ratio</em></span> <span class='ocrx_word' id='word_1_84' title='bbox 2031 3162 2239 3227; x_wconf 84' lang='lat' dir='ltr'><em>habita</em></span> <span class='ocrx_word' id='word_1_85' title='bbox 2286 3170 2369 3227; x_wconf 88' lang='lat' dir='ltr'><em>est</em></span> <span class='ocrx_word' id='word_1_86' title='bbox 2414 3164 2699 3248; x_wconf 84' lang='lat' dir='ltr'><em>temporis</em></span> <span class='ocrx_word' id='word_1_87' title='bbox 2745 3162 3114 3227; x_wconf 85' lang='lat' dir='ltr'><em>eorumdem.</em></span> 
     </span>
    </p>
   </div>
   <div class='ocr_carea' id='block_1_5' title="bbox 1283 3712 3766 4264">
    <p class='ocr_par' dir='ltr' id='par_1_5' title="bbox 1283 3712 3766 4264">
     <span class='ocr_line' id='line_1_10' title="bbox 2494 3712 2546 3776; baseline 0 0"><span class='ocrx_word' id='word_1_88' title='bbox 2494 3712 2546 3776; x_wconf 93' lang='grc' dir='ltr'><em>Ι.</em></span> 
     </span>
     <span class='ocr_line' id='line_1_11' title="bbox 2260 3946 2782 4030; baseline 0.004 -21"><span class='ocrx_word' id='word_1_89' title='bbox 2260 3946 2453 4030; x_wconf 81' lang='grc'><em>1217,</em></span> <span class='ocrx_word' id='word_1_90' title='bbox 2502 3947 2590 4010; x_wconf 81' lang='grc'><em>27</em></span> <span class='ocrx_word' id='word_1_91' title='bbox 2635 3949 2782 4011; x_wconf 85' lang='lat' dir='ltr'><em>mai.</em></span> 
     </span>
     <span class='ocr_line' id='line_1_12' title="bbox 1283 4178 3766 4264; baseline -0 -21"><span class='ocrx_word' id='word_1_92' title='bbox 1283 4178 1389 4243; x_wconf 82' lang='lat' dir='ltr'><em>Ex</em></span> <span class='ocrx_word' id='word_1_93' title='bbox 1439 4188 1615 4244; x_wconf 89' lang='lat' dir='ltr'><em>tomo</em></span> <span class='ocrx_word' id='word_1_94' title='bbox 1666 4178 2053 4243; x_wconf 86' lang='lat' dir='ltr'><em>XXXXIV.</em></span> <span class='ocrx_word' id='word_1_95' title='bbox 2107 4178 2342 4243; x_wconf 87' lang='lat' dir='ltr'><em>Codicis</em></span> <span class='ocrx_word' id='word_1_96' title='bbox 2386 4178 2785 4264; x_wconf 85' lang='lat' dir='ltr'><em>Diplomatici</em></span> <span class='ocrx_word' id='word_1_97' title='bbox 2829 4179 3253 4263; x_wconf 86' lang='lat' dir='ltr'><em>Bononiensis,</em></span> <span class='ocrx_word' id='word_1_98' title='bbox 3303 4202 3474 4244; x_wconf 90' lang='lat' dir='ltr'><em>num.</em></span> <span class='ocrx_word' id='word_1_99' title='bbox 3521 4179 3766 4245; x_wconf 76' lang='lat' dir='ltr'><strong>XV.(1›</strong></span> 
     </span>
    </p>
   </div>
   <div class='ocr_carea' id='block_1_6' title="bbox 704 4410 4336 4498">
    <p class='ocr_par' dir='ltr' id='par_1_6' title="bbox 704 4410 4336 4498">
     <span class='ocr_line' id='line_1_13' title="bbox 704 4410 4336 4498; baseline -0.001 -21"><span class='ocrx_word' id='word_1_100' title='bbox 704 4413 752 4498; x_wconf 93' lang='lat'><em>[</em></span> <span class='ocrx_word' id='word_1_101' title='bbox 759 4411 932 4478; x_wconf 84' lang='lat' dir='ltr'><em>Iubet</em></span> <span class='ocrx_word' id='word_1_102' title='bbox 982 4410 1268 4495; x_wconf 72' lang='lat' dir='ltr'><em>Pontifex</em></span> <span class='ocrx_word' id='word_1_103' title='bbox 1314 4410 1600 4476; x_wconf 82' lang='lat' dir='ltr'><em>Potestati</em></span> <span class='ocrx_word' id='word_1_104' title='bbox 1642 4410 1856 4474; x_wconf 90' lang='lat' dir='ltr'><em>bonon.</em></span> <span class='ocrx_word' id='word_1_105' title='bbox 1910 4417 1980 4475; x_wconf 83' lang='lat' dir='ltr'><em>ut</em></span> <span class='ocrx_word' id='word_1_106' title='bbox 2028 4410 2293 4494; x_wconf 85' lang='lat' dir='ltr'><em>Statuta,</em></span> <span class='ocrx_word' id='word_1_107' title='bbox 2338 4418 2551 4475; x_wconf 87' lang='lat' dir='ltr'><em>contra</em></span> <span class='ocrx_word' id='word_1_108' title='bbox 2595 4411 2964 4476; x_wconf 79' lang='lat' dir='ltr'><em>scholarium</em></span> <span class='ocrx_word' id='word_1_109' title='bbox 3012 4411 3346 4476; x_wconf 84' lang='lat' dir='ltr'><em>libertatem</em></span> <span class='ocrx_word' id='word_1_110' title='bbox 3390 4412 3653 4493; x_wconf 87' lang='lat' dir='ltr'><em>condita,</em></span> <span class='ocrx_word' id='word_1_111' title='bbox 3690 4413 3980 4496; x_wconf 86' lang='lat' dir='ltr'><em>protinus</em></span> <span class='ocrx_word' id='word_1_112' title='bbox 4023 4411 4264 4497; x_wconf 75' lang='lat' dir='ltr'><em>abroqet</em></span> <span class='ocrx_word' id='word_1_113' title='bbox 4269 4410 4336 4493; x_wconf 88' lang='lat' dir='ltr'><em>J.</em></span> 
     </span>
    </p>
   </div>
   <div class='ocr_carea' id='block_1_7' title="bbox 698 4661 4340 5826">
    <p class='ocr_par' dir='ltr' id='par_1_7' title="bbox 876 4661 2316 4728">
     <span class='ocr_line' id='line_1_14' title="bbox 876 4661 2316 4728; baseline -0.001 0"><span class='ocrx_word' id='word_1_114' title='bbox 876 4662 1208 4728; x_wconf 91' lang='lat' dir='ltr'><em>Honorius</em></span> <span class='ocrx_word' id='word_1_115' title='bbox 1254 4661 1498 4726; x_wconf 79' lang='lat'>111.(2)</span> <span class='ocrx_word' id='word_1_116' title='bbox 1548 4662 1867 4726; x_wconf 88' lang='lat' dir='ltr'><em>Potestati</em></span> <span class='ocrx_word' id='word_1_117' title='bbox 1914 4661 2316 4726; x_wconf 83' lang='lat' dir='ltr'><em>bononiensi.</em></span> 
     </span>
    </p>

    <p class='ocr_par' dir='ltr' id='par_1_8' title="bbox 698 4768 4340 5718">
     <span class='ocr_line' id='line_1_15' title="bbox 878 4768 4340 4857; baseline -0 -22"><span class='ocrx_word' id='word_1_118' title='bbox 878 4771 983 4835; x_wconf 81' lang='lat' dir='ltr'><em>Ex</em></span> <span class='ocrx_word' id='word_1_119' title='bbox 1015 4777 1239 4835; x_wconf 88' lang='lat' dir='ltr'><em>tenore</em></span> <span class='ocrx_word' id='word_1_120' title='bbox 1270 4769 1652 4852; x_wconf 85' lang='lat' dir='ltr'><em>litterarum,</em></span> <span class='ocrx_word' id='word_1_121' title='bbox 1689 4792 1851 4856; x_wconf 83' lang='lat' dir='ltr'><em>quas</em></span> <span class='ocrx_word' id='word_1_122' title='bbox 1888 4770 2071 4834; x_wconf 89' lang='lat' dir='ltr'><em>nobis</em></span> <span class='ocrx_word' id='word_1_123' title='bbox 2114 4777 2227 4833; x_wconf 89' lang='lat' dir='ltr'><em>tua</em></span> <span class='ocrx_word' id='word_1_124' title='bbox 2268 4768 2525 4833; x_wconf 77' lang='lat' dir='ltr'><em>devotio</em></span> <span class='ocrx_word' id='word_1_125' title='bbox 2574 4769 2943 4853; x_wconf 85' lang='lat' dir='ltr'><em>destinavit,</em></span> <span class='ocrx_word' id='word_1_126' title='bbox 2992 4771 3319 4857; x_wconf 84' lang='lat' dir='ltr'><em>colligitur</em></span> <span class='ocrx_word' id='word_1_127' title='bbox 3364 4769 3726 4852; x_wconf 84' lang='lat' dir='ltr'><em>manifeste,</em></span> <span class='ocrx_word' id='word_1_128' title='bbox 3776 4769 3948 4856; x_wconf 90' lang='lat' dir='ltr'><em>quod</em></span> <span class='ocrx_word' id='word_1_129' title='bbox 3993 4770 4071 4834; x_wconf 90' lang='lat' dir='ltr'><em>ad</em></span> <span class='ocrx_word' id='word_1_130' title='bbox 4122 4770 4340 4835; x_wconf 90' lang='lat' dir='ltr'><em>obser-</em></span> 
     </span>
     <span class='ocr_line' id='line_1_16' title="bbox 704 4875 4337 4964; baseline -0 -21"><span class='ocrx_word' id='word_1_131' title='bbox 704 4878 1029 4943; x_wconf 77' lang='lat' dir='ltr'><em>vationem</em></span> <span class='ocrx_word' id='word_1_132' title='bbox 1079 4877 1416 4962; x_wconf 86' lang='lat' dir='ltr'><em>cujusdam</em></span> <span class='ocrx_word' id='word_1_133' title='bbox 1459 4875 1699 4941; x_wconf 84' lang='lat' dir='ltr'><em>Statuti</em></span> <span class='ocrx_word' id='word_1_134' title='bbox 1739 4884 1825 4960; x_wconf 88' lang='lat' dir='ltr'><em>te,</em></span> <span class='ocrx_word' id='word_1_135' title='bbox 1858 4878 2228 4961; x_wconf 87' lang='lat' dir='ltr'><em>juramento</em></span> <span class='ocrx_word' id='word_1_136' title='bbox 2276 4876 2674 4964; x_wconf 85' lang='lat' dir='ltr'><em>interposit0‚</em></span> <span class='ocrx_word' id='word_1_137' title='bbox 2719 4884 2898 4942; x_wconf 88' lang='lat' dir='ltr'><em>tanto</em></span> <span class='ocrx_word' id='word_1_138' title='bbox 2949 4877 3369 4942; x_wconf 80' lang='lat' dir='ltr'><em>inconsultius</em></span> <span class='ocrx_word' id='word_1_139' title='bbox 3418 4877 3786 4962; x_wconf 87' lang='lat' dir='ltr'><em>obbligasti,</em></span> <span class='ocrx_word' id='word_1_140' title='bbox 3835 4885 4075 4964; x_wconf 88' lang='lat' dir='ltr'><em>quanto</em></span> <span class='ocrx_word' id='word_1_141' title='bbox 4123 4877 4337 4942; x_wconf 78' lang='lat' dir='ltr'><em>verius</em></span> 
     </span>
     <span class='ocr_line' id='line_1_17' title="bbox 700 4984 4340 5070; baseline -0 -20"><span class='ocrx_word' id='word_1_142' title='bbox 700 4992 952 5051; x_wconf 84' lang='lat' dir='ltr'><em>constat</em></span> <span class='ocrx_word' id='word_1_143' title='bbox 1016 4984 1176 5049; x_wconf 92' lang='lat' dir='ltr'><em>illud</em></span> <span class='ocrx_word' id='word_1_144' title='bbox 1222 5005 1349 5048; x_wconf 90' lang='lat' dir='ltr'><em>non</em></span> <span class='ocrx_word' id='word_1_145' title='bbox 1413 4985 1552 5049; x_wconf 89' lang='lat' dir='ltr'><em>sine</em></span> <span class='ocrx_word' id='word_1_146' title='bbox 1617 4984 1860 5048; x_wconf 89' lang='lat' dir='ltr'><em>lesione</em></span> <span class='ocrx_word' id='word_1_147' title='bbox 1920 4984 2294 5070; x_wconf 78' lang='lat' dir='ltr'><em>interposite</em></span> <span class='ocrx_word' id='word_1_148' title='bbox 2356 4984 2505 5048; x_wconf 92' lang='lat' dir='ltr'><em>fidei</em></span> <span class='ocrx_word' id='word_1_149' title='bbox 2552 5005 2739 5070; x_wconf 91' lang='lat' dir='ltr'><em>posse</em></span> <span class='ocrx_word' id='word_1_150' title='bbox 2803 4986 3084 5068; x_wconf 79' lang='lat' dir='ltr'><em>servari,</em></span> <span class='ocrx_word' id='word_1_151' title='bbox 3133 4985 3256 5049; x_wconf 90' lang='lat' dir='ltr'><em>nisi</em></span> <span class='ocrx_word' id='word_1_152' title='bbox 3317 4984 3644 5050; x_wconf 83' lang='lat' dir='ltr'><em>scholares</em></span> <span class='ocrx_word' id='word_1_153' title='bbox 3691 4984 3757 5048; x_wconf 90' lang='lat' dir='ltr'><em>in</em></span> <span class='ocrx_word' id='word_1_154' title='bbox 3803 4985 4018 5070; x_wconf 91' lang='lat' dir='ltr'><em>aliquo</em></span> <span class='ocrx_word' id='word_1_155' title='bbox 4067 4985 4340 5049; x_wconf 89' lang='lat' dir='ltr'><em>duorum</em></span> 
     </span>
     <span class='ocr_line' id='line_1_18' title="bbox 701 5091 4335 5180; baseline -0 -23"><span class='ocrx_word' id='word_1_156' title='bbox 701 5114 967 5157; x_wconf 86' lang='lat' dir='ltr'><em>casuum</em></span> <span class='ocrx_word' id='word_1_157' title='bbox 1013 5092 1510 5177; x_wconf 82' lang='lat' dir='ltr'><em>degenerarent,</em></span> <span class='ocrx_word' id='word_1_158' title='bbox 1563 5099 1676 5156; x_wconf 89' lang='lat' dir='ltr'><em>aut</em></span> <span class='ocrx_word' id='word_1_159' title='bbox 1722 5113 1834 5156; x_wconf 90' lang='lat' dir='ltr'><em>eos</em></span> <span class='ocrx_word' id='word_1_160' title='bbox 1882 5091 2113 5155; x_wconf 86' lang='lat' dir='ltr'><em>saltem</em></span> <span class='ocrx_word' id='word_1_161' title='bbox 2159 5091 2338 5156; x_wconf 82' lang='lat' dir='ltr'><em>exire</em></span> <span class='ocrx_word' id='word_1_162' title='bbox 2401 5092 2479 5157; x_wconf 85' lang='lat' dir='ltr'><em>dc</em></span> <span class='ocrx_word' id='word_1_163' title='bbox 2543 5098 2716 5156; x_wconf 85' lang='lat' dir='ltr'><em>terra</em></span> <span class='ocrx_word' id='word_1_164' title='bbox 2779 5093 3229 5180; x_wconf 75' lang='lat' dir='ltr'><em>compellereS,</em></span> <span class='ocrx_word' id='word_1_165' title='bbox 3278 5092 3334 5156; x_wconf 89' lang='lat' dir='ltr'><em>si</em></span> <span class='ocrx_word' id='word_1_166' title='bbox 3393 5099 3608 5156; x_wconf 88' lang='lat' dir='ltr'><em>tamen</em></span> <span class='ocrx_word' id='word_1_167' title='bbox 3676 5092 3814 5156; x_wconf 89' lang='lat' dir='ltr'><em>sine</em></span> <span class='ocrx_word' id='word_1_168' title='bbox 3868 5092 4153 5179; x_wconf 87' lang='lat' dir='ltr'><em>perjurio</em></span> <span class='ocrx_word' id='word_1_169' title='bbox 4218 5092 4335 5157; x_wconf 91' lang='lat' dir='ltr'><em>tibi</em></span> 
     </span>
     <span class='ocr_line' id='line_1_19' title="bbox 698 5197 4338 5286; baseline 0 -23"><span class='ocrx_word' id='word_1_170' title='bbox 698 5200 839 5285; x_wconf 87' lang='lat' dir='ltr'><em>jam</em></span> <span class='ocrx_word' id='word_1_171' title='bbox 887 5200 1096 5281; x_wconf 88' lang='lat' dir='ltr'><em>liceat,</em></span> <span class='ocrx_word' id='word_1_172' title='bbox 1131 5198 1245 5284; x_wconf 90' lang='lat' dir='ltr'><em>qui</em></span> <span class='ocrx_word' id='word_1_173' title='bbox 1288 5197 1353 5263; x_wconf 92' lang='lat' dir='ltr'><em>id</em></span> <span class='ocrx_word' id='word_1_174' title='bbox 1395 5197 1608 5262; x_wconf 84' lang='lat' dir='ltr'><em>facere</em></span> <span class='ocrx_word' id='word_1_175' title='bbox 1658 5197 1826 5262; x_wconf 87' lang='lat' dir='ltr'><em>infra</em></span> <span class='ocrx_word' id='word_1_176' title='bbox 1874 5197 2037 5262; x_wconf 89' lang='lat' dir='ltr'><em>duos</em></span> <span class='ocrx_word' id='word_1_177' title='bbox 2085 5220 2336 5263; x_wconf 88' lang='lat' dir='ltr'><em>menses</em></span> <span class='ocrx_word' id='word_1_178' title='bbox 2377 5201 2731 5285; x_wconf 85' lang='lat' dir='ltr'><em>juramenti</em></span> <span class='ocrx_word' id='word_1_179' title='bbox 2778 5201 2993 5265; x_wconf 90' lang='lat' dir='ltr'><em>debito</em></span> <span class='ocrx_word' id='word_1_180' title='bbox 3042 5200 3386 5265; x_wconf 90' lang='lat' dir='ltr'><em>tenebaris.</em></span> <span class='ocrx_word' id='word_1_181' title='bbox 3431 5200 3842 5286; x_wconf 84' lang='lat' dir='ltr'><em>Quapropter</em></span> <span class='ocrx_word' id='word_1_182' title='bbox 3887 5199 4338 5264; x_wconf 86' lang='lat' dir='ltr'><em>discretionem</em></span> 
     </span>
     <span class='ocr_line' id='line_1_20' title="bbox 700 5304 4337 5394; baseline 0 -23"><span class='ocrx_word' id='word_1_183' title='bbox 700 5314 880 5371; x_wconf 89' lang='lat' dir='ltr'><em>tuam</em></span> <span class='ocrx_word' id='word_1_184' title='bbox 924 5328 1257 5371; x_wconf 88' lang='lat' dir='ltr'><em>monemus</em></span> <span class='ocrx_word' id='word_1_185' title='bbox 1304 5312 1370 5370; x_wconf 89' lang='lat' dir='ltr'><em>et</em></span> <span class='ocrx_word' id='word_1_186' title='bbox 1418 5306 1843 5371; x_wconf 82' lang='lat' dir='ltr'><em>exhortamur</em></span> <span class='ocrx_word' id='word_1_187' title='bbox 1874 5305 1941 5369; x_wconf 90' lang='lat' dir='ltr'><em>in</em></span> <span class='ocrx_word' id='word_1_188' title='bbox 1972 5304 2272 5389; x_wconf 90' lang='lat' dir='ltr'><em>Domino,</em></span> <span class='ocrx_word' id='word_1_189' title='bbox 2312 5330 2430 5394; x_wconf 88' lang='lat' dir='ltr'><em>per</em></span> <span class='ocrx_word' id='word_1_190' title='bbox 2461 5307 2839 5394; x_wconf 82' lang='lat' dir='ltr'><em>Apostolica</em></span> <span class='ocrx_word' id='word_1_191' title='bbox 2885 5308 3003 5372; x_wconf 88' lang='lat' dir='ltr'><em>tibi</em></span> <span class='ocrx_word' id='word_1_192' title='bbox 3050 5308 3288 5394; x_wconf 88' lang='lat' dir='ltr'><em>scripta</em></span> <span class='ocrx_word' id='word_1_193' title='bbox 3320 5306 3722 5390; x_wconf 86' lang='lat' dir='ltr'><em>mandantes,</em></span> <span class='ocrx_word' id='word_1_194' title='bbox 3757 5312 4072 5393; x_wconf 86' lang='lat' dir='ltr'><em>quatenus</em></span> <span class='ocrx_word' id='word_1_195' title='bbox 4119 5307 4173 5370; x_wconf 91' lang='lat' dir='ltr'><em>si</em></span> <span class='ocrx_word' id='word_1_196' title='bbox 4219 5306 4337 5371; x_wconf 89' lang='lat' dir='ltr'><em>ali-</em></span> 
     </span>
     <span class='ocr_line' id='line_1_21' title="bbox 702 5414 4338 5501; baseline 0 -23"><span class='ocrx_word' id='word_1_197' title='bbox 702 5436 976 5500; x_wconf 88' lang='lat' dir='ltr'><em>quorum</em></span> <span class='ocrx_word' id='word_1_198' title='bbox 1024 5415 1293 5479; x_wconf 90' lang='lat' dir='ltr'><em>consilio</em></span> <span class='ocrx_word' id='word_1_199' title='bbox 1336 5416 1475 5499; x_wconf 88' lang='lat' dir='ltr'><em>jam</em></span> <span class='ocrx_word' id='word_1_200' title='bbox 1524 5415 1826 5479; x_wconf 86' lang='lat' dir='ltr'><em>emissum</em></span> <span class='ocrx_word' id='word_1_201' title='bbox 1867 5414 2134 5478; x_wconf 87' lang='lat' dir='ltr'><em>honeste</em></span> <span class='ocrx_word' id='word_1_202' title='bbox 2177 5415 2417 5501; x_wconf 89' lang='lat' dir='ltr'><em>poteris</em></span> <span class='ocrx_word' id='word_1_203' title='bbox 2465 5437 2767 5481; x_wconf 84' lang='lat' dir='ltr'><em>revocare</em></span> <span class='ocrx_word' id='word_1_204' title='bbox 2818 5415 3227 5499; x_wconf 85' lang='lat' dir='ltr'><em>mandatum,</em></span> <span class='ocrx_word' id='word_1_205' title='bbox 3274 5415 3436 5479; x_wconf 91' lang='lat' dir='ltr'><em>illud</em></span> <span class='ocrx_word' id='word_1_206' title='bbox 3482 5435 3744 5478; x_wconf 79' lang='lat' dir='ltr'><em>revoces</em></span> <span class='ocrx_word' id='word_1_207' title='bbox 3792 5414 3928 5478; x_wconf 91' lang='lat' dir='ltr'><em>sine</em></span> <span class='ocrx_word' id='word_1_208' title='bbox 3975 5435 4177 5497; x_wconf 87' lang='lat' dir='ltr'><em>mora,</em></span> <span class='ocrx_word' id='word_1_209' title='bbox 4226 5422 4338 5479; x_wconf 84' lang='lat' dir='ltr'><em>aut</em></span> 
     </span>
     <span class='ocr_line' id='line_1_22' title="bbox 705 5521 4338 5610; baseline -0.001 -23"><span class='ocrx_word' id='word_1_210' title='bbox 705 5522 788 5587; x_wconf 85' lang='lat' dir='ltr'><em>ad</em></span> <span class='ocrx_word' id='word_1_211' title='bbox 845 5522 1055 5586; x_wconf 89' lang='lat' dir='ltr'><em>minus</em></span> <span class='ocrx_word' id='word_1_212' title='bbox 1120 5523 1239 5587; x_wconf 89' lang='lat' dir='ltr'><em>sub</em></span> <span class='ocrx_word' id='word_1_213' title='bbox 1295 5521 1804 5586; x_wconf 89' lang='lat' dir='ltr'><em>dissimulatione</em></span> <span class='ocrx_word' id='word_1_214' title='bbox 1859 5528 2302 5607; x_wconf 83' lang='lat' dir='ltr'><em>pertranseas3</em></span> <span class='ocrx_word' id='word_1_215' title='bbox 2351 5523 2694 5609; x_wconf 85' lang='lat' dir='ltr'><em>diligenter</em></span> <span class='ocrx_word' id='word_1_216' title='bbox 2740 5525 3100 5607; x_wconf 85' lang='lat' dir='ltr'><em>attendens,</em></span> <span class='ocrx_word' id='word_1_217' title='bbox 3148 5545 3232 5587; x_wconf 91' lang='lat' dir='ltr'><em>an</em></span> <span class='ocrx_word' id='word_1_218' title='bbox 3279 5522 3584 5610; x_wconf 81' lang='lat' dir='ltr'><em>expediat</em></span> <span class='ocrx_word' id='word_1_219' title='bbox 3630 5521 3896 5604; x_wconf 86' lang='lat' dir='ltr'><em>civitati,</em></span> <span class='ocrx_word' id='word_1_220' title='bbox 3944 5522 4047 5586; x_wconf 89' lang='lat' dir='ltr'><em>cui</em></span> <span class='ocrx_word' id='word_1_221' title='bbox 4094 5522 4338 5586; x_wconf 85' lang='lat' dir='ltr'><em>utiliter</em></span> 
     </span>
     <span class='ocr_line' id='line_1_23' title="bbox 702 5628 4193 5718; baseline 0 -25"><span class='ocrx_word' id='word_1_222' title='bbox 702 5650 963 5716; x_wconf 85' lang='lat' dir='ltr'><em>preesse</em></span> <span class='ocrx_word' id='word_1_223' title='bbox 998 5630 1260 5713; x_wconf 88' lang='lat' dir='ltr'><em>teneris,</em></span> <span class='ocrx_word' id='word_1_224' title='bbox 1292 5629 1619 5695; x_wconf 85' lang='lat' dir='ltr'><em>scholares</em></span> <span class='ocrx_word' id='word_1_225' title='bbox 1652 5628 1912 5716; x_wconf 78' lang='lat' dir='ltr'><em>expelli,</em></span> <span class='ocrx_word' id='word_1_226' title='bbox 1947 5650 2220 5715; x_wconf 91' lang='lat' dir='ltr'><em>quorum</em></span> <span class='ocrx_word' id='word_1_227' title='bbox 2252 5630 2563 5695; x_wconf 88' lang='lat' dir='ltr'><em>hactenus</em></span> <span class='ocrx_word' id='word_1_228' title='bbox 2595 5632 2922 5718; x_wconf 90' lang='lat' dir='ltr'><em>presentia</em></span> <span class='ocrx_word' id='word_1_229' title='bbox 2953 5632 3075 5718; x_wconf 91' lang='lat' dir='ltr'><em>ipsi</em></span> <span class='ocrx_word' id='word_1_230' title='bbox 3113 5631 3329 5697; x_wconf 77' lang='lat' dir='ltr'><em>extitit</em></span> <span class='ocrx_word' id='word_1_231' title='bbox 3361 5630 3800 5717; x_wconf 89' lang='lat' dir='ltr'><em>multipliciter</em></span> <span class='ocrx_word' id='word_1_232' title='bbox 3846 5629 4193 5694; x_wconf 84' lang='lat' dir='ltr'><em>fructuosa.</em></span> 
     </span>
    </p>

    <p class='ocr_par' dir='ltr' id='par_1_9' title="bbox 885 5735 3404 5826">
     <span class='ocr_line' id='line_1_24' title="bbox 885 5735 3404 5826; baseline 0 -24"><span class='ocrx_word' id='word_1_233' title='bbox 885 5737 1135 5802; x_wconf 87' lang='lat' dir='ltr'><em>Datum</em></span> <span class='ocrx_word' id='word_1_234' title='bbox 1169 5736 1472 5823; x_wconf 87' lang='lat' dir='ltr'><em>Anagnie</em></span> <span class='ocrx_word' id='word_1_235' title='bbox 1507 5744 1692 5801; x_wconf 85' lang='lat' dir='ltr'><em>sexto</em></span> <span class='ocrx_word' id='word_1_236' title='bbox 1724 5735 2039 5801; x_wconf 86' lang='lat' dir='ltr'><em>kalendas</em></span> <span class='ocrx_word' id='word_1_237' title='bbox 2064 5737 2253 5822; x_wconf 87' lang='lat' dir='ltr'><em>junii,</em></span> <span class='ocrx_word' id='word_1_238' title='bbox 2285 5738 2708 5803; x_wconf 87' lang='lat' dir='ltr'><em>Pontificatus</em></span> <span class='ocrx_word' id='word_1_239' title='bbox 2742 5740 2945 5803; x_wconf 89' lang='lat' dir='ltr'><em>nostri</em></span> <span class='ocrx_word' id='word_1_240' title='bbox 2976 5761 3145 5804; x_wconf 81' lang='lat' dir='ltr'><em>anno</em></span> <span class='ocrx_word' id='word_1_241' title='bbox 3178 5740 3404 5826; x_wconf 77' lang='lat' dir='ltr'><em>primo,</em></span> 
     </span>
    </p>
   </div>
   <div class='ocr_carea' id='block_1_8' title="bbox 697 6232 4337 6580">
    <p class='ocr_par' dir='ltr' id='par_1_10' title="bbox 697 6232 4337 6580">
     <span class='ocr_line' id='line_1_25' title="bbox 858 6232 4337 6308; baseline 0.002 -23"><span class='ocrx_word' id='word_1_242' title='bbox 858 6235 936 6298; x_wconf 86' lang='lat'><em>(1)</em></span> <span class='ocrx_word' id='word_1_243' title='bbox 962 6232 1067 6286; x_wconf 88' lang='lat' dir='ltr'><em>Hic</em></span> <span class='ocrx_word' id='word_1_244' title='bbox 1087 6234 1277 6301; x_wconf 83' lang='lat' dir='ltr'><em>codex,</em></span> <span class='ocrx_word' id='word_1_245' title='bbox 1301 6234 1620 6287; x_wconf 89' lang='lat' dir='ltr'><em>distributus</em></span> <span class='ocrx_word' id='word_1_246' title='bbox 1646 6236 1702 6288; x_wconf 91' lang='lat' dir='ltr'><em>in</em></span> <span class='ocrx_word' id='word_1_247' title='bbox 1724 6235 2200 6303; x_wconf 59' lang='lat' dir='ltr'><em>tonnxxxxw„</em></span> <span class='ocrx_word' id='word_1_248' title='bbox 2218 6238 2461 6290; x_wconf 89' lang='lat' dir='ltr'><em>continet</em></span> <span class='ocrx_word' id='word_1_249' title='bbox 2576 6255 2694 6290; x_wconf 87' lang='lat' dir='ltr'><em>mus</em></span> <span class='ocrx_word' id='word_1_250' title='bbox 2717 6237 3106 6291; x_wconf 82' lang='lat' dir='ltr'><em>Constantinus</em></span> <span class='ocrx_word' id='word_1_251' title='bbox 3123 6238 3407 6308; x_wconf 86' lang='lat' dir='ltr'><em>Rogerius.</em></span> <span class='ocrx_word' id='word_1_252' title='bbox 3424 6238 3584 6291; x_wconf 88' lang='lat' dir='ltr'><em>Hunc</em></span> <span class='ocrx_word' id='word_1_253' title='bbox 3606 6240 3850 6292; x_wconf 89' lang='lat' dir='ltr'><em>codicem</em></span> <span class='ocrx_word' id='word_1_254' title='bbox 3872 6239 4171 6292; x_wconf 78' lang='lat' dir='ltr'><em>transmisit</em></span> <span class='ocrx_word' id='word_1_255' title='bbox 4191 6240 4337 6292; x_wconf 85' lang='lat' dir='ltr'><em>idem</em></span> 
     </span>
     <span class='ocr_line' id='line_1_26' title="bbox 698 6325 4336 6395; baseline 0.002 -20"><span class='ocrx_word' id='word_1_256' title='bbox 698 6328 888 6375; x_wconf 76' lang='lat' dir='ltr'><em>vetera</em></span> <span class='ocrx_word' id='word_1_257' title='bbox 926 6326 1280 6375; x_wconf 84' lang='lat' dir='ltr'><em>monumenta</em></span> <span class='ocrx_word' id='word_1_258' title='bbox 1319 6327 1434 6375; x_wconf 88' lang='lat' dir='ltr'><em>tum</em></span> <span class='ocrx_word' id='word_1_259' title='bbox 1472 6325 1541 6376; x_wconf 86' lang='lat' dir='ltr'><em>ad</em></span> <span class='ocrx_word' id='word_1_260' title='bbox 1578 6325 1794 6378; x_wconf 89' lang='lat' dir='ltr'><em>scholas</em></span> <span class='ocrx_word' id='word_1_261' title='bbox 1834 6325 2212 6391; x_wconf 79' lang='lat' dir='ltr'><em>bononienses,</em></span> <span class='ocrx_word' id='word_1_262' title='bbox 2237 6330 2353 6378; x_wconf 88' lang='lat' dir='ltr'><em>tum</em></span> <span class='ocrx_word' id='word_1_263' title='bbox 2392 6326 2459 6378; x_wconf 86' lang='lat' dir='ltr'><em>ad</em></span> <span class='ocrx_word' id='word_1_264' title='bbox 2572 6328 2832 6380; x_wconf 85' lang='lat' dir='ltr'><em>Pontifex</em></span> <span class='ocrx_word' id='word_1_265' title='bbox 2868 6328 3189 6395; x_wconf 78' lang='lat' dir='ltr'><em>Bononiam,</em></span> <span class='ocrx_word' id='word_1_266' title='bbox 3217 6334 3276 6380; x_wconf 89' lang='lat' dir='ltr'><em>ut</em></span> <span class='ocrx_word' id='word_1_267' title='bbox 3301 6329 3357 6381; x_wconf 91' lang='lat' dir='ltr'><em>in</em></span> <span class='ocrx_word' id='word_1_268' title='bbox 3382 6329 3675 6381; x_wconf 86' lang='lat' dir='ltr'><em>secretiore</em></span> <span class='ocrx_word' id='word_1_269' title='bbox 3703 6329 4066 6382; x_wconf 74' lang='lat' dir='ltr'><em>scientiarum</em></span> <span class='ocrx_word' id='word_1_270' title='bbox 4091 6330 4336 6384; x_wconf 88' lang='lat' dir='ltr'><em>Instituti</em></span> 
     </span>
     <span class='ocr_line' id='line_1_27' title="bbox 699 6412 3283 6485; baseline 0.003 -22"><span class='ocrx_word' id='word_1_271' title='bbox 699 6412 1022 6477; x_wconf 84' lang='lat' dir='ltr'><em>Ecclesiam,</em></span> <span class='ocrx_word' id='word_1_272' title='bbox 1050 6416 1167 6464; x_wconf 87' lang='lat' dir='ltr'><em>tum</em></span> <span class='ocrx_word' id='word_1_273' title='bbox 1203 6412 1273 6464; x_wconf 84' lang='lat' dir='ltr'><em>ad</em></span> <span class='ocrx_word' id='word_1_274' title='bbox 1311 6413 1589 6466; x_wconf 78' lang='lat' dir='ltr'><em>civitatem</em></span> <span class='ocrx_word' id='word_1_275' title='bbox 1622 6415 1972 6483; x_wconf 86' lang='lat' dir='ltr'><em>pertinentia,</em></span> <span class='ocrx_word' id='word_1_276' title='bbox 1999 6432 2158 6485; x_wconf 89' lang='lat' dir='ltr'><em>quae,</em></span> <span class='ocrx_word' id='word_1_277' title='bbox 2179 6417 2339 6484; x_wconf 88' lang='lat' dir='ltr'><em>jussu</em></span> <span class='ocrx_word' id='word_1_278' title='bbox 2364 6416 2468 6469; x_wconf 89' lang='lat' dir='ltr'><em>Be·</em></span> <span class='ocrx_word' id='word_1_279' title='bbox 2576 6417 2923 6469; x_wconf 86' lang='lat' dir='ltr'><em>Bibliotheca</em></span> <span class='ocrx_word' id='word_1_280' title='bbox 2959 6424 3283 6471; x_wconf 78' lang='lat' dir='ltr'><em>servaretur.</em></span> 
     </span>
     <span class='ocr_line' id='line_1_28' title="bbox 697 6500 4335 6580; baseline 0.003 -27"><span class='ocrx_word' id='word_1_281' title='bbox 697 6501 899 6554; x_wconf 86' lang='lat' dir='ltr'><em>nedicti</em></span> <span class='ocrx_word' id='word_1_282' title='bbox 927 6500 1106 6567; x_wconf 62' lang='lat' dir='ltr'><em>XIV„</em></span> <span class='ocrx_word' id='word_1_283' title='bbox 1137 6518 1205 6553; x_wconf 86' lang='lat' dir='ltr'><em>ex</em></span> <span class='ocrx_word' id='word_1_284' title='bbox 1239 6503 1477 6555; x_wconf 87' lang='lat' dir='ltr'><em>romanis</em></span> <span class='ocrx_word' id='word_1_285' title='bbox 1503 6503 1755 6556; x_wconf 80' lang='lat' dir='ltr'><em>Archivis</em></span> <span class='ocrx_word' id='word_1_286' title='bbox 1793 6504 2015 6574; x_wconf 83' lang='lat' dir='ltr'><em>collegit</em></span> <span class='ocrx_word' id='word_1_287' title='bbox 2052 6506 2183 6557; x_wconf 89' lang='lat' dir='ltr'><em>olim</em></span> <span class='ocrx_word' id='word_1_288' title='bbox 2221 6506 2456 6558; x_wconf 73' lang='lat' dir='ltr'><em>clai-issi·</em></span> <span class='ocrx_word' id='word_1_289' title='bbox 2730 6508 2811 6574; x_wconf 76' lang='lat'><em>(2)</em></span> <span class='ocrx_word' id='word_1_290' title='bbox 2839 6507 2922 6559; x_wconf 82' lang='lat' dir='ltr'><em>Ex</em></span> <span class='ocrx_word' id='word_1_291' title='bbox 2961 6509 3152 6561; x_wconf 85' lang='lat' dir='ltr'><em>eodem</em></span> <span class='ocrx_word' id='word_1_292' title='bbox 3179 6510 3314 6578; x_wconf 82' lang='lat' dir='ltr'><em>Reg.</em></span> <span class='ocrx_word' id='word_1_293' title='bbox 3344 6509 3727 6576; x_wconf 87' lang='lat' dir='ltr'><em>Honorii111.,</em></span> <span class='ocrx_word' id='word_1_294' title='bbox 3754 6512 3913 6580; x_wconf 87' lang='lat' dir='ltr'><em>epist.</em></span> <span class='ocrx_word' id='word_1_295' title='bbox 3953 6515 4075 6578; x_wconf 76' lang='lat'><em>454,</em></span> <span class='ocrx_word' id='word_1_296' title='bbox 4097 6512 4191 6565; x_wconf 80' lang='lat' dir='ltr'><em>fol.</em></span> <span class='ocrx_word' id='word_1_297' title='bbox 4217 6516 4335 6564; x_wconf 85' lang='lat'>110.</span> 
     </span>
    </p>
   </div>
  </div>
 </body>
</html>
