5542 7775
1292 543 1443 613 242
2862 563 3343 614 nonenim-A

3070 966 3151 1031 V.

2875 1195 3342 1281 [1280-1326]

2333 1428 2438 1492 Ex
2487 1429 2751 1493 archivo
2800 1429 3005 1492 sancti
3050 1428 3387 1493 Benedicti
3434 1427 3743 1491 Fabriani
3768 1428 3867 1492 (1).

1807 1680 1876 1763 a)
1926 1679 2027 1744 De
2074 1686 2298 1743 sancto
2353 1678 2667 1743 Silvestro
2715 1678 2975 1761 abbate,
3025 1678 3564 1763 Congregationis
3613 1678 3990 1742 Silvestrine
4039 1676 4401 1742 fundatore.

1462 1787 1791 1854 Oriundus
1840 1807 2118 1872 namque
2166 1786 2265 1850 vir
2310 1785 2435 1850 Dei
2484 1806 2709 1850 servus
2760 1784 3074 1848 Silvester
3120 1784 3241 1848 fuit
3287 1806 3370 1849 ex
3433 1786 3643 1872 patria
3694 1785 4091 1849 Auximana.
4138 1784 4390 1851 Nobilis
4438 1787 4697 1873 quidem
4743 1796 4927 1874 patre

1285 1896 1453 1960 inter
1497 1895 1660 1958 alios
1705 1894 1987 1957 civitatis
2032 1892 2346 1978 ejusdem,
2380 1892 2496 1957 sed
2541 1891 2667 1956 fide
2713 1899 2779 1955 et
2826 1891 3173 1956 virtutibus
3221 1912 3347 1956 non
3396 1892 3605 1955 minus
3652 1892 3868 1956 extitit
3914 1891 4275 1957 decoratus.
4324 1892 4496 1957 Nam
4536 1894 4701 1958 sicut
4745 1902 4925 1959 exte-

1284 2005 1420 2068 rius
1467 2002 1788 2090 corporali
1834 2007 2006 2065 etate
2055 2001 2414 2081 crescebat,
2464 2000 2554 2064 ita
2601 2000 2775 2064 intus
2823 2000 3031 2085 magis
3078 2021 3154 2064 ac
3202 2000 3409 2085 magis
3457 2000 3803 2065 virtutibus
3848 2007 3913 2064 et
3960 2000 4145 2065 bonis
4192 2001 4495 2087 operibus
4540 2002 4925 2088 refulgebat.

1284 2112 1484 2177 Pater
1531 2131 1683 2175 vero
1731 2109 1895 2194 ejus,
1932 2109 2187 2173 nomine
2237 2108 2574 2190 Gislerius,
2609 2107 2753 2193 lege
2803 2107 2976 2172 civili
3009 2108 3275 2193 peritus,
3312 2106 3694 2172 Silvestrum
3727 2109 3870 2192 ejus
3902 2108 4125 2189 filium,
4158 2129 4272 2172 sue
4304 2107 4735 2174 adolescentie
4763 2119 4927 2175 tem-

1285 2241 1442 2307 pore
1489 2218 1852 2283 Bononiam
1915 2224 1982 2281 et
2027 2215 2322 2281 Paduam
2367 2217 2850 2297 transmittens,
2899 2216 2958 2280 ei
3007 2216 3311 2301 imposuit
3356 2222 3427 2279 ut
3475 2214 3807 2280 insudaret
3853 2216 4066 2280 studio
4126 2216 4358 2301 legalis
4403 2216 4691 2281 scientie.
4738 2218 4928 2292 Quod

1285 2327 1570 2392 studium
1615 2323 2025 2412 postmodum
2072 2324 2398 2410 sapienter
2449 2323 2847 2408 relinquens,
2897 2344 2974 2387 eo
3022 2322 3193 2408 quod
3240 2343 3351 2387 cor
3412 2323 3553 2406 ejus
3617 2344 4023 2409 nequaquam
4088 2322 4467 2388 accenderet
4526 2324 4611 2388 ad
4671 2325 4927 2409 divina,

1284 2436 1456 2521 cepit
1501 2433 1582 2497 ad
1631 2453 1790 2519 pure
1838 2431 2165 2516 theologie
2213 2432 2454 2494 fluenta
2500 2431 2652 2495 totis
2703 2429 3039 2494 desideriis
3081 2429 3410 2494 anhelare.
3445 2429 3677 2515 Igitur,
3709 2430 3935 2495 relicto
3968 2430 4186 2515 legum
4216 2431 4451 2513 studio,
4484 2438 4665 2496 tanto
4697 2433 4930 2499 ardore

1286 2565 1356 2607 se
1403 2540 1580 2606 dedit
1626 2540 1990 2603 divinarum
2037 2539 2371 2602 literarum
2419 2537 2675 2620 scholis,
2712 2538 2996 2624 ipsarum
3046 2537 3337 2601 notitiam
3384 2539 3649 2624 cupiens
3697 2537 3987 2623 adipisci,
4021 2546 4093 2602 ut
4138 2539 4203 2601 in
4249 2538 4491 2602 eisdem
4531 2561 4735 2626 parvo
4766 2548 4931 2605 tem-

1284 2670 1442 2736 pore
1491 2654 1943 2723 commoratus,
1978 2654 2112 2710 tam
2159 2645 2428 2709 scientie
2480 2645 2744 2709 floribus
2793 2666 2985 2729 quam
3034 2644 3391 2709 subtilitate
3439 2644 3682 2730 ingenii
3727 2645 3973 2731 pariter
4011 2644 4347 2710 ditaretur.
4381 2644 4509 2710 Sed
4542 2668 4689 2711 cum
4718 2647 4933 2712 adhuc

1284 2778 1403 2844 per
1445 2755 1726 2842 pueriles
1773 2761 1837 2817 et
1897 2752 2330 2817 adolescentie
2379 2752 2682 2816 transiret
2728 2773 2969 2834 annos,
3020 2773 3142 2816 non
3205 2751 3558 2816 earundem
3623 2760 3868 2816 etatum
3931 2752 4232 2816 lascivias
4299 2774 4416 2817 nec
4464 2754 4933 2840 negligentiam

1285 2863 1696 2941 sectabatur3
1731 2882 1849 2925 nec
1897 2859 2294 2946 perniciosas
2343 2858 2600 2922 fabulas
2652 2880 2768 2923 nec
2818 2858 3211 2944 vaniloquia,
3245 2880 3362 2923 nec
3404 2859 3601 2923 etiam
3647 2859 4035 2923 scurilitates
4082 2860 4485 2924 sectabatur:
4519 2860 4635 2925 sed
4679 2868 4935 2926 tantum

1285 2992 1366 3036 ea
1413 2991 1536 3055 que
1584 2969 1668 3032 ad
1713 2968 2188 3033 edificationem
2234 2965 2616 3030 dicebantur
2662 2965 3008 3051 diligenter
3055 2966 3448 3047 auscultans,
3483 2987 3609 3030 non
3659 2966 3967 3031 oblivioni
4014 2966 4332 3050 tradebat,
4366 2968 4494 3032 imo
4540 2969 4753 3032 tenaci
4798 2991 4935 3033 me·

1286 3078 1486 3142 morie
1533 3075 1982 3140 comendabat.
2030 3073 2350 3138 Auriebat
2398 3080 2551 3136 tunc
2599 3094 2839 3159 aquam
2906 3073 3220 3158 sapientie
3286 3073 3590 3137 salutaris
3652 3073 3731 3139 de
3793 3073 4079 3138 fontibus
4129 3073 4488 3138 Salvatoris
4534 3076 4749 3141 animo
4796 3076 4937 3141 siti·

1286 3184 1526 3267 bundo,
1560 3205 1754 3270 quam
1799 3190 2027 3268 postea
2074 3188 2335 3266 gutture
2385 3180 2691 3244 mellifluo
2739 3180 3059 3245 eructavit
3106 3181 3189 3244 ad
3226 3181 3572 3245 utilitatem
3603 3189 3666 3245 et
3700 3181 3969 3246 comoda
4001 3181 4425 3266 singulorum.
4458 3181 4600 3247 Hec
4633 3190 4697 3246 et
4728 3184 4935 3248 multa

1285 3293 1416 3356 alia
1463 3289 1656 3355 laude
1703 3289 1902 3375 digna
1950 3289 2049 3352 vir
2098 3286 2488 3353 venerabilis
2534 3294 2599 3350 et
2649 3287 2789 3351 Deo
2837 3287 3108 3351 devotus
3154 3287 3598 3370 Benvenutus,
3633 3289 3741 3374 qui
3790 3288 4038 3353 civitati
4082 3288 4455 3353 Auximane
4502 3311 4671 3355 nunc
4714 3299 4936 3377 preest

1289 3399 1497 3465 officio
1541 3396 1874 3485 pastorali,
1923 3403 1988 3460 et
2033 3394 2244 3460 eidem
2293 3395 2355 3457 in
2405 3394 2642 3459 scholis
2688 3395 2901 3459 socius
2948 3394 3183 3477 extitit,
3234 3395 3518 3460 veridica
3568 3397 3935 3460 narratione
3981 3396 4306 3482 perhibuit
4325 3397 4426 3460 (2).

1887 3609 1952 3694 b)
2002 3609 2103 3673 De
2149 3609 2343 3673 beato
2390 3608 2645 3674 Joanne
2694 3629 2733 3671 a
2781 3608 3053 3691 Baculo,
3103 3610 3309 3673 sancti
3359 3609 3655 3673 Silvestri
3702 3610 3955 3674 abbatis
4003 3610 4339 3697 discipulo.

1466 3719 1781 3784 Parentes
1829 3726 2046 3782 autem
2092 3718 2234 3802 ejus
2282 3724 2347 3780 et
2394 3717 2628 3780 fratres
2680 3715 3150 3801 gloriabantur,
3185 3717 3336 3802 quia
3369 3716 3447 3781 de
3480 3716 3781 3783 Johanne
3813 3717 4055 3781 bonum
4101 3717 4436 3782 dicebatur
4483 3719 4566 3782 ab
4613 3719 4936 3801 omnibus,

1289 3836 1354 3894 et
1401 3827 1572 3893 circa
1616 3825 1945 3892 Ecclesiae
1991 3832 2055 3889 et
2101 3823 2348 3890 cultum
2411 3824 2705 3889 divinum
2768 3824 2911 3908 ejus
2975 3823 3247 3889 intentio
3309 3836 3373 3889 et
3434 3825 3838 3890 conversatio
3902 3825 4209 3890 attentius
4272 3826 4688 3892 versabatur:
4737 3837 4803 3892 et
4868 3835 4940 3893 ut

1288 3937 1575 4001 animum
1622 3956 1810 3999 suum
1857 3939 2075 4020 posset
2120 3932 2204 3996 ad
2252 3931 2636 4018 sapientiam
2687 3931 3071 4014 transferre,
3120 3953 3237 4017 pro
3286 3953 3471 4019 posse
3537 3932 3925 3996 secularium
3986 3933 4318 3997 hominum
4382 3936 4940 4000 conversationem

1286 4044 1514 4130 fugere
1562 4042 1907 4124 nitebatur,
1958 4040 2237 4105 orationi
2282 4047 2346 4104 et
2391 4039 2653 4103 lectioni
2700 4038 2995 4103 vacando
3044 4039 3365 4103 continue.
3399 4039 3792 4104 Animantur
3836 4039 4109 4126 predicti
4156 4049 4458 4127 parentes
4506 4051 4571 4106 et
4603 4043 4839 4108 fratres
4874 4044 4940 4108 in

1287 4150 1574 4215 studioso
1614 4149 1950 4231 Johanne3
1985 4155 2051 4212 et
2098 4147 2180 4211 ad
2228 4146 2746 4232 grammaticalia
2794 4145 3177 4232 capiendum
3225 4146 3393 4210 inter
3438 4167 3549 4210 eos
3596 4146 3952 4211 deliberato
4000 4148 4267 4212 consilio
4314 4147 4678 4214 Bononiam
4724 4158 4939 4214 trans-

1288 4259 1621 4322 miserunt.
1663 4255 1813 4338 Qui,
1847 4263 2110 4341 propter
2158 4254 2493 4318 literarum
2541 4262 2606 4317 et
2652 4253 3237 4339 grammaticalium
3299 4253 3581 4316 studium
3629 4253 4013 4340 pervigilem
4058 4275 4281 4317 curam
4326 4256 4539 4320 anime
4588 4278 4713 4321 non
4760 4267 4941 4344 post·

1286 4386 1555 4452 ponens,
1589 4362 2139 4450 predicationibus
2187 4369 2252 4425 et
2298 4360 2724 4443 sermonibus,
2759 4360 2870 4446 qui
2916 4360 3157 4425 fiebant
3206 4361 3271 4424 in
3319 4360 3766 4446 religiosorum
3814 4368 3879 4425 et
3922 4361 4197 4425 aliorum
4229 4362 4538 4447 ecclesiis,
4572 4385 4718 4429 cum
4748 4387 4941 4452 posse

1289 4473 1546 4554 aderat,
1594 4472 1819 4535 deesse
1869 4470 2166 4551 nolebat,
2215 4469 2329 4533 sed
2377 4469 2460 4533 ad
2507 4470 2652 4533 illos
2699 4469 3001 4533 currebat
3047 4476 3120 4533 ut
3162 4468 3246 4532 ad
3294 4468 3507 4533 cibum
3554 4469 3910 4534 famelicus.
3958 4468 4130 4533 Nam
4176 4470 4349 4535 circa
4394 4472 4678 4536 studium
4722 4495 4943 4558 gram-

1289 4579 1687 4645 maticalium
1749 4578 1841 4641 sic
1903 4598 2167 4663 operam
2230 4576 2406 4641 dedit
2467 4583 2538 4640 ut
2599 4576 2663 4639 in
2723 4576 2906 4640 brevi
2962 4583 3251 4661 tempore
3315 4575 3600 4662 ipsorum
3662 4577 4110 4641 sufficientiam
4171 4587 4552 4664 reportaret.
4602 4579 4729 4644 Sed
4792 4603 4943 4645 cum

1289 4688 1495 4752 multa
1543 4685 1782 4750 ibidem
1829 4706 1867 4748 a
1913 4683 2362 4749 conservanda
2407 4683 2690 4770 puritate
2738 4682 3137 4747 retrahentia
3182 4682 3431 4748 videret
3476 4683 3736 4764 invitus,
3769 4683 3941 4770 cepit
3979 4685 4229 4767 timere,
4263 4694 4335 4750 ut
4372 4685 4614 4769 debuit,
4648 4693 4713 4750 et
4742 4688 4944 4752 etiam

1289 4795 1577 4880 cogitare
1625 4814 1771 4857 cum
1818 4792 2014 4874 tedio,
2063 4790 2218 4877 quid
2267 4797 2438 4854 esset
2484 4790 2609 4854 sibi
2655 4791 2869 4876 potius
2915 4790 3308 4876 eligendum,
3356 4789 3657 4854 recedere
3713 4811 3796 4854 an
3843 4792 4103 4855 morari.
4152 4791 4224 4856 Si
4272 4793 4623 4876 recederet,
4671 4794 4943 4860 timebat

1289 4902 1605 4966 offensam
1652 4908 1996 4987 parentum
2042 4907 2107 4964 et
2157 4899 2455 4981 fratrum,
2490 4897 2598 4983 qui
2648 4898 2793 4982 ejus
2839 4897 3276 4984 procurabant
3320 4898 3629 4962 honorem
3677 4906 3743 4962 et
3788 4899 4162 4964 comodum:
4197 4900 4253 4963 si
4286 4909 4669 4984 remaneret,
4703 4902 4943 4967 damna

1289 5008 1591 5096 puritatis
1637 5015 1702 5071 et
1750 5028 1971 5071 casum
2019 5006 2231 5069 anime
2279 5004 2508 5069 fortius
2566 5004 2980 5069 formidabat.
3028 5004 3390 5091 Perplexus
3438 5005 3529 5069 sic
3576 5005 3793 5090 itaque
3840 5005 3922 5069 ad
3971 5006 4324 5071 orationem
4373 5028 4442 5071 se
4491 5007 4699 5090 dedit,
4741 5017 4816 5073 ut
4862 5010 4942 5075 de

1291 5117 1430 5181 celo
1477 5137 1672 5202 super
1733 5115 1855 5178 hoc
1917 5113 2041 5177 sibi
2103 5112 2442 5177 consilium
2505 5112 2886 5177 mitteretur.
2938 5111 3139 5195 Cujus
3203 5111 3478 5175 orationi
3540 5111 3667 5177 cito
3728 5113 4273 5199 appropinquavit
4330 5114 4550 5178 divina
4614 5116 4943 5181 miseratio

1287 5222 1367 5288 de
1415 5222 1733 5309 supernis,
1768 5242 1892 5307 que
1941 5220 2112 5285 latus
2160 5220 2303 5304 ejus
2351 5220 2718 5306 percutiens
2766 5220 2833 5283 in
2879 5219 3039 5283 tibia
3088 5220 3296 5306 ipsum
3346 5225 3745 5305 apostemate
3793 5220 4074 5306 pessimo
4114 5221 4501 5304 vulneravit,
4534 5231 4601 5287 et
4631 5224 4945 5288 excitavit

1290 5330 1578 5396 exterius
1627 5328 1710 5392 ad
1758 5328 2026 5393 meliora
2081 5334 2146 5392 et
2198 5326 2406 5412 magis
2451 5348 2568 5413 pro
2616 5327 2834 5391 anima
2883 5326 3248 5391 necessaria
3294 5326 3770 5411 requirendum.
3806 5327 4068 5412 Cogitat
4098 5327 4380 5414 prudens
4407 5330 4666 5414 juvenis
4698 5352 4767 5394 se
4800 5352 4944 5395 esse

1291 5436 1668 5503 exauditum
1717 5436 1797 5500 de
1846 5435 2005 5518 celo,
2041 5441 2106 5499 et
2153 5434 2398 5520 gaudet
2443 5434 2732 5517 interius,
2766 5434 2917 5498 licet
2964 5434 3029 5498 in
3076 5455 3343 5519 corpore
3392 5434 3679 5497 exterius
3726 5433 3965 5498 doloris
3999 5435 4293 5499 immensi
4325 5444 4653 5522 pungatur
4684 5438 4941 5503 aculeo:

1291 5545 1615 5632 patienter
1659 5551 1876 5608 tamen
1925 5548 2142 5629 portat
2190 5542 2480 5628 corporis
2529 5541 2967 5606 infirmitatem
3015 5548 3084 5605 ut
3133 5541 3345 5604 anime
3393 5540 3739 5605 sanitatem
3796 5547 4153 5606 conservet.
4205 5541 4437 5607 Studet
4483 5543 4601 5608 hec
4646 5545 4947 5609 celeriter

1454 5884 1533 5947 (1)
1575 5882 1925 5934 Praeclarum
1965 5880 2285 5934 Monasterii
2320 5882 2497 5933 sancti
2538 5880 2825 5932 Benedicti
2865 5880 3068 5931 fabria-
3177 5897 3317 5949 quac
3346 5880 3451 5931 iam
3480 5879 3820 5948 autographa
3846 5881 3899 5931 in
3928 5880 4149 5932 archivo
4175 5881 4349 5933 sancti
4373 5880 4657 5935 Benedicti
4684 5882 4944 5935 Fabriani

1293 5973 1479 6026 nensis
1500 5971 1781 6026 archivum
1801 5972 1947 6025 inter
1965 5970 2363 6024 MDCCCLXI.
2384 5976 2440 6024 et
2460 5969 2918 6022 MDCCCLXIII.
2940 5970 3067 6022 sub·
3177 5969 3575 6021 asservabatur.
3614 5969 3762 6022 Obiit
3808 5972 4029 6022 sanctus
4087 5969 4350 6023 Silvester
4395 5971 4482 6024 die
4521 5974 4588 6023 26
4635 5973 4945 6025 novembris

1294 6065 1550 6128 tractum,
1588 6061 1736 6114 haud
1775 6061 2138 6131 deperditum,
2176 6061 2433 6114 creditur.
3184 6061 3347 6111 1267:
3375 6059 3599 6128 eiusque
3633 6059 3941 6124 historicus,
3967 6075 4113 6111 anno
4144 6062 4279 6113 1298
4313 6059 4419 6112 fuit
4444 6060 4632 6113 Abba·
4657 6060 4946 6115 Generalis

1454 6152 1532 6218 (2)
1560 6151 1648 6203 Ita
1668 6151 1999 6204 venerabilis
2019 6150 2269 6203 Andreas
2290 6149 2488 6202 Jacobi
2514 6150 2581 6202 de
2608 6148 2882 6202 Fabriano
2910 6165 3068 6201 coae-
3177 6148 3562 6214 renunciatus;
3603 6164 3667 6201 ac
3705 6147 3915 6200 Romae
3966 6149 4022 6200 in
4078 6150 4409 6202 monasterio
4453 6151 4629 6203 sancti
4674 6149 4944 6220 Gregorii,

1293 6258 1394 6294 vus
1432 6240 1565 6293 dicti
1589 6240 1767 6292 sancti
1795 6239 2101 6292 fundatoris
2127 6240 2183 6291 in
2222 6238 2342 6290 Vita
2367 6240 2547 6291 sancti
2569 6239 2818 6291 Silvestre·
2840 6239 3071 6302 abbatis,
3182 6238 3336 6290 cuius
3374 6237 3748 6290 reformationi
3785 6238 3938 6291 iussu
3971 6239 4193 6292 Ioannis
4218 6239 4403 6292 XXII.
4430 6255 4653 6309 operam
4687 6241 4946 6307 navabat,

1294 6330 1414 6384 cod.
1453 6328 1710 6395 membr.,
1751 6344 1894 6380 anno
1951 6332 2105 6394 1280,
2143 6332 2204 6380 ut
2255 6328 2511 6394 creditur,
2550 6329 2879 6398 conscripto.
2918 6328 3071 6379 Haec
3186 6328 3420 6381 decessit
3456 6344 3599 6380 anno
3642 6331 3797 6393 1326,
3836 6329 3921 6381 die
3959 6329 4137 6397 prima
4174 6329 4411 6400 augusti.

1291 6420 1426 6472 Vita
1475 6418 1619 6489 typis
1671 6417 1888 6470 Bonelli
1941 6418 2089 6470 edita
2137 6417 2244 6470 fuit
2298 6418 2354 6469 in
2393 6418 2527 6471 urbe
2580 6418 2767 6470 aesina
2812 6433 2862 6469 a.
2908 6420 3074 6482 1772,
