5542 7775
1282 625 1434 695 298

1275 798 1411 880 filii,
1446 807 1510 861 et
1550 796 1892 881 intelligite
1938 802 2151 860 mente
2199 795 2384 879 vigili
2433 793 2631 858 verba
2676 814 2824 857 mea
2849 839 3044 857 .....

1275 904 1597 968 Deficeret
1646 902 1802 966 mihi
1870 910 2123 988 tempus
2177 903 2392 989 potius
2453 922 2647 987 quam
2711 906 2939 963 sancta
2983 906 3050 963 et

1276 1011 1545 1075 moralia
1598 1009 1770 1074 dicta
1817 1011 1959 1094 ejus
2006 1017 2109 1074 εἰσ.
2158 1007 2500 1073 Adducam
2549 1016 2764 1071 tamen
2827 1006 2932 1070 hic
2980 1005 3048 1069 in

1278 1117 1717 1182 testimonium
1765 1138 1804 1180 a
1853 1138 1952 1181 me
1999 1115 2384 1201 scriptorum
2437 1122 2709 1201 paterna
2770 1113 3048 1177 honora-

1275 1225 1434 1288 bilia
1468 1245 1663 1311 opera
1696 1245 1812 1310 pro
1844 1223 2059 1309 patria
2089 1223 2401 1309 impensa,
2429 1243 2635 1307 eaque
2671 1242 2798 1286 non
2831 1227 3049 1284 tamen

1279 1331 1496 1396 omnia
1542 1338 1646 1395 εἰσ.
1698 1330 1969 1394 Invenio
2017 1329 2082 1394 in
2133 1329 2405 1416 publicis
2462 1327 2807 1392 annalibus
2854 1327 3050 1391 Arre-

1277 1439 1557 1503 tinorum
1606 1438 2053 1501 auctenticatis
2102 1457 2295 1500 manu
2341 1457 2445 1500 ser
2476 1434 2893 1499 Riolomanni
2925 1433 3051 1498 Ar·

1276 1546 1510 1631 migeri
1564 1546 1642 1609 de
1690 1544 1914 1629 Burgo
1964 1543 2186 1608 Sancti
2235 1542 2611 1629 Sepulchri,
2660 1540 2832 1627 quod
2880 1562 3051 1604 anno

1234 1651 1539 1717 -Domini
1590 1649 2051 1733 MCOLXJX„
2102 1648 2356 1713 nemine
2420 1649 2779 1734 imperante
2826 1653 2892 1711 et
2938 1668 3051 1710 va·

1278 1766 1465 1823 cante
1538 1759 1893 1844 apostolica
1969 1778 2240 1822 romana
2303 1756 2500 1837 Sede,
2562 1754 2665 1819 die
2730 1753 3051 1819 dominico

1278 1867 1633 1953 penultimo
1667 1864 2070 1952 septembris,
2106 1863 2258 1927 dum
2297 1863 2604 1928 Arretina
2636 1863 2865 1927 civitas
2906 1882 3051 1925 cnm

1274 1972 1500 2059 Bnrgo
1548 1972 1754 2037 sancti
1803 1970 2143 2058 Sepulchri
2190 1970 2510 2034 hostiliter
2543 1968 2931 2050 dissentiret,
2967 1966 3052 2032 ad

1278 2081 1445 2145 hanc
1495 2079 1755 2143 tandem
1803 2078 2213 2144 concordiam
2260 2077 2609 2141 deventum
2654 2085 2773 2159 est,
2807 2084 2878 2141 ut
2923 2077 3049 2140 Ar-

1276 2190 1467 2253 retini
1516 2189 1833 2273 eligerent
1879 2187 2130 2251 XXIV.
2166 2187 2368 2251 bonos
2414 2186 2609 2268 viros,
2652 2185 2889 2272 quibus
2937 2185 3050 2248 da·

1273 2304 1418 2361 rent
1465 2296 1907 2382 plenissimam
1952 2303 2340 2381 potestatem
2386 2292 2753 2380 paciscendi
2803 2301 2870 2357 et
2914 2291 3051 2357 bel-

1274 2402 1596 2489 ligerandi
1644 2403 1997 2467 secundum
2043 2402 2354 2489 placitum
2403 2400 2742 2487 prudentie
2791 2422 3050 2484 eorum3

1275 2532 1550 2597 quorum
1597 2510 1950 2575 electorum
1998 2509 2259 2574 nomina
2307 2517 2457 2573 sunt
2504 2509 2659 2573 ista:

1399 2617 1718 2682 Dominus
1766 2616 2092 2704 Josephns
2135 2616 2362 2702 judex.

1400 2831 1819 2916 Bonagiunta
1866 2831 2155 2917 Longus.

1402 2938 1784 3002 Albertinus
1831 2938 2172 3003 Johannis.

1400 3045 1834 3110 Bencevenne
1881 3045 2362 3109 Bonaventure.

1406 3152 1724 3238 Magister
1769 3153 2106 3217 Bandinus
2156 3152 2638 3238 grammaticus.

1406 3259 1686 3325 Orionus
1732 3260 2103 3346 Arengerii.

1407 3365 1733 3432 Orlandus
1780 3368 1942 3432 Atti.

1405 3474 1722 3540 Dominus
1770 3476 2089 3540 Martinus
2130 3475 2357 3561 judex,
2407 3484 2511 3541 etc.

1406 3581 1493 3646 Et
1531 3582 1903 3668 Burgeuses
1936 3584 2233 3647 similiter
2263 3605 2347 3647 ex
2378 3592 2562 3670 parte
2596 3583 2746 3666 alia,
2783 3603 3052 3667 congre-

1282 3696 1436 3775 gato
1486 3689 1770 3755 Consilio
1819 3690 2108 3776 generali
2157 3691 2240 3754 ad
2294 3691 2790 3777 parlamentum,
2840 3690 3053 3776 elege-

1281 3804 1433 3863 runt
1488 3821 1633 3864 cum
1695 3800 1890 3887 plena
1952 3800 2126 3864 balia
2182 3808 2246 3864 et
2309 3807 2626 3887 potestate
2688 3800 2755 3863 in
2819 3799 3054 3887 synda-

1277 3928 1422 3971 cum
1474 3915 1960 3993 procuratorem
1994 3916 2060 3973 et
2091 3909 2497 3993 negotiorum
2530 3915 2854 3993 gestorem
2900 3907 3053 3971 dicti

1284 4014 1658 4080 Communis
1692 4015 2018 4080 dominum
2051 4015 2372 4102 Pepulum
2391 4015 2699 4101 judicem,
2727 4015 3054 4102 quondam

1283 4122 1526 4187 domini
1571 4122 1840 4188 Raverii
1887 4122 1967 4188 de
2015 4123 2187 4189 dicto
2219 4123 2463 4209 Burgo.
2496 4123 2582 4188 Et
2614 4123 2875 4188 tandem
2908 4130 3054 4209 post

1277 4230 1484 4294 multa
1531 4238 1971 4295 convenerunt
2016 4230 2170 4295 dicti
2205 4238 2655 4317 procuratores
2688 4236 2753 4294 et
2784 4229 3054 4317 syndaci

1274 4346 1346 4400 ut
1397 4337 1752 4402 Commune
1803 4336 2012 4424 Burgi
2061 4338 2349 4425 quolibet
2395 4360 2564 4401 anno
2612 4338 2896 4402 mitteret
2927 4337 3053 4401 Ar-

1276 4445 1523 4508 recium
1576 4444 1641 4508 in
1685 4445 1912 4530 vigilia
1942 4446 2148 4511 sancti
2184 4446 2422 4511 Donati
2456 4446 2733 4532 presulis
2765 4444 3053 4528 arretini,

1276 4572 1676 4637 purpureum
1725 4574 1801 4617 ac
1849 4573 2086 4617 novum
2142 4552 2411 4640 pallium
2473 4553 2553 4617 de
2614 4552 2786 4617 bono
2848 4552 3052 4616 serico

1274 4679 1470 4745 super
1519 4659 1749 4723 lancea
1795 4660 2193 4745 explicatum
2240 4681 2279 4723 a
2312 4668 2499 4746 porta
2532 4659 2815 4724 civitatis
2848 4681 3053 4745 usque

1276 4766 1360 4829 ad
1410 4766 1727 4853 palatium
1776 4766 2147 4832 Communis
2196 4767 2461 4831 Arretii.
2507 4767 2594 4832 Et
2635 4768 2700 4831 in
2734 4788 2925 4831 mane
2959 4767 3052 4830 fe-

1276 4873 1441 4938 stive
1490 4874 1962 4960 solempnitatis
2018 4874 2376 4938 beatissimi
2435 4874 2680 4940 Donati
2742 4874 3050 4961 presulis,

1275 4982 1385 5068 qui
1447 5004 1597 5047 eum
1658 4990 2083 5070 portaverunt
2131 4985 2196 5048 in
2243 4984 2614 5071 precedenti
2662 4984 2787 5066 die,
2830 5005 3052 5048 rursus

1273 5112 1517 5177 ponere
1565 5098 1630 5154 et
1677 5091 2003 5155 dimittere
2051 5113 2246 5178 super
2295 5093 2501 5156 altare
2548 5092 2816 5175 majoris
2855 5092 3052 5157 Arre-

1275 5198 1409 5262 tine
1470 5197 1764 5262 Ecclesia
1833 5206 2197 5263 teneantur.
2247 5199 2415 5264 Item
2462 5198 2632 5285 quod
2680 5198 3053 5284 Burgenses

1277 5305 1575 5369 omnibus
1645 5306 1779 5369 suis
1850 5306 2153 5392 expensis
2224 5306 2401 5371 refici
2461 5306 2706 5370 faciant
2771 5314 3055 5370 castrum

1275 5412 1498 5476 Plebis
1544 5414 1753 5477 sancti
1803 5413 2139 5499 Stephani,
2174 5422 2240 5477 et
2278 5419 2534 5499 portam
2565 5422 2629 5477 et
2663 5414 2881 5477 omnia
2912 5415 3054 5498 ejus

1277 5519 1531 5584 edificia
1572 5542 1688 5606 per
1722 5521 1894 5606 ipsos
1928 5521 2300 5606 Burgenses
2332 5542 2580 5603 eversa,
2614 5527 2679 5584 et
2711 5520 3054 5585 ecclesiam

1275 5627 1499 5691 Plebis
1548 5628 1829 5713 positam
1876 5635 2065 5692 extra
2111 5634 2416 5711 castrum,
2452 5628 2662 5714 qualis
2711 5635 2873 5711 erat,
2908 5650 3054 5693 cum

1274 5735 1485 5820 ipsam
1533 5733 1823 5799 demoliti
1870 5742 2020 5799 sunt
2068 5783 2556 5800 ........
2602 5734 3056 5801 Promiserunt

1277 5841 1475 5906 etiam
1508 5841 1662 5906 dicti
1693 5841 2066 5927 Burgenses
2099 5842 2315 5907 facere
2348 5843 2414 5907 in
2448 5849 2833 5929 perpetuum
2866 5864 3053 5907 exer-

1275 5951 1473 6016 citum
1520 5958 1585 6015 et
1631 5951 2000 6016 cavalcatas
2049 5952 2576 6038 quotiescumque
2609 5951 2900 6015 Arretini
2931 5952 3054 6017 hoc

1275 6059 1588 6142 facerent,
1622 6059 1729 6123 vel
1776 6058 1966 6124 sociis
2014 6066 2079 6123 et
2127 6058 2350 6124 amicis
2396 6067 2500 6124 εἰσ.
2548 6058 2636 6124 Et
2683 6059 2901 6124 omnia
2947 6081 3052 6123 su-

1274 6166 1571 6253 pradicta
1617 6166 1831 6230 Aretii
1877 6166 2133 6231 firmata
2188 6166 2255 6230 in
2312 6165 2518 6231 Plebe
2576 6173 2797 6231 sancte
2844 6166 3052 6231 Marie

1273 6274 1354 6338 de
1401 6274 1702 6358 ArretiO,
1749 6280 2050 6361 presente
2110 6274 2483 6340 venerabile
2545 6281 2731 6361 patre
2791 6274 3052 6340 domino

1273 6381 1577 6447 «Iohanne
1639 6380 1855 6468 priore
1915 6380 2427 6464 Camaldulensi,
2477 6381 2736 6446 domino
2786 6382 3053 6447 Tarlato

1270 6489 1351 6553 de
1393 6488 1790 6573 Petramala,
1825 6488 2084 6553 domino
2118 6488 2375 6553 Caffare
2403 6488 2643 6571 judice,
2683 6488 3052 6554 Amanuato

2797 635 3446 691 MONUMENTOBUM

3173 789 3447 870 notario,
3480 786 3690 852 Baldo
3732 786 3974 850 domini
4021 784 4394 867 Castellani,
4439 783 4736 848 Ventura
4783 782 4939 849 Gui-

3174 897 3361 980 dalis,
3407 904 3473 961 et
3518 896 3771 961 notario
3814 894 4080 977 Gisello,
4115 893 4411 959 omnibus
4459 891 4707 956 civibus
4740 891 4937 957 Arre·

3173 1004 3326 1069 tinis
3374 1012 3478 1068 εἰσ.

3300 1111 3335 1195 (
3342 1111 3442 1175 Sic
3486 1108 3769 1193 desinit).

3299 1325 3738 1407 ΒΒυΝΕΤΤσε,
3773 1328 4198 1408 cognomento
4244 1321 4574 1404 Ian-mus,
4612 1320 4939 1385 Florentie

3179 1432 3509 1516 oriundus,
3552 1438 3770 1496 tantus
3816 1431 4022 1495 evasit
4071 1429 4308 1511 rhetor,
4356 1428 4797 1515 philosophus,
4843 1427 4939 1491 hi-

3179 1541 3451 1605 storicus
3498 1547 3564 1604 et
3609 1539 3997 1624 astrologus,
4031 1536 4204 1623 quod
4234 1543 4490 1624 poterat
4538 1536 4764 1601 merito
4810 1536 4939 1622 pri-

3179 1648 3303 1713 scis
3351 1647 3715 1712 oratoribus
3763 1645 4153 1731 comparari,
4202 1644 4326 1708 nisi
4371 1651 4594 1709 contra
4644 1651 4942 1706 naturam

3179 1757 3453 1820 obscene
3531 1753 3815 1818 libidinis
3885 1753 4026 1837 ejus
4096 1751 4370 1837 gloriam
4441 1750 4785 1815 infecisset.
4855 1750 4942 1815 Et

3179 1885 3571 1950 quamquam
3618 1860 4123 1926 honorabundus
4171 1859 4236 1924 in
4276 1859 4489 1946 patria
4521 1881 4640 1923 sua
4670 1859 4939 1940 viveret,

3178 1969 3782 2057 supervenientibus
3859 1966 4196 2032 discordiis
4267 1966 4623 2049 intestinis,
4681 1974 4941 2032 coactus

3171 2079 3308 2163 jam
3357 2099 3560 2142 senex
3600 2077 3891 2161 linquere
3923 2074 4177 2139 dulcem
4209 2074 4507 2160 patriam,
4541 2074 4835 2160 pervenit
4877 2074 4942 2137 in

3179 2186 3462 2250 Galliam
3510 2182 3999 2269 transalpinam,
4034 2180 4145 2245 ubi
4191 2188 4458 2268 repente
4490 2181 4796 2266 gallicum
4831 2180 4941 2244 ad-

3176 2292 3364 2358 discit
3397 2292 3676 2380 ydioma.
3709 2290 3794 2355 Et
3825 2298 3898 2354 ut
3931 2289 4122 2375 gallis
4168 2289 4475 2355 divitibus
4522 2288 4944 2376 applauderet

3179 2401 3403 2465 utilem
3450 2400 3687 2464 librum
3735 2398 3977 2483 gallica
4022 2398 4250 2483 lingna
4296 2397 4516 2479 edidit,
4551 2419 4744 2482 quem
4785 2396 4943 2462 The-

3176 2530 3440 2574 sautum
3493 2506 3883 2594 appellavit,
3932 2505 4277 2591 divisitque
4325 2505 4388 2569 in
4446 2505 4645 2569 libros
4705 2512 4943 2570 ternos.

3177 2662 3731 2683 .........
3799 2612 3886 2677 Et
3931 2612 4209 2677 habetur
4254 2612 4377 2677 hoc
4422 2613 4725 2676 volumen
4773 2612 4948 2699 apud

3178 2724 3388 2810 gallos
3435 2723 3501 2786 in
3549 2743 3787 2807 magno
3834 2720 4065 2808 pretio,
4095 2720 4163 2783 in
4205 2741 4332 2805 quo
4379 2718 4545 2783 dixit
4592 2768 4942 2785 ......

3176 2831 3475 2896 faciendo
3524 2830 3606 2894 ad
3654 2829 4030 2893 aucthorem
4086 2828 4209 2892 sibi
4274 2828 4670 2894 Brunectum
4730 2827 4944 2913 loqui:

3410 2954 3559 3006 Siste
3597 2953 3981 3006 recomendato
4019 2953 4060 3004 il
4098 2952 4208 3003 mio
4247 2951 4489 3005 Thesoro

3413 3043 3516 3096 Nel
3558 3044 3720 3113 quale
3760 3043 3883 3094 vivo
3922 3057 4144 3107 ancora,
4183 3057 4212 3094 e
4251 3041 4346 3111 pin
4383 3057 4492 3093 non
4530 3040 4780 3110 cheggio.

3176 3154 3412 3220 Effecit
3460 3154 3658 3218 allum
3707 3153 3774 3216 in
3818 3152 4024 3215 latina
4055 3159 4120 3215 et
4153 3157 4446 3216 materna
4478 3152 4722 3236 lingua,
4758 3172 4950 3237 quem

3187 3262 3667 3326 Thesaurectum
3712 3259 3896 3343 dixit,
3931 3260 3994 3323 in
4031 3280 4158 3345 quo
4191 3259 4494 3323 tractavit
4534 3259 4615 3323 de
4662 3259 4949 3324 moribus

3177 3370 3529 3453 hominum,
3579 3368 3659 3434 de
3706 3368 3983 3448 casibus,
4023 3366 4103 3431 de
4152 3366 4511 3432 mobilitate
4557 3367 4854 3451 fortune,
4888 3377 4950 3432 et

3179 3478 3462 3542 humano
3510 3485 3684 3541 statu
3731 3484 3834 3540 εἰσ.

3308 3694 3652 3758 Conncms
3698 3692 4040 3774 Pramus,
4089 3691 4309 3755 rethor
4357 3691 4678 3755 maximus
4725 3691 4954 3756 facun-

3181 3801 3609 3887 dissimusque
3674 3806 3926 3882 orator,
3974 3804 4168 3886 poeta
4214 3797 4427 3862 clarus
4475 3805 4540 3862 et
4584 3798 4954 3886 hystoricus

3180 3912 3521 3997 gloriosus,
3569 3931 3740 3974 nunc
3786 3908 3948 3973 adeo
3997 3908 4310 3972 mirabilis
4344 3908 4410 3971 in
4444 3908 4617 3973 omni
4648 3908 4952 3972 scientia-

3180 4040 3323 4083 rum
3370 4039 3648 4103 genere,
3697 4024 3962 4102 totaque
4022 4015 4252 4101 politia
4297 4014 4466 4080 inter
4512 4036 4954 4101 quoscumque

3180 4126 3568 4191 clarissimos
3615 4126 3743 4189 mei
3788 4124 3920 4188 stili
3966 4123 4142 4187 visus
4197 4130 4324 4206 est,
4373 4123 4545 4208 quod
4606 4130 4954 4210 postquam

3181 4233 3324 4320 cepi
3370 4233 3550 4296 dotes
3599 4234 3741 4316 ejus
3789 4252 3932 4295 meo
3979 4230 4230 4295 calamo
4277 4252 4516 4316 ponere
4564 4231 4632 4294 in
4678 4252 4952 4318 papyro,

3181 4341 3317 4405 fere
3365 4341 3447 4404 ab
3497 4340 3767 4426 inceptis
3824 4338 4042 4403 destiti
4087 4359 4234 4402 eum
4281 4338 4488 4402 solum
4535 4338 4660 4403 hac
4705 4347 4954 4426 tempe·

3182 4455 3347 4513 state
3396 4447 3474 4511 de
3522 4469 3591 4511 se
3639 4447 3796 4511 satis
3843 4446 4059 4531 digne,
4094 4467 4212 4510 nec
4261 4446 4461 4510 alium
4492 4447 4775 4511 scribere
4809 4455 4958 4534 post

3181 4577 3271 4637 se,
3306 4562 3486 4620 ratus
3533 4563 3637 4621 εἰσ.
3687 4555 3840 4619 Fuit
3897 4554 4198 4619 Colucius
4241 4553 4466 4640 Pyerii
4509 4554 4700 4638 filius,
4735 4556 4957 4619 oriun-

3180 4662 3298 4727 dus
3347 4662 3426 4726 de
3477 4661 3821 4746 Salutatis,
3869 4661 4038 4726 inter
4083 4682 4234 4726 suos
4295 4661 4474 4726 clara
4516 4662 4828 4748 prosapia
4876 4662 4956 4727 de

3182 4769 3519 4855 StignanO,
3569 4777 3781 4834 castro
3830 4769 4090 4855 quidem
4137 4769 4327 4833 vallis
4372 4768 4667 4854 Nievole,
4715 4770 4958 4835 nostris

3180 4879 3581 4964 temporibus
3627 4878 3935 4943 territorii
3981 4879 4326 4962 florentini,
4360 4879 4471 4945 ubi
4519 4886 4662 4945 orta
4707 4880 4958 4945 dudum

3181 4986 3599 5072 partialitatis
3646 4985 3989 5069 discordia,
4032 4993 4104 5051 ut
4149 4985 4523 5072 frequenter
4569 4987 4816 5053 assolet
4862 4989 4960 5052 in·

3181 5100 3280 5157 ter
3326 5100 3579 5176 tuscos,
3629 5092 3905 5179 Pyerius
3968 5093 4171 5158 veluti
4234 5101 4430 5181 caput
4482 5095 4699 5180 guelfe
4748 5098 4960 5183 partis

3180 5201 3464 5287 pellitur,
3495 5199 3682 5265 bonis
3725 5201 3866 5285 ejus
3899 5200 4214 5265 famelicis
4245 5201 4539 5266 hostibus
4571 5203 4653 5267 ad
4685 5203 4962 5290 predam

3179 5309 3369 5373 datis.
3403 5308 3599 5372 Hunc
3640 5330 3798 5394 ergo
3832 5307 4250 5373 Taddeusde
4283 5308 4567 5395 Pepolis,
4600 5309 4961 5376 bononien·

3181 5417 3269 5480 sis
3317 5415 3634 5498 dominus,
3677 5416 3863 5501 largo
3918 5415 4241 5502 stipendio
4288 5416 4374 5480 ad
4417 5438 4487 5481 sc
4535 5418 4756 5501 traxit,
4809 5418 4965 5483 edo-

3181 5530 3321 5588 ctus
3368 5545 3515 5587 eum
3563 5522 3701 5587 fore
3750 5523 3946 5586 armis
3990 5523 4258 5606 clarum,
4292 5545 4410 5588 nec
4445 5524 4653 5588 minus
4686 5527 4963 5591 consilio

3180 5630 3650 5716 prepollentem
3696 5637 3800 5695 εἰσ.
3854 5629 3982 5694 Sed
4017 5650 4187 5695 anno
4217 5629 4340 5695 XI.
4374 5631 4474 5695 sui
4507 5632 4687 5696 exilii
4719 5633 4962 5698 clausit

3181 5736 3455 5801 feliciter
3493 5737 3623 5802 vite
3658 5737 4023 5820 terminum,
4058 5737 4458 5823 superstibns
4491 5739 4695 5803 tribus
4731 5742 4962 5807 melio·

3179 5844 3267 5907 ris
3315 5865 3509 5908 sexus
3540 5844 3710 5927 filiis,
3745 5843 4001 5910 Colutio
4034 5844 4299 5928 scilicet,
4332 5845 4619 5911 Corrado
4651 5855 4717 5911 et
4749 5848 4798 5913 J
4801 5869 4961 5912 oan-

3180 5973 3261 6016 ne
3308 5958 3460 6015 tunc
3507 5952 3879 6037 puberibus.
3930 5952 4185 6018 Colutio
4232 5953 4297 6017 in
4344 5953 4680 6018 literarum
4735 5957 4960 6021 studio

3177 6057 3472 6123 Bononie
3520 6060 3860 6143 enutritus,
3887 6061 4025 6145 jam
4073 6068 4313 6125 etatem
4343 6060 4638 6126 doctrina
4667 6062 4963 6128 mirabili

3180 6167 3551 6253 superabat.
3597 6166 3756 6232 Mox
3818 6168 4026 6233 evasit
4078 6170 4471 6255 prestantior
4538 6170 4678 6256 ipso
4743 6179 4961 6258 patre,

3179 6295 3299 6339 nec
3361 6274 3571 6338 minus
3627 6282 3892 6339 ornatus
3948 6297 4199 6340 morum
4260 6298 4336 6341 ac
4397 6278 4721 6363 gravitate
4789 6279 4963 6361 vite,

3180 6401 3373 6467 quam
3421 6381 3619 6446 fuerit
3649 6381 3967 6468 profunde
4000 6382 4378 6448 eruditionis
4411 6384 4685 6449 celeber.
4718 6385 4964 6450 Fulxit

3178 6496 3326 6576 post
3372 6496 3625 6575 tempus
3674 6496 3924 6554 tantum
3971 6490 4209 6576 eloquii
4235 6491 4453 6575 jubar,
4485 6498 4559 6555 ut
4588 6500 4964 6558 monstrant
