<?xml version="1.0" encoding="UTF-8"?>
<!DOCTYPE html PUBLIC "-//W3C//DTD XHTML 1.0 Transitional//EN"
    "http://www.w3.org/TR/xhtml1/DTD/xhtml1-transitional.dtd">
<html xmlns="http://www.w3.org/1999/xhtml" xml:lang="en" lang="en">
 <head>
  <title>
</title>
<meta http-equiv="Content-Type" content="text/html;charset=utf-8" />
  <meta name='ocr-system' content='tesseract 3.04.00' />
  <meta name='ocr-capabilities' content='ocr_page ocr_carea ocr_par ocr_line ocrx_word'/>
</head>
<body>
  <div class='ocr_page' id='page_1' title='image "./declarisarchigy00malagoog_0032.png"; bbox 0 0 5542 7775; ppageno 0'>
   <div class='ocr_carea' id='block_1_1' title="bbox 1217 552 3267 624">
    <p class='ocr_par' dir='ltr' id='par_1_1' title="bbox 1217 552 3267 624">
     <span class='ocr_line' id='line_1_1' title="bbox 1217 552 3267 624; baseline 0 -2"><span class='ocrx_word' id='word_1_1' title='bbox 1217 552 1314 624; x_wconf 83' lang='lat'><strong>32</strong></span> <span class='ocrx_word' id='word_1_2' title='bbox 2785 572 3267 623; x_wconf 64' lang='lat' dir='ltr'><strong>moxnmmu</strong></span> 
     </span>
    </p>
   </div>
   <div class='ocr_carea' id='block_1_2' title="bbox 2163 993 3884 1546">
    <p class='ocr_par' dir='ltr' id='par_1_2' title="bbox 2163 993 3884 1546">
     <span class='ocr_line' id='line_1_2' title="bbox 2951 993 3102 1060; baseline 0.013 -3"><span class='ocrx_word' id='word_1_3' title='bbox 2951 993 3102 1060; x_wconf 80' lang='lat' dir='ltr'><strong>XV.</strong></span> 
     </span>
     <span class='ocr_line' id='line_1_3' title="bbox 2702 1227 3358 1311; baseline 0.003 -21"><span class='ocrx_word' id='word_1_4' title='bbox 2702 1229 2892 1311; x_wconf 83' lang='lat'><strong>1220,</strong></span> <span class='ocrx_word' id='word_1_5' title='bbox 2941 1229 2982 1289; x_wconf 86' lang='lat'><em>5</em></span> <span class='ocrx_word' id='word_1_6' title='bbox 3022 1227 3358 1311; x_wconf 73' lang='lat' dir='ltr'><strong>febnmrii.</strong></span> 
     </span>
     <span class='ocr_line' id='line_1_4' title="bbox 2163 1455 3884 1546; baseline 0.001 -23"><span class='ocrx_word' id='word_1_7' title='bbox 2163 1458 2267 1523; x_wconf 82' lang='lat' dir='ltr'><strong>Ex</strong></span> <span class='ocrx_word' id='word_1_8' title='bbox 2313 1458 2542 1524; x_wconf 88' lang='lat' dir='ltr'><strong>eodem</strong></span> <span class='ocrx_word' id='word_1_9' title='bbox 2588 1459 2872 1546; x_wconf 68' lang='lat' dir='ltr'><strong>Reyistro</strong></span> <span class='ocrx_word' id='word_1_10' title='bbox 2921 1460 3170 1544; x_wconf 74' lang='lat' dir='ltr'><strong>GrossO,</strong></span> <span class='ocrx_word' id='word_1_11' title='bbox 3219 1459 3329 1524; x_wconf 90' lang='lat' dir='ltr'><strong>lib.</strong></span> <span class='ocrx_word' id='word_1_12' title='bbox 3377 1459 3471 1543; x_wconf 90' lang='lat'><strong>1.,</strong></span> <span class='ocrx_word' id='word_1_13' title='bbox 3519 1481 3574 1524; x_wconf 91' lang='lat' dir='ltr'><strong>c.</strong></span> <span class='ocrx_word' id='word_1_14' title='bbox 3624 1462 3748 1524; x_wconf 81' lang='lat'><strong>331</strong></span> <span class='ocrx_word' id='word_1_15' title='bbox 3804 1455 3884 1525; x_wconf 82' lang='lat' dir='ltr'><strong>r.⁰</strong></span> 
     </span>
    </p>
   </div>
   <div class='ocr_carea' id='block_1_3' title="bbox 1198 1689 4834 2530">
    <p class='ocr_par' dir='ltr' id='par_1_3' title="bbox 1200 1689 4834 2294">
     <span class='ocr_line' id='line_1_5' title="bbox 1378 1689 4834 1777; baseline 0 -22"><span class='ocrx_word' id='word_1_16' title='bbox 1378 1689 1726 1755; x_wconf 81' lang='lat' dir='ltr'><strong>Millesimo</strong></span> <span class='ocrx_word' id='word_1_17' title='bbox 1772 1689 2213 1755; x_wconf 88' lang='lat' dir='ltr'><strong>ducentesimo</strong></span> <span class='ocrx_word' id='word_1_18' title='bbox 2259 1690 2573 1775; x_wconf 78' lang='lat' dir='ltr'><strong>vigesimo</strong></span> <span class='ocrx_word' id='word_1_19' title='bbox 2592 1739 2609 1773; x_wconf 91' lang='lat'><strong>,</strong></span> <span class='ocrx_word' id='word_1_20' title='bbox 2657 1690 2760 1755; x_wconf 92' lang='lat' dir='ltr'><strong>die</strong></span> <span class='ocrx_word' id='word_1_21' title='bbox 2811 1691 3034 1777; x_wconf 88' lang='lat' dir='ltr'><strong>quinto</strong></span> <span class='ocrx_word' id='word_1_22' title='bbox 3095 1691 3378 1756; x_wconf 80' lang='lat' dir='ltr'><strong>intrante</strong></span> <span class='ocrx_word' id='word_1_23' title='bbox 3439 1690 3802 1772; x_wconf 83' lang='lat' dir='ltr'><strong>februario,</strong></span> <span class='ocrx_word' id='word_1_24' title='bbox 3843 1690 4200 1776; x_wconf 87' lang='lat' dir='ltr'><strong>jndictione</strong></span> <span class='ocrx_word' id='word_1_25' title='bbox 4254 1697 4520 1772; x_wconf 84' lang='lat' dir='ltr'><strong>octava,</strong></span> <span class='ocrx_word' id='word_1_26' title='bbox 4564 1692 4639 1775; x_wconf 91' lang='lat' dir='ltr'><strong>jn</strong></span> <span class='ocrx_word' id='word_1_27' title='bbox 4693 1691 4834 1756; x_wconf 86' lang='lat' dir='ltr'><strong>sala</strong></span> 
     </span>
     <span class='ocr_line' id='line_1_6' title="bbox 1200 1797 4831 1886; baseline 0 -23"><span class='ocrx_word' id='word_1_28' title='bbox 1200 1798 1432 1885; x_wconf 85' lang='lat' dir='ltr'><strong>palatii</strong></span> <span class='ocrx_word' id='word_1_29' title='bbox 1477 1798 1870 1882; x_wconf 85' lang='lat' dir='ltr'><strong>Communis,</strong></span> <span class='ocrx_word' id='word_1_30' title='bbox 1917 1799 1986 1863; x_wconf 91' lang='lat' dir='ltr'><strong>in</strong></span> <span class='ocrx_word' id='word_1_31' title='bbox 2032 1819 2161 1885; x_wconf 91' lang='lat' dir='ltr'><strong>qua</strong></span> <span class='ocrx_word' id='word_1_32' title='bbox 2204 1798 2505 1863; x_wconf 73' lang='lat' dir='ltr'><strong>Potestas</strong></span> <span class='ocrx_word' id='word_1_33' title='bbox 2551 1800 2888 1864; x_wconf 80' lang='lat' dir='ltr'><strong>consuevit</strong></span> <span class='ocrx_word' id='word_1_34' title='bbox 2931 1820 3079 1864; x_wconf 90' lang='lat' dir='ltr'><strong>cum</strong></span> <span class='ocrx_word' id='word_1_35' title='bbox 3126 1798 3323 1864; x_wconf 80' lang='lat' dir='ltr'><strong>Curia</strong></span> <span class='ocrx_word' id='word_1_36' title='bbox 3367 1800 3734 1880; x_wconf 79' lang='lat' dir='ltr'><strong>convenire,</strong></span> <span class='ocrx_word' id='word_1_37' title='bbox 3765 1797 4172 1886; x_wconf 77' lang='lat' dir='ltr'><strong>presentibus</strong></span> <span class='ocrx_word' id='word_1_38' title='bbox 4217 1798 4477 1864; x_wconf 89' lang='lat' dir='ltr'><strong>domino</strong></span> <span class='ocrx_word' id='word_1_39' title='bbox 4523 1799 4831 1882; x_wconf 85' lang='lat' dir='ltr'><strong>Beccaro,</strong></span> 
     </span>
     <span class='ocr_line' id='line_1_7' title="bbox 1200 1906 4834 1994; baseline 0 -22"><span class='ocrx_word' id='word_1_40' title='bbox 1200 1913 1267 1972; x_wconf 83' lang='lat' dir='ltr'><strong>et</strong></span> <span class='ocrx_word' id='word_1_41' title='bbox 1312 1906 1572 1972; x_wconf 88' lang='lat' dir='ltr'><strong>domino</strong></span> <span class='ocrx_word' id='word_1_42' title='bbox 1615 1906 1659 1972; x_wconf 86' lang='lat' dir='ltr'><strong>J</strong></span> <span class='ocrx_word' id='word_1_43' title='bbox 1663 1906 2087 1972; x_wconf 89' lang='lat' dir='ltr'><strong>ldrebandino</strong></span> <span class='ocrx_word' id='word_1_44' title='bbox 2133 1906 2582 1993; x_wconf 86' lang='lat' dir='ltr'><strong>Prendipartis</strong></span> <span class='ocrx_word' id='word_1_45' title='bbox 2621 1913 2687 1972; x_wconf 84' lang='lat' dir='ltr'><strong>et</strong></span> <span class='ocrx_word' id='word_1_46' title='bbox 2733 1907 2880 1971; x_wconf 87' lang='lat' dir='ltr'><strong>aliis</strong></span> <span class='ocrx_word' id='word_1_47' title='bbox 2925 1907 3249 1994; x_wconf 84' lang='lat' dir='ltr'><strong>pluribus,</strong></span> <span class='ocrx_word' id='word_1_48' title='bbox 3296 1907 3594 1972; x_wconf 89' lang='lat' dir='ltr'><strong>dominus</strong></span> <span class='ocrx_word' id='word_1_49' title='bbox 3639 1906 4096 1972; x_wconf 83' lang='lat' dir='ltr'><strong>Lambertinus</strong></span> <span class='ocrx_word' id='word_1_50' title='bbox 4139 1906 4384 1972; x_wconf 79' lang='lat' dir='ltr'><strong>Azouis</strong></span> <span class='ocrx_word' id='word_1_51' title='bbox 4431 1906 4704 1972; x_wconf 76' lang='lat' dir='ltr'><strong>Gar-dini</strong></span> <span class='ocrx_word' id='word_1_52' title='bbox 4749 1907 4834 1972; x_wconf 87' lang='lat' dir='ltr'><strong>ad</strong></span> 
     </span>
     <span class='ocr_line' id='line_1_8' title="bbox 1200 2012 4826 2101; baseline 0 -22"><span class='ocrx_word' id='word_1_53' title='bbox 1200 2020 1427 2080; x_wconf 89' lang='lat' dir='ltr'><strong>sancta</strong></span> <span class='ocrx_word' id='word_1_54' title='bbox 1470 2013 1598 2080; x_wconf 91' lang='lat' dir='ltr'><strong>Dei</strong></span> <span class='ocrx_word' id='word_1_55' title='bbox 1643 2014 1988 2101; x_wconf 79' lang='lat' dir='ltr'><strong>evangelia</strong></span> <span class='ocrx_word' id='word_1_56' title='bbox 2028 2014 2298 2099; x_wconf 80' lang='lat' dir='ltr'><strong>juravit,</strong></span> <span class='ocrx_word' id='word_1_57' title='bbox 2347 2013 2701 2080; x_wconf 88' lang='lat' dir='ltr'><strong>secundum</strong></span> <span class='ocrx_word' id='word_1_58' title='bbox 2748 2015 3025 2079; x_wconf 85' lang='lat' dir='ltr'><strong>formam</strong></span> <span class='ocrx_word' id='word_1_59' title='bbox 3075 2014 3346 2098; x_wconf 85' lang='lat' dir='ltr'><strong>Statuti,</strong></span> <span class='ocrx_word' id='word_1_60' title='bbox 3395 2013 3566 2101; x_wconf 92' lang='lat' dir='ltr'><strong>quod</strong></span> <span class='ocrx_word' id='word_1_61' title='bbox 3615 2035 3744 2079; x_wconf 91' lang='lat' dir='ltr'><strong>non</strong></span> <span class='ocrx_word' id='word_1_62' title='bbox 3787 2014 3964 2099; x_wconf 84' lang='lat' dir='ltr'><strong>leget</strong></span> <span class='ocrx_word' id='word_1_63' title='bbox 4008 2013 4088 2078; x_wconf 89' lang='lat' dir='ltr'><strong>de</strong></span> <span class='ocrx_word' id='word_1_64' title='bbox 4131 2012 4420 2099; x_wconf 83' lang='lat' dir='ltr'><strong>Legibus</strong></span> <span class='ocrx_word' id='word_1_65' title='bbox 4465 2023 4653 2079; x_wconf 82' lang='lat' dir='ltr'><strong>extra</strong></span> <span class='ocrx_word' id='word_1_66' title='bbox 4697 2014 4826 2080; x_wconf 91' lang='lat' dir='ltr'><strong>Bo-</strong></span> 
     </span>
     <span class='ocr_line' id='line_1_9' title="bbox 1201 2120 4829 2207; baseline 0 -21"><span class='ocrx_word' id='word_1_67' title='bbox 1201 2121 1459 2186; x_wconf 87' lang='lat' dir='ltr'><strong>noniam</strong></span> <span class='ocrx_word' id='word_1_68' title='bbox 1522 2122 1625 2186; x_wconf 78' lang='lat' dir='ltr'><strong>vel</strong></span> <span class='ocrx_word' id='word_1_69' title='bbox 1686 2122 1828 2206; x_wconf 89' lang='lat' dir='ltr'><strong>ejus</strong></span> <span class='ocrx_word' id='word_1_70' title='bbox 1888 2121 2306 2204; x_wconf 88' lang='lat' dir='ltr'><strong>Districtum,</strong></span> <span class='ocrx_word' id='word_1_71' title='bbox 2354 2128 2421 2185; x_wconf 87' lang='lat' dir='ltr'><strong>et</strong></span> <span class='ocrx_word' id='word_1_72' title='bbox 2481 2120 2653 2207; x_wconf 89' lang='lat' dir='ltr'><strong>quod</strong></span> <span class='ocrx_word' id='word_1_73' title='bbox 2714 2142 2844 2186; x_wconf 93' lang='lat' dir='ltr'><strong>non</strong></span> <span class='ocrx_word' id='word_1_74' title='bbox 2891 2122 3014 2186; x_wconf 88' lang='lat' dir='ltr'><strong>erit</strong></span> <span class='ocrx_word' id='word_1_75' title='bbox 3059 2122 3125 2186; x_wconf 90' lang='lat' dir='ltr'><strong>in</strong></span> <span class='ocrx_word' id='word_1_76' title='bbox 3170 2120 3475 2187; x_wconf 88' lang='lat' dir='ltr'><strong>conscilio</strong></span> <span class='ocrx_word' id='word_1_77' title='bbox 3523 2122 3626 2186; x_wconf 79' lang='lat' dir='ltr'><strong>vel</strong></span> <span class='ocrx_word' id='word_1_78' title='bbox 3673 2121 3997 2206; x_wconf 85' lang='lat' dir='ltr'><strong>adjutorio</strong></span> <span class='ocrx_word' id='word_1_79' title='bbox 4054 2128 4128 2184; x_wconf 86' lang='lat' dir='ltr'><strong>ut</strong></span> <span class='ocrx_word' id='word_1_80' title='bbox 4193 2120 4496 2186; x_wconf 85' lang='lat' dir='ltr'><strong>Studium</strong></span> <span class='ocrx_word' id='word_1_81' title='bbox 4536 2121 4829 2187; x_wconf 90' lang='lat' dir='ltr'><strong>Bononie</strong></span> 
     </span>
     <span class='ocr_line' id='line_1_10' title="bbox 1201 2227 2146 2294; baseline -0.001 0"><span class='ocrx_word' id='word_1_82' title='bbox 1201 2227 1536 2294; x_wconf 83' lang='lat' dir='ltr'><strong>auferatur</strong></span> <span class='ocrx_word' id='word_1_83' title='bbox 1576 2230 1682 2293; x_wconf 80' lang='lat' dir='ltr'><strong>vel</strong></span> <span class='ocrx_word' id='word_1_84' title='bbox 1729 2228 2146 2294; x_wconf 84' lang='lat' dir='ltr'><strong>diminuatur.</strong></span> 
     </span>
    </p>

    <p class='ocr_par' dir='ltr' id='par_1_4' title="bbox 1198 2334 4828 2530">
     <span class='ocr_line' id='line_1_11' title="bbox 1377 2334 4828 2422; baseline -0 -21"><span class='ocrx_word' id='word_1_85' title='bbox 1377 2334 1497 2418; x_wconf 89' lang='lat' dir='ltr'><strong>(L.</strong></span> <span class='ocrx_word' id='word_1_86' title='bbox 1530 2336 1575 2417; x_wconf 87' lang='lat'>†</span> <span class='ocrx_word' id='word_1_87' title='bbox 1608 2335 1702 2418; x_wconf 78' lang='lat' dir='ltr'><strong>S.)</strong></span> <span class='ocrx_word' id='word_1_88' title='bbox 1748 2335 1893 2421; x_wconf 83' lang='lat' dir='ltr'><strong>Ego</strong></span> <span class='ocrx_word' id='word_1_89' title='bbox 1940 2335 2291 2401; x_wconf 74' lang='lat' dir='ltr'><strong>Zacharias</strong></span> <span class='ocrx_word' id='word_1_90' title='bbox 2340 2336 2419 2400; x_wconf 92' lang='lat' dir='ltr'><strong>de</strong></span> <span class='ocrx_word' id='word_1_91' title='bbox 2470 2336 2690 2400; x_wconf 85' lang='lat' dir='ltr'><strong>Strata</strong></span> <span class='ocrx_word' id='word_1_92' title='bbox 2735 2335 2994 2420; x_wconf 86' lang='lat' dir='ltr'><strong>Majori,</strong></span> <span class='ocrx_word' id='word_1_93' title='bbox 3028 2335 3379 2422; x_wconf 87' lang='lat' dir='ltr'><strong>imperialis</strong></span> <span class='ocrx_word' id='word_1_94' title='bbox 3425 2336 3598 2401; x_wconf 86' lang='lat' dir='ltr'><strong>Aule</strong></span> <span class='ocrx_word' id='word_1_95' title='bbox 3643 2343 3709 2400; x_wconf 89' lang='lat' dir='ltr'><strong>et</strong></span> <span class='ocrx_word' id='word_1_96' title='bbox 3753 2357 3922 2401; x_wconf 89' lang='lat' dir='ltr'><strong>nunc</strong></span> <span class='ocrx_word' id='word_1_97' title='bbox 3971 2335 4276 2401; x_wconf 80' lang='lat' dir='ltr'><strong>Comunis</strong></span> <span class='ocrx_word' id='word_1_98' title='bbox 4320 2336 4485 2401; x_wconf 89' lang='lat' dir='ltr'><strong>Bon.</strong></span> <span class='ocrx_word' id='word_1_99' title='bbox 4520 2337 4828 2418; x_wconf 82' lang='lat' dir='ltr'><strong>notarius,</strong></span> 
     </span>
     <span class='ocr_line' id='line_1_12' title="bbox 1198 2442 4026 2530; baseline 0.001 -23"><span class='ocrx_word' id='word_1_100' title='bbox 1198 2443 1489 2530; x_wconf 78' lang='lat' dir='ltr'><strong>predicta</strong></span> <span class='ocrx_word' id='word_1_101' title='bbox 1534 2442 1792 2530; x_wconf 87' lang='lat' dir='ltr'><strong>publice</strong></span> <span class='ocrx_word' id='word_1_102' title='bbox 1837 2443 2086 2530; x_wconf 79' lang='lat' dir='ltr'><strong>scripsi.</strong></span> <span class='ocrx_word' id='word_1_103' title='bbox 4017 2461 4026 2468; x_wconf 85' lang='lat'><strong>·</strong></span> 
     </span>
    </p>
   </div>
   <div class='ocr_carea' id='block_1_4' title="bbox 2303 2708 3723 3261">
    <p class='ocr_par' dir='ltr' id='par_1_5' title="bbox 2303 2708 3723 3261">
     <span class='ocr_line' id='line_1_13' title="bbox 2921 2708 3111 2773; baseline 0 0"><span class='ocrx_word' id='word_1_104' title='bbox 2921 2708 3111 2773; x_wconf 84' lang='lat' dir='ltr'><strong>XVI.</strong></span> 
     </span>
     <span class='ocr_line' id='line_1_14' title="bbox 2640 2939 3384 3026; baseline 0.001 -22"><span class='ocrx_word' id='word_1_105' title='bbox 2640 2942 2836 3025; x_wconf 90' lang='grc'><strong><em>1220,</em></strong></span> <span class='ocrx_word' id='word_1_106' title='bbox 2882 2940 2971 3004; x_wconf 89' lang='grc'><strong>23</strong></span> <span class='ocrx_word' id='word_1_107' title='bbox 3011 2939 3384 3026; x_wconf 79' lang='lat' dir='ltr'><strong>septembris.</strong></span> 
     </span>
     <span class='ocr_line' id='line_1_15' title="bbox 2303 3174 3723 3261; baseline -0.001 -21"><span class='ocrx_word' id='word_1_108' title='bbox 2303 3174 2411 3240; x_wconf 81' lang='lat' dir='ltr'><strong>Ex</strong></span> <span class='ocrx_word' id='word_1_109' title='bbox 2458 3175 2740 3261; x_wconf 61' lang='lat' dir='ltr'><strong>Reqidro</strong></span> <span class='ocrx_word' id='word_1_110' title='bbox 2792 3175 3041 3258; x_wconf 78' lang='lat' dir='ltr'><strong>Grosso,</strong></span> <span class='ocrx_word' id='word_1_111' title='bbox 3087 3175 3199 3239; x_wconf 90' lang='lat' dir='ltr'><strong>lib.</strong></span> <span class='ocrx_word' id='word_1_112' title='bbox 3247 3175 3339 3256; x_wconf 89' lang='lat' dir='ltr'><strong>I.,</strong></span> <span class='ocrx_word' id='word_1_113' title='bbox 3390 3195 3444 3239; x_wconf 88' lang='lat' dir='ltr'><strong>c.</strong></span> <span class='ocrx_word' id='word_1_114' title='bbox 3494 3177 3616 3239; x_wconf 85' lang='lat'><strong>351</strong></span> <span class='ocrx_word' id='word_1_115' title='bbox 3671 3196 3723 3239; x_wconf 91' lang='lat' dir='ltr'><strong>r.</strong></span> 
     </span>
    </p>
   </div>
   <div class='ocr_carea' id='block_1_5' title="bbox 1182 3405 4828 4466">
    <p class='ocr_par' dir='ltr' id='par_1_6' title="bbox 1182 3405 4828 4249">
     <span class='ocr_line' id='line_1_16' title="bbox 1364 3405 4825 3497; baseline 0.001 -23"><span class='ocrx_word' id='word_1_116' title='bbox 1364 3408 1561 3474; x_wconf 83' lang='lat' dir='ltr'><strong>Anno</strong></span> <span class='ocrx_word' id='word_1_117' title='bbox 1591 3408 1837 3474; x_wconf 89' lang='lat' dir='ltr'><strong>domini</strong></span> <span class='ocrx_word' id='word_1_118' title='bbox 1869 3408 2209 3473; x_wconf 88' lang='lat' dir='ltr'><strong>millesimo</strong></span> <span class='ocrx_word' id='word_1_119' title='bbox 2239 3408 2680 3474; x_wconf 88' lang='lat' dir='ltr'><strong>ducentesimo</strong></span> <span class='ocrx_word' id='word_1_120' title='bbox 2712 3406 3048 3494; x_wconf 78' lang='lat' dir='ltr'><strong>vigesimo,</strong></span> <span class='ocrx_word' id='word_1_121' title='bbox 3080 3405 3432 3472; x_wconf 84' lang='lat' dir='ltr'><strong>indictione</strong></span> <span class='ocrx_word' id='word_1_122' title='bbox 3462 3415 3714 3490; x_wconf 79' lang='lat' dir='ltr'><strong>octava,</strong></span> <span class='ocrx_word' id='word_1_123' title='bbox 3741 3407 3846 3473; x_wconf 90' lang='lat' dir='ltr'><strong>die</strong></span> <span class='ocrx_word' id='word_1_124' title='bbox 3873 3415 4104 3474; x_wconf 80' lang='lat' dir='ltr'><strong>octavo</strong></span> <span class='ocrx_word' id='word_1_125' title='bbox 4135 3418 4415 3475; x_wconf 81' lang='lat' dir='ltr'><strong>exeunte</strong></span> <span class='ocrx_word' id='word_1_126' title='bbox 4446 3413 4825 3497; x_wconf 86' lang='lat' dir='ltr'><strong>septembri,</strong></span> 
     </span>
     <span class='ocr_line' id='line_1_17' title="bbox 1185 3514 4828 3604; baseline 0.001 -23"><span class='ocrx_word' id='word_1_127' title='bbox 1185 3518 1253 3581; x_wconf 90' lang='lat' dir='ltr'><strong>in</strong></span> <span class='ocrx_word' id='word_1_128' title='bbox 1297 3517 1568 3604; x_wconf 87' lang='lat' dir='ltr'><strong>pallatio</strong></span> <span class='ocrx_word' id='word_1_129' title='bbox 1615 3516 1989 3583; x_wconf 84' lang='lat' dir='ltr'><strong>Communis</strong></span> <span class='ocrx_word' id='word_1_130' title='bbox 2033 3516 2359 3599; x_wconf 87' lang='lat' dir='ltr'><strong>Bononie‚</strong></span> <span class='ocrx_word' id='word_1_131' title='bbox 2406 3517 2473 3580; x_wconf 91' lang='lat' dir='ltr'><strong>in</strong></span> <span class='ocrx_word' id='word_1_132' title='bbox 2519 3515 2849 3603; x_wconf 87' lang='lat' dir='ltr'><strong>presentia</strong></span> <span class='ocrx_word' id='word_1_133' title='bbox 2894 3514 3154 3580; x_wconf 87' lang='lat' dir='ltr'><strong>testium</strong></span> <span class='ocrx_word' id='word_1_134' title='bbox 3219 3521 3596 3601; x_wconf 82' lang='lat' dir='ltr'><strong>rogatorum</strong></span> <span class='ocrx_word' id='word_1_135' title='bbox 3657 3523 3724 3580; x_wconf 91' lang='lat' dir='ltr'><strong>et</strong></span> <span class='ocrx_word' id='word_1_136' title='bbox 3781 3522 4188 3598; x_wconf 78' lang='lat' dir='ltr'><strong>vocatorum,</strong></span> <span class='ocrx_word' id='word_1_137' title='bbox 4236 3516 4538 3583; x_wconf 81' lang='lat' dir='ltr'><strong>videlicet</strong></span> <span class='ocrx_word' id='word_1_138' title='bbox 4579 3518 4828 3584; x_wconf 89' lang='lat' dir='ltr'><strong>domini</strong></span> 
     </span>
     <span class='ocr_line' id='line_1_18' title="bbox 1182 3622 4824 3710; baseline 0.001 -20"><span class='ocrx_word' id='word_1_139' title='bbox 1182 3624 1417 3691; x_wconf 87' lang='lat' dir='ltr'><strong>Jacobi</strong></span> <span class='ocrx_word' id='word_1_140' title='bbox 1477 3625 1721 3708; x_wconf 85' lang='lat' dir='ltr'><strong>Pizoli,</strong></span> <span class='ocrx_word' id='word_1_141' title='bbox 1769 3624 2013 3690; x_wconf 82' lang='lat' dir='ltr'><strong>domini</strong></span> <span class='ocrx_word' id='word_1_142' title='bbox 2059 3623 2310 3690; x_wconf 86' lang='lat' dir='ltr'><strong>Juliani</strong></span> <span class='ocrx_word' id='word_1_143' title='bbox 2355 3623 2436 3689; x_wconf 92' lang='lat' dir='ltr'><strong>de</strong></span> <span class='ocrx_word' id='word_1_144' title='bbox 2485 3622 2805 3690; x_wconf 89' lang='lat' dir='ltr'><strong>Odderico</strong></span> <span class='ocrx_word' id='word_1_145' title='bbox 2852 3622 3346 3706; x_wconf 83' lang='lat' dir='ltr'><strong>Boniconscilii,</strong></span> <span class='ocrx_word' id='word_1_146' title='bbox 3395 3622 3637 3688; x_wconf 90' lang='lat' dir='ltr'><strong>domini</strong></span> <span class='ocrx_word' id='word_1_147' title='bbox 3682 3623 3916 3688; x_wconf 86' lang='lat' dir='ltr'><strong>Jacobi</strong></span> <span class='ocrx_word' id='word_1_148' title='bbox 3961 3623 4042 3688; x_wconf 91' lang='lat' dir='ltr'><strong>de</strong></span> <span class='ocrx_word' id='word_1_149' title='bbox 4088 3623 4450 3710; x_wconf 87' lang='lat' dir='ltr'><strong>Enrigitto,</strong></span> <span class='ocrx_word' id='word_1_150' title='bbox 4496 3626 4695 3692; x_wconf 86' lang='lat' dir='ltr'><strong>Janni</strong></span> <span class='ocrx_word' id='word_1_151' title='bbox 4744 3627 4824 3693; x_wconf 91' lang='lat' dir='ltr'><strong>de</strong></span> 
     </span>
     <span class='ocr_line' id='line_1_19' title="bbox 1182 3729 4822 3818; baseline 0 -20"><span class='ocrx_word' id='word_1_152' title='bbox 1182 3732 1480 3817; x_wconf 81' lang='lat' dir='ltr'><strong>Alberto‚</strong></span> <span class='ocrx_word' id='word_1_153' title='bbox 1530 3732 1693 3798; x_wconf 84' lang='lat' dir='ltr'><strong>Soro</strong></span> <span class='ocrx_word' id='word_1_154' title='bbox 1728 3732 1948 3818; x_wconf 89' lang='lat' dir='ltr'><strong>judice</strong></span> <span class='ocrx_word' id='word_1_155' title='bbox 1995 3753 2167 3798; x_wconf 91' lang='lat' dir='ltr'><strong>nunc</strong></span> <span class='ocrx_word' id='word_1_156' title='bbox 2215 3732 2589 3798; x_wconf 85' lang='lat' dir='ltr'><strong>Communis</strong></span> <span class='ocrx_word' id='word_1_157' title='bbox 2633 3730 2952 3814; x_wconf 91' lang='lat' dir='ltr'><strong>Bononie‚</strong></span> <span class='ocrx_word' id='word_1_158' title='bbox 2998 3729 3346 3815; x_wconf 84' lang='lat' dir='ltr'><strong>Angelello</strong></span> <span class='ocrx_word' id='word_1_159' title='bbox 3392 3730 3644 3795; x_wconf 87' lang='lat' dir='ltr'><strong>notario</strong></span> <span class='ocrx_word' id='word_1_160' title='bbox 3688 3731 3769 3796; x_wconf 90' lang='lat' dir='ltr'><strong>de</strong></span> <span class='ocrx_word' id='word_1_161' title='bbox 3818 3730 4241 3797; x_wconf 88' lang='lat' dir='ltr'><strong>Carboncello</strong></span> <span class='ocrx_word' id='word_1_162' title='bbox 4288 3740 4355 3797; x_wconf 90' lang='lat' dir='ltr'><strong>et</strong></span> <span class='ocrx_word' id='word_1_163' title='bbox 4399 3733 4672 3798; x_wconf 87' lang='lat' dir='ltr'><strong>aliorum</strong></span> <span class='ocrx_word' id='word_1_164' title='bbox 4692 3785 4708 3817; x_wconf 90' lang='lat'><strong>,</strong></span> <span class='ocrx_word' id='word_1_165' title='bbox 4756 3736 4822 3800; x_wconf 91' lang='lat' dir='ltr'><strong>in</strong></span> 
     </span>
     <span class='ocr_line' id='line_1_20' title="bbox 1184 3837 4823 3929; baseline 0.001 -21"><span class='ocrx_word' id='word_1_166' title='bbox 1184 3862 1459 3929; x_wconf 88' lang='lat' dir='ltr'><strong>quorum</strong></span> <span class='ocrx_word' id='word_1_167' title='bbox 1502 3841 1834 3929; x_wconf 85' lang='lat' dir='ltr'><strong>presentia</strong></span> <span class='ocrx_word' id='word_1_168' title='bbox 1876 3841 2056 3907; x_wconf 76' lang='lat' dir='ltr'><strong>venit</strong></span> <span class='ocrx_word' id='word_1_169' title='bbox 2102 3839 2400 3906; x_wconf 87' lang='lat' dir='ltr'><strong>dominus</strong></span> <span class='ocrx_word' id='word_1_170' title='bbox 2445 3839 2831 3906; x_wconf 83' lang='lat' dir='ltr'><strong>Bonefatius</strong></span> <span class='ocrx_word' id='word_1_171' title='bbox 2879 3837 3205 3926; x_wconf 85' lang='lat' dir='ltr'><strong>quondam</strong></span> <span class='ocrx_word' id='word_1_172' title='bbox 3258 3837 3430 3903; x_wconf 89' lang='lat' dir='ltr'><strong>filius</strong></span> <span class='ocrx_word' id='word_1_173' title='bbox 3489 3837 3732 3904; x_wconf 89' lang='lat' dir='ltr'><strong>domini</strong></span> <span class='ocrx_word' id='word_1_174' title='bbox 3790 3837 4095 3905; x_wconf 87' lang='lat' dir='ltr'><strong>Odderici</strong></span> <span class='ocrx_word' id='word_1_175' title='bbox 4154 3838 4612 3907; x_wconf 88' lang='lat' dir='ltr'><strong>Boniconscilii</strong></span> <span class='ocrx_word' id='word_1_176' title='bbox 4671 3849 4823 3910; x_wconf 87' lang='lat' dir='ltr'><strong>ante</strong></span> 
     </span>
     <span class='ocr_line' id='line_1_21' title="bbox 1183 3944 4822 4036; baseline 0 -21"><span class='ocrx_word' id='word_1_177' title='bbox 1183 3949 1516 4015; x_wconf 86' lang='lat' dir='ltr'><strong>dominum</strong></span> <span class='ocrx_word' id='word_1_178' title='bbox 1560 3948 1892 4031; x_wconf 84' lang='lat' dir='ltr'><strong>Frassum,</strong></span> <span class='ocrx_word' id='word_1_179' title='bbox 1926 3948 2215 4034; x_wconf 89' lang='lat' dir='ltr'><strong>judicem</strong></span> <span class='ocrx_word' id='word_1_180' title='bbox 2261 3947 2504 4013; x_wconf 90' lang='lat' dir='ltr'><strong>domini</strong></span> <span class='ocrx_word' id='word_1_181' title='bbox 2552 3945 2888 4012; x_wconf 84' lang='lat' dir='ltr'><strong>Guillelmi</strong></span> <span class='ocrx_word' id='word_1_182' title='bbox 2933 3944 3014 4010; x_wconf 89' lang='lat' dir='ltr'><strong>de</strong></span> <span class='ocrx_word' id='word_1_183' title='bbox 3059 3944 3390 4027; x_wconf 87' lang='lat' dir='ltr'><strong>Pusterla,</strong></span> <span class='ocrx_word' id='word_1_184' title='bbox 3438 3946 3662 4010; x_wconf 81' lang='lat' dir='ltr'><strong>volens</strong></span> <span class='ocrx_word' id='word_1_185' title='bbox 3708 3967 3935 4031; x_wconf 82' lang='lat' dir='ltr'><strong>regere</strong></span> <span class='ocrx_word' id='word_1_186' title='bbox 3981 3947 4265 4012; x_wconf 87' lang='lat' dir='ltr'><strong>studium</strong></span> <span class='ocrx_word' id='word_1_187' title='bbox 4308 3948 4549 4033; x_wconf 82' lang='lat' dir='ltr'><strong>legum,</strong></span> <span class='ocrx_word' id='word_1_188' title='bbox 4596 3971 4822 4036; x_wconf 90' lang='lat' dir='ltr'><strong>corpo-</strong></span> 
     </span>
     <span class='ocr_line' id='line_1_22' title="bbox 1182 4051 4819 4142; baseline 0 -20"><span class='ocrx_word' id='word_1_189' title='bbox 1182 4058 1409 4122; x_wconf 83' lang='lat' dir='ltr'><strong>raliter</strong></span> <span class='ocrx_word' id='word_1_190' title='bbox 1447 4056 1697 4142; x_wconf 76' lang='lat' dir='ltr'><strong>juravit</strong></span> <span class='ocrx_word' id='word_1_191' title='bbox 1741 4077 1961 4122; x_wconf 88' lang='lat' dir='ltr'><strong>coram</strong></span> <span class='ocrx_word' id='word_1_192' title='bbox 2006 4055 2296 4142; x_wconf 84' lang='lat' dir='ltr'><strong>predicto</strong></span> <span class='ocrx_word' id='word_1_193' title='bbox 2343 4054 2603 4119; x_wconf 90' lang='lat' dir='ltr'><strong>domino</strong></span> <span class='ocrx_word' id='word_1_194' title='bbox 2647 4053 2910 4135; x_wconf 84' lang='lat' dir='ltr'><strong>Frasso,</strong></span> <span class='ocrx_word' id='word_1_195' title='bbox 2953 4051 3174 4137; x_wconf 90' lang='lat' dir='ltr'><strong>judice</strong></span> <span class='ocrx_word' id='word_1_196' title='bbox 3231 4051 3584 4117; x_wconf 85' lang='lat' dir='ltr'><strong>Potestatis</strong></span> <span class='ocrx_word' id='word_1_197' title='bbox 3605 4101 3622 4135; x_wconf 90' lang='lat'><strong>,</strong></span> <span class='ocrx_word' id='word_1_198' title='bbox 3671 4053 3762 4117; x_wconf 87' lang='lat' dir='ltr'><strong>ita</strong></span> <span class='ocrx_word' id='word_1_199' title='bbox 3826 4054 4173 4119; x_wconf 75' lang='lat' dir='ltr'><strong>observare</strong></span> <span class='ocrx_word' id='word_1_200' title='bbox 4220 4062 4286 4119; x_wconf 88' lang='lat' dir='ltr'><strong>et</strong></span> <span class='ocrx_word' id='word_1_201' title='bbox 4340 4055 4555 4121; x_wconf 86' lang='lat' dir='ltr'><strong>facere</strong></span> <span class='ocrx_word' id='word_1_202' title='bbox 4615 4064 4686 4121; x_wconf 85' lang='lat' dir='ltr'><strong>ut</strong></span> <span class='ocrx_word' id='word_1_203' title='bbox 4755 4058 4819 4122; x_wconf 92' lang='lat' dir='ltr'><strong>in</strong></span> 
     </span>
     <span class='ocr_line' id='line_1_23' title="bbox 1184 4162 2624 4249; baseline -0.002 -19"><span class='ocrx_word' id='word_1_204' title='bbox 1184 4165 1444 4231; x_wconf 85' lang='lat' dir='ltr'><strong>Statuto</strong></span> <span class='ocrx_word' id='word_1_205' title='bbox 1489 4163 1570 4230; x_wconf 87' lang='lat' dir='ltr'><strong>de</strong></span> <span class='ocrx_word' id='word_1_206' title='bbox 1618 4163 1894 4228; x_wconf 88' lang='lat' dir='ltr'><strong>dominis</strong></span> <span class='ocrx_word' id='word_1_207' title='bbox 1939 4163 2192 4249; x_wconf 83' lang='lat' dir='ltr'><strong>Legum</strong></span> <span class='ocrx_word' id='word_1_208' title='bbox 2239 4162 2624 4228; x_wconf 86' lang='lat' dir='ltr'><strong>continetur.</strong></span> 
     </span>
    </p>

    <p class='ocr_par' dir='ltr' id='par_1_7' title="bbox 1357 4266 3509 4356">
     <span class='ocr_line' id='line_1_24' title="bbox 1357 4266 3509 4356; baseline -0.002 -19"><span class='ocrx_word' id='word_1_209' title='bbox 1357 4272 1859 4337; x_wconf 86' lang='lat' dir='ltr'><strong>Prenominatus</strong></span> <span class='ocrx_word' id='word_1_210' title='bbox 1907 4269 2206 4335; x_wconf 89' lang='lat' dir='ltr'><strong>dominus</strong></span> <span class='ocrx_word' id='word_1_211' title='bbox 2252 4269 2530 4334; x_wconf 87' lang='lat' dir='ltr'><strong>Frassus</strong></span> <span class='ocrx_word' id='word_1_212' title='bbox 2576 4268 2869 4356; x_wconf 87' lang='lat' dir='ltr'><strong>predicta</strong></span> <span class='ocrx_word' id='word_1_213' title='bbox 2913 4267 3109 4333; x_wconf 88' lang='lat' dir='ltr'><strong>scribi</strong></span> <span class='ocrx_word' id='word_1_214' title='bbox 3156 4266 3509 4332; x_wconf 81' lang='lat' dir='ltr'><strong>mandavit.</strong></span> 
     </span>
    </p>

    <p class='ocr_par' dir='ltr' id='par_1_8' title="bbox 1359 4373 4818 4466">
     <span class='ocr_line' id='line_1_25' title="bbox 1359 4373 4818 4466; baseline -0.001 -21"><span class='ocrx_word' id='word_1_215' title='bbox 1359 4379 1505 4466; x_wconf 83' lang='lat' dir='ltr'><strong>Ego</strong></span> <span class='ocrx_word' id='word_1_216' title='bbox 1551 4379 1875 4465; x_wconf 87' lang='lat' dir='ltr'><strong>Ugolinus</strong></span> <span class='ocrx_word' id='word_1_217' title='bbox 1919 4376 2329 4461; x_wconf 87' lang='lat' dir='ltr'><strong>Ymolensis,</strong></span> <span class='ocrx_word' id='word_1_218' title='bbox 2376 4376 2503 4442; x_wconf 88' lang='lat' dir='ltr'><strong>Dei</strong></span> <span class='ocrx_word' id='word_1_219' title='bbox 2550 4377 2763 4462; x_wconf 87' lang='lat' dir='ltr'><strong>gratia</strong></span> <span class='ocrx_word' id='word_1_220' title='bbox 2811 4375 3163 4463; x_wconf 87' lang='lat' dir='ltr'><strong>imperialis</strong></span> <span class='ocrx_word' id='word_1_221' title='bbox 3210 4373 3381 4438; x_wconf 82' lang='lat' dir='ltr'><strong>Aule</strong></span> <span class='ocrx_word' id='word_1_222' title='bbox 3429 4375 3753 4459; x_wconf 85' lang='lat' dir='ltr'><strong>notarius,</strong></span> <span class='ocrx_word' id='word_1_223' title='bbox 3800 4375 4064 4441; x_wconf 84' lang='lat' dir='ltr'><strong>interfui</strong></span> <span class='ocrx_word' id='word_1_224' title='bbox 4109 4376 4412 4463; x_wconf 87' lang='lat' dir='ltr'><strong>predictis</strong></span> <span class='ocrx_word' id='word_1_225' title='bbox 4459 4386 4524 4442; x_wconf 86' lang='lat' dir='ltr'><strong>et</strong></span> <span class='ocrx_word' id='word_1_226' title='bbox 4570 4379 4818 4465; x_wconf 86' lang='lat' dir='ltr'><strong>scripsi.</strong></span> 
     </span>
    </p>
   </div>
   <div class='ocr_carea' id='block_1_6' title="bbox 2152 4752 3855 5305">
    <p class='ocr_par' dir='ltr' id='par_1_9' title="bbox 2152 4752 3855 5305">
     <span class='ocr_line' id='line_1_26' title="bbox 2892 4752 3116 4818; baseline 0.004 -1"><span class='ocrx_word' id='word_1_227' title='bbox 2892 4752 3116 4818; x_wconf 83' lang='lat' dir='ltr'><strong>XVII.</strong></span> 
     </span>
     <span class='ocr_line' id='line_1_27' title="bbox 2649 4985 3370 5070; baseline 0.003 -21"><span class='ocrx_word' id='word_1_228' title='bbox 2649 4986 2843 5070; x_wconf 89' lang='grc'><strong><em>1220,</em></strong></span> <span class='ocrx_word' id='word_1_229' title='bbox 2891 4986 2977 5049; x_wconf 81' lang='grc'><strong><em>24</em></strong></span> <span class='ocrx_word' id='word_1_230' title='bbox 3024 4985 3370 5052; x_wconf 74' lang='lat' dir='ltr'><strong>decembris,</strong></span> 
     </span>
     <span class='ocr_line' id='line_1_28' title="bbox 2152 5157 3855 5305; baseline 0 -22"><span class='ocrx_word' id='word_1_231' title='bbox 2152 5218 2257 5283; x_wconf 81' lang='lat' dir='ltr'><strong>Ex</strong></span> <span class='ocrx_word' id='word_1_232' title='bbox 2304 5219 2533 5284; x_wconf 88' lang='lat' dir='ltr'><strong>eodem</strong></span> <span class='ocrx_word' id='word_1_233' title='bbox 2578 5219 2862 5305; x_wconf 75' lang='lat' dir='ltr'><strong>Reqistro</strong></span> <span class='ocrx_word' id='word_1_234' title='bbox 2909 5157 3156 5301; x_wconf 39' lang='lat' dir='ltr'><strong>Circaea,</strong></span> <span class='ocrx_word' id='word_1_235' title='bbox 3208 5218 3318 5283; x_wconf 92' lang='lat' dir='ltr'><strong>lib.</strong></span> <span class='ocrx_word' id='word_1_236' title='bbox 3368 5218 3462 5300; x_wconf 89' lang='lat' dir='ltr'><strong>L,</strong></span> <span class='ocrx_word' id='word_1_237' title='bbox 3510 5240 3564 5283; x_wconf 93' lang='lat' dir='ltr'><strong>c.</strong></span> <span class='ocrx_word' id='word_1_238' title='bbox 3613 5219 3740 5282; x_wconf 81' lang='lat'><strong>377</strong></span> <span class='ocrx_word' id='word_1_239' title='bbox 3791 5240 3855 5283; x_wconf 67' lang='lat' dir='ltr'><strong>V.</strong></span> 
     </span>
    </p>
   </div>
   <div class='ocr_carea' id='block_1_7' title="bbox 1168 5449 4817 6503">
    <p class='ocr_par' dir='ltr' id='par_1_10' title="bbox 1168 5449 4817 6503">
     <span class='ocr_line' id='line_1_29' title="bbox 1351 5449 4817 5535; baseline -0.001 -17"><span class='ocrx_word' id='word_1_240' title='bbox 1351 5452 1700 5519; x_wconf 79' lang='lat' dir='ltr'><strong>Millesimo</strong></span> <span class='ocrx_word' id='word_1_241' title='bbox 1747 5451 2187 5517; x_wconf 89' lang='lat' dir='ltr'><strong>ducentesimo</strong></span> <span class='ocrx_word' id='word_1_242' title='bbox 2235 5450 2569 5535; x_wconf 78' lang='lat' dir='ltr'><strong>vigesimo,</strong></span> <span class='ocrx_word' id='word_1_243' title='bbox 2616 5450 2720 5515; x_wconf 89' lang='lat' dir='ltr'><strong>die</strong></span> <span class='ocrx_word' id='word_1_244' title='bbox 2756 5450 2930 5534; x_wconf 77' lang='lat' dir='ltr'><strong>jovis</strong></span> <span class='ocrx_word' id='word_1_245' title='bbox 2976 5456 3205 5514; x_wconf 85' lang='lat' dir='ltr'><strong>octavo</strong></span> <span class='ocrx_word' id='word_1_246' title='bbox 3251 5458 3528 5514; x_wconf 81' lang='lat' dir='ltr'><strong>exeunte</strong></span> <span class='ocrx_word' id='word_1_247' title='bbox 3563 5449 3924 5531; x_wconf 81' lang='lat' dir='ltr'><strong>decembre,</strong></span> <span class='ocrx_word' id='word_1_248' title='bbox 3952 5449 4312 5533; x_wconf 88' lang='lat' dir='ltr'><strong>judictione</strong></span> <span class='ocrx_word' id='word_1_249' title='bbox 4344 5457 4595 5515; x_wconf 79' lang='lat' dir='ltr'><strong>octava.</strong></span> <span class='ocrx_word' id='word_1_250' title='bbox 4645 5451 4817 5515; x_wconf 85' lang='lat' dir='ltr'><strong>Con-</strong></span> 
     </span>
     <span class='ocr_line' id='line_1_30' title="bbox 1173 5555 4815 5647; baseline -0.002 -21"><span class='ocrx_word' id='word_1_251' title='bbox 1173 5567 1447 5647; x_wconf 81' lang='lat' dir='ltr'><strong>gregato</strong></span> <span class='ocrx_word' id='word_1_252' title='bbox 1494 5558 1817 5625; x_wconf 81' lang='lat' dir='ltr'><strong>Conscilio</strong></span> <span class='ocrx_word' id='word_1_253' title='bbox 1865 5557 2207 5623; x_wconf 78' lang='lat' dir='ltr'><strong>Credentie</strong></span> <span class='ocrx_word' id='word_1_254' title='bbox 2253 5558 2445 5623; x_wconf 88' lang='lat' dir='ltr'><strong>solito</strong></span> <span class='ocrx_word' id='word_1_255' title='bbox 2492 5578 2670 5622; x_wconf 89' lang='lat' dir='ltr'><strong>more</strong></span> <span class='ocrx_word' id='word_1_256' title='bbox 2717 5556 2802 5621; x_wconf 89' lang='lat' dir='ltr'><strong>ad</strong></span> <span class='ocrx_word' id='word_1_257' title='bbox 2847 5577 3078 5621; x_wconf 89' lang='lat' dir='ltr'><strong>sonum</strong></span> <span class='ocrx_word' id='word_1_258' title='bbox 3123 5577 3457 5642; x_wconf 86' lang='lat' dir='ltr'><strong>campane,</strong></span> <span class='ocrx_word' id='word_1_259' title='bbox 3499 5555 3806 5621; x_wconf 86' lang='lat' dir='ltr'><strong>mandato</strong></span> <span class='ocrx_word' id='word_1_260' title='bbox 3853 5556 4226 5639; x_wconf 83' lang='lat' dir='ltr'><strong>Potestatis,</strong></span> <span class='ocrx_word' id='word_1_261' title='bbox 4276 5557 4523 5621; x_wconf 88' lang='lat' dir='ltr'><strong>scilicet</strong></span> <span class='ocrx_word' id='word_1_262' title='bbox 4568 5556 4815 5621; x_wconf 86' lang='lat' dir='ltr'><strong>domini</strong></span> 
     </span>
     <span class='ocr_line' id='line_1_31' title="bbox 1175 5662 4817 5749; baseline -0.002 -16"><span class='ocrx_word' id='word_1_263' title='bbox 1175 5667 1511 5733; x_wconf 80' lang='lat' dir='ltr'><strong>Guilielmi</strong></span> <span class='ocrx_word' id='word_1_264' title='bbox 1556 5666 1637 5731; x_wconf 92' lang='lat' dir='ltr'><strong>de</strong></span> <span class='ocrx_word' id='word_1_265' title='bbox 1681 5665 2022 5749; x_wconf 87' lang='lat' dir='ltr'><strong>Pusterla,</strong></span> <span class='ocrx_word' id='word_1_266' title='bbox 2071 5664 2291 5729; x_wconf 87' lang='lat' dir='ltr'><strong>retulit</strong></span> <span class='ocrx_word' id='word_1_267' title='bbox 2335 5663 2633 5730; x_wconf 89' lang='lat' dir='ltr'><strong>dominus</strong></span> <span class='ocrx_word' id='word_1_268' title='bbox 2694 5663 3129 5729; x_wconf 84' lang='lat' dir='ltr'><strong>Guizardinus</strong></span> <span class='ocrx_word' id='word_1_269' title='bbox 3185 5664 3404 5749; x_wconf 88' lang='lat' dir='ltr'><strong>legum</strong></span> <span class='ocrx_word' id='word_1_270' title='bbox 3451 5662 3677 5727; x_wconf 87' lang='lat' dir='ltr'><strong>doctor</strong></span> <span class='ocrx_word' id='word_1_271' title='bbox 3741 5663 3975 5726; x_wconf 83' lang='lat' dir='ltr'><strong>iterum</strong></span> <span class='ocrx_word' id='word_1_272' title='bbox 4028 5663 4444 5727; x_wconf 88' lang='lat' dir='ltr'><strong>transmissus</strong></span> <span class='ocrx_word' id='word_1_273' title='bbox 4505 5685 4652 5728; x_wconf 90' lang='lat' dir='ltr'><strong>cum</strong></span> <span class='ocrx_word' id='word_1_274' title='bbox 4700 5685 4817 5727; x_wconf 91' lang='lat' dir='ltr'><strong>un-</strong></span> 
     </span>
     <span class='ocr_line' id='line_1_32' title="bbox 1176 5769 4816 5860; baseline -0.002 -19"><span class='ocrx_word' id='word_1_275' title='bbox 1176 5775 1386 5841; x_wconf 88' lang='lat' dir='ltr'><strong>decim</strong></span> <span class='ocrx_word' id='word_1_276' title='bbox 1437 5772 1857 5860; x_wconf 82' lang='lat' dir='ltr'><strong>Sapjentibus</strong></span> <span class='ocrx_word' id='word_1_277' title='bbox 1919 5772 2002 5837; x_wconf 90' lang='lat' dir='ltr'><strong>ad</strong></span> <span class='ocrx_word' id='word_1_278' title='bbox 2062 5770 2393 5836; x_wconf 86' lang='lat' dir='ltr'><strong>dominum</strong></span> <span class='ocrx_word' id='word_1_279' title='bbox 2438 5770 2866 5858; x_wconf 88' lang='lat' dir='ltr'><strong>Episcopum,</strong></span> <span class='ocrx_word' id='word_1_280' title='bbox 2913 5771 3084 5857; x_wconf 92' lang='lat' dir='ltr'><strong>quod</strong></span> <span class='ocrx_word' id='word_1_281' title='bbox 3138 5770 3436 5835; x_wconf 88' lang='lat' dir='ltr'><strong>dominus</strong></span> <span class='ocrx_word' id='word_1_282' title='bbox 3491 5769 3854 5856; x_wconf 84' lang='lat' dir='ltr'><strong>Episcopus</strong></span> <span class='ocrx_word' id='word_1_283' title='bbox 3919 5769 4010 5834; x_wconf 90' lang='lat' dir='ltr'><strong>sic</strong></span> <span class='ocrx_word' id='word_1_284' title='bbox 4071 5770 4164 5834; x_wconf 88' lang='lat' dir='ltr'><strong>eis</strong></span> <span class='ocrx_word' id='word_1_285' title='bbox 4229 5770 4593 5857; x_wconf 88' lang='lat' dir='ltr'><strong>respondit,</strong></span> <span class='ocrx_word' id='word_1_286' title='bbox 4644 5771 4816 5855; x_wconf 90' lang='lat' dir='ltr'><strong>quod</strong></span> 
     </span>
     <span class='ocr_line' id='line_1_33' title="bbox 1172 5876 4813 5965; baseline -0.001 -18"><span class='ocrx_word' id='word_1_287' title='bbox 1172 5881 1499 5947; x_wconf 87' lang='lat' dir='ltr'><strong>homicida</strong></span> <span class='ocrx_word' id='word_1_288' title='bbox 1542 5879 1798 5946; x_wconf 87' lang='lat' dir='ltr'><strong>restitui</strong></span> <span class='ocrx_word' id='word_1_289' title='bbox 1842 5878 2079 5944; x_wconf 87' lang='lat' dir='ltr'><strong>debeat</strong></span> <span class='ocrx_word' id='word_1_290' title='bbox 2124 5879 2193 5943; x_wconf 89' lang='lat' dir='ltr'><strong>in</strong></span> <span class='ocrx_word' id='word_1_291' title='bbox 2238 5878 2428 5943; x_wconf 90' lang='lat' dir='ltr'><strong>domo</strong></span> <span class='ocrx_word' id='word_1_292' title='bbox 2473 5899 2593 5943; x_wconf 88' lang='lat' dir='ltr'><strong>sua</strong></span> <span class='ocrx_word' id='word_1_293' title='bbox 2638 5880 2921 5965; x_wconf 88' lang='lat' dir='ltr'><strong>propria,</strong></span> <span class='ocrx_word' id='word_1_294' title='bbox 2957 5899 3037 5943; x_wconf 87' lang='lat' dir='ltr'><strong>ea</strong></span> <span class='ocrx_word' id='word_1_295' title='bbox 3082 5885 3299 5942; x_wconf 87' lang='lat' dir='ltr'><strong>tamen</strong></span> <span class='ocrx_word' id='word_1_296' title='bbox 3347 5877 3733 5959; x_wconf 87' lang='lat' dir='ltr'><strong>conditione,</strong></span> <span class='ocrx_word' id='word_1_297' title='bbox 3767 5876 3939 5963; x_wconf 89' lang='lat' dir='ltr'><strong>quod</strong></span> <span class='ocrx_word' id='word_1_298' title='bbox 3982 5876 4286 5963; x_wconf 89' lang='lat' dir='ltr'><strong>quicquid</strong></span> <span class='ocrx_word' id='word_1_299' title='bbox 4334 5898 4531 5962; x_wconf 88' lang='lat' dir='ltr'><strong>super</strong></span> <span class='ocrx_word' id='word_1_300' title='bbox 4575 5898 4653 5941; x_wconf 92' lang='lat' dir='ltr'><strong>eo</strong></span> <span class='ocrx_word' id='word_1_301' title='bbox 4702 5899 4813 5942; x_wconf 87' lang='lat' dir='ltr'><strong>ne-</strong></span> 
     </span>
     <span class='ocr_line' id='line_1_34' title="bbox 1171 5983 4815 6077; baseline -0.002 -20"><span class='ocrx_word' id='word_1_302' title='bbox 1171 5990 1351 6077; x_wconf 88' lang='lat' dir='ltr'><strong>gotio</strong></span> <span class='ocrx_word' id='word_1_303' title='bbox 1399 5989 1644 6055; x_wconf 86' lang='lat' dir='ltr'><strong>factum</strong></span> <span class='ocrx_word' id='word_1_304' title='bbox 1689 5994 1789 6053; x_wconf 90' lang='lat' dir='ltr'><strong>est</strong></span> <span class='ocrx_word' id='word_1_305' title='bbox 1835 6009 1920 6052; x_wconf 82' lang='lat' dir='ltr'><strong>ex</strong></span> <span class='ocrx_word' id='word_1_306' title='bbox 1949 5993 2135 6074; x_wconf 87' lang='lat' dir='ltr'><strong>parte</strong></span> <span class='ocrx_word' id='word_1_307' title='bbox 2170 5986 2563 6069; x_wconf 86' lang='lat' dir='ltr'><strong>Communis,</strong></span> <span class='ocrx_word' id='word_1_308' title='bbox 2597 5993 2663 6050; x_wconf 91' lang='lat' dir='ltr'><strong>et</strong></span> <span class='ocrx_word' id='word_1_309' title='bbox 2694 6007 2811 6072; x_wconf 92' lang='lat' dir='ltr'><strong>pro</strong></span> <span class='ocrx_word' id='word_1_310' title='bbox 2844 5984 3204 6068; x_wconf 86' lang='lat' dir='ltr'><strong>Communi,</strong></span> <span class='ocrx_word' id='word_1_311' title='bbox 3239 5992 3304 6049; x_wconf 88' lang='lat' dir='ltr'><strong>et</strong></span> <span class='ocrx_word' id='word_1_312' title='bbox 3339 6007 3425 6049; x_wconf 82' lang='lat' dir='ltr'><strong>ex</strong></span> <span class='ocrx_word' id='word_1_313' title='bbox 3453 5992 3640 6071; x_wconf 88' lang='lat' dir='ltr'><strong>parte</strong></span> <span class='ocrx_word' id='word_1_314' title='bbox 3672 5984 3916 6049; x_wconf 88' lang='lat' dir='ltr'><strong>domini</strong></span> <span class='ocrx_word' id='word_1_315' title='bbox 3945 5983 4273 6071; x_wconf 87' lang='lat' dir='ltr'><strong>Episcopi,</strong></span> <span class='ocrx_word' id='word_1_316' title='bbox 4308 5990 4374 6048; x_wconf 90' lang='lat' dir='ltr'><strong>et</strong></span> <span class='ocrx_word' id='word_1_317' title='bbox 4406 6004 4522 6070; x_wconf 91' lang='lat' dir='ltr'><strong>pro</strong></span> <span class='ocrx_word' id='word_1_318' title='bbox 4555 5983 4815 6050; x_wconf 90' lang='lat' dir='ltr'><strong>domino</strong></span> 
     </span>
     <span class='ocr_line' id='line_1_35' title="bbox 1168 6090 4814 6185; baseline -0.002 -22"><span class='ocrx_word' id='word_1_319' title='bbox 1168 6097 1517 6185; x_wconf 85' lang='lat' dir='ltr'><strong>Episcopo,</strong></span> <span class='ocrx_word' id='word_1_320' title='bbox 1552 6096 1803 6161; x_wconf 89' lang='lat' dir='ltr'><strong>nullum</strong></span> <span class='ocrx_word' id='word_1_321' title='bbox 1849 6094 2048 6159; x_wconf 87' lang='lat' dir='ltr'><strong>faciat</strong></span> <span class='ocrx_word' id='word_1_322' title='bbox 2091 6092 2530 6181; x_wconf 88' lang='lat' dir='ltr'><strong>prejuditium,</strong></span> <span class='ocrx_word' id='word_1_323' title='bbox 2562 6093 2670 6158; x_wconf 77' lang='lat' dir='ltr'><strong>vel</strong></span> <span class='ocrx_word' id='word_1_324' title='bbox 2711 6094 2820 6177; x_wconf 90' lang='lat' dir='ltr'><strong>jus</strong></span> <span class='ocrx_word' id='word_1_325' title='bbox 2865 6092 3179 6179; x_wconf 88' lang='lat' dir='ltr'><strong>acquirat,</strong></span> <span class='ocrx_word' id='word_1_326' title='bbox 3212 6092 3348 6157; x_wconf 84' lang='lat' dir='ltr'><strong>sive</strong></span> <span class='ocrx_word' id='word_1_327' title='bbox 3401 6091 3787 6178; x_wconf 89' lang='lat' dir='ltr'><strong>acquisitum</strong></span> <span class='ocrx_word' id='word_1_328' title='bbox 3834 6091 4074 6156; x_wconf 87' lang='lat' dir='ltr'><strong>habeat</strong></span> <span class='ocrx_word' id='word_1_329' title='bbox 4118 6090 4458 6156; x_wconf 83' lang='lat' dir='ltr'><strong>Communi</strong></span> <span class='ocrx_word' id='word_1_330' title='bbox 4503 6092 4612 6156; x_wconf 79' lang='lat' dir='ltr'><strong>vel</strong></span> <span class='ocrx_word' id='word_1_331' title='bbox 4656 6090 4814 6178; x_wconf 88' lang='lat' dir='ltr'><strong>Epi·</strong></span> 
     </span>
     <span class='ocr_line' id='line_1_36' title="bbox 1168 6198 4813 6293; baseline -0.003 -21"><span class='ocrx_word' id='word_1_332' title='bbox 1168 6226 1385 6293; x_wconf 88' lang='lat' dir='ltr'><strong>scopo.</strong></span> <span class='ocrx_word' id='word_1_333' title='bbox 1432 6203 1521 6270; x_wconf 89' lang='lat' dir='ltr'><strong>Et</strong></span> <span class='ocrx_word' id='word_1_334' title='bbox 1566 6203 1738 6268; x_wconf 90' lang='lat' dir='ltr'><strong>idem</strong></span> <span class='ocrx_word' id='word_1_335' title='bbox 1784 6202 1863 6268; x_wconf 89' lang='lat' dir='ltr'><strong>de</strong></span> <span class='ocrx_word' id='word_1_336' title='bbox 1911 6200 2369 6286; x_wconf 87' lang='lat' dir='ltr'><strong>[re]stitutione</strong></span> <span class='ocrx_word' id='word_1_337' title='bbox 2430 6208 2496 6265; x_wconf 87' lang='lat' dir='ltr'><strong>et</strong></span> <span class='ocrx_word' id='word_1_338' title='bbox 2556 6199 2960 6265; x_wconf 81' lang='lat' dir='ltr'><strong>relaxatione</strong></span> <span class='ocrx_word' id='word_1_339' title='bbox 3019 6199 3338 6264; x_wconf 90' lang='lat' dir='ltr'><strong>homicide</strong></span> <span class='ocrx_word' id='word_1_340' title='bbox 3384 6198 3694 6287; x_wconf 89' lang='lat' dir='ltr'><strong>predicti,</strong></span> <span class='ocrx_word' id='word_1_341' title='bbox 3742 6198 3940 6263; x_wconf 85' lang='lat' dir='ltr'><strong>etiam</strong></span> <span class='ocrx_word' id='word_1_342' title='bbox 3984 6198 4156 6284; x_wconf 91' lang='lat' dir='ltr'><strong>quod</strong></span> <span class='ocrx_word' id='word_1_343' title='bbox 4203 6198 4502 6263; x_wconf 87' lang='lat' dir='ltr'><strong>Potestas</strong></span> <span class='ocrx_word' id='word_1_344' title='bbox 4560 6198 4813 6262; x_wconf 89' lang='lat' dir='ltr'><strong>nullum</strong></span> 
     </span>
     <span class='ocr_line' id='line_1_37' title="bbox 1168 6304 4813 6400; baseline -0.002 -23"><span class='ocrx_word' id='word_1_345' title='bbox 1168 6313 1459 6400; x_wconf 80' lang='lat' dir='ltr'><strong>requirat</strong></span> <span class='ocrx_word' id='word_1_346' title='bbox 1503 6310 1808 6397; x_wconf 87' lang='lat' dir='ltr'><strong>deinceps</strong></span> <span class='ocrx_word' id='word_1_347' title='bbox 1855 6309 2096 6374; x_wconf 90' lang='lat' dir='ltr'><strong>laicum</strong></span> <span class='ocrx_word' id='word_1_348' title='bbox 2139 6307 2247 6373; x_wconf 78' lang='lat' dir='ltr'><strong>vel</strong></span> <span class='ocrx_word' id='word_1_349' title='bbox 2291 6307 2596 6373; x_wconf 88' lang='lat' dir='ltr'><strong>clericum</strong></span> <span class='ocrx_word' id='word_1_350' title='bbox 2616 6357 2633 6391; x_wconf 93' lang='lat'><strong>,</strong></span> <span class='ocrx_word' id='word_1_351' title='bbox 2682 6315 2748 6373; x_wconf 87' lang='lat' dir='ltr'><strong>et</strong></span> <span class='ocrx_word' id='word_1_352' title='bbox 2794 6314 3019 6372; x_wconf 91' lang='lat' dir='ltr'><strong>contra</strong></span> <span class='ocrx_word' id='word_1_353' title='bbox 3072 6305 3415 6393; x_wconf 87' lang='lat' dir='ltr'><strong>requisitos</strong></span> <span class='ocrx_word' id='word_1_354' title='bbox 3462 6327 3592 6371; x_wconf 92' lang='lat' dir='ltr'><strong>non</strong></span> <span class='ocrx_word' id='word_1_355' title='bbox 3638 6304 3947 6393; x_wconf 90' lang='lat' dir='ltr'><strong>procedat</strong></span> <span class='ocrx_word' id='word_1_356' title='bbox 3993 6326 4111 6392; x_wconf 93' lang='lat' dir='ltr'><strong>pro</strong></span> <span class='ocrx_word' id='word_1_357' title='bbox 4159 6304 4330 6370; x_wconf 89' lang='lat' dir='ltr'><strong>dicto</strong></span> <span class='ocrx_word' id='word_1_358' title='bbox 4376 6305 4658 6390; x_wconf 83' lang='lat' dir='ltr'><strong>negoti0,</strong></span> <span class='ocrx_word' id='word_1_359' title='bbox 4707 6304 4813 6369; x_wconf 78' lang='lat' dir='ltr'><strong>vel</strong></span> 
     </span>
     <span class='ocr_line' id='line_1_38' title="bbox 1169 6413 4811 6503; baseline -0.003 -17"><span class='ocrx_word' id='word_1_360' title='bbox 1169 6420 1509 6486; x_wconf 88' lang='lat' dir='ltr'><strong>occasione</strong></span> <span class='ocrx_word' id='word_1_361' title='bbox 1556 6419 1752 6503; x_wconf 89' lang='lat' dir='ltr'><strong>hujus</strong></span> <span class='ocrx_word' id='word_1_362' title='bbox 1801 6416 2065 6502; x_wconf 86' lang='lat' dir='ltr'><strong>negotii.</strong></span> <span class='ocrx_word' id='word_1_363' title='bbox 2112 6414 2198 6480; x_wconf 91' lang='lat' dir='ltr'><strong>Et</strong></span> <span class='ocrx_word' id='word_1_364' title='bbox 2244 6415 2540 6480; x_wconf 88' lang='lat' dir='ltr'><strong>dominus</strong></span> <span class='ocrx_word' id='word_1_365' title='bbox 2584 6413 2945 6501; x_wconf 87' lang='lat' dir='ltr'><strong>Episcopus</strong></span> <span class='ocrx_word' id='word_1_366' title='bbox 2991 6413 3295 6478; x_wconf 81' lang='lat' dir='ltr'><strong>liberabit</strong></span> <span class='ocrx_word' id='word_1_367' title='bbox 3357 6420 3421 6477; x_wconf 89' lang='lat' dir='ltr'><strong>et</strong></span> <span class='ocrx_word' id='word_1_368' title='bbox 3483 6413 3776 6478; x_wconf 76' lang='lat' dir='ltr'><strong>absolvet</strong></span> <span class='ocrx_word' id='word_1_369' title='bbox 3832 6432 4052 6477; x_wconf 88' lang='lat' dir='ltr'><strong>omnes</strong></span> <span class='ocrx_word' id='word_1_370' title='bbox 4106 6433 4449 6498; x_wconf 86' lang='lat' dir='ltr'><strong>personas,</strong></span> <span class='ocrx_word' id='word_1_371' title='bbox 4499 6433 4660 6498; x_wconf 86' lang='lat' dir='ltr'><strong>que,</strong></span> <span class='ocrx_word' id='word_1_372' title='bbox 4708 6433 4811 6476; x_wconf 92' lang='lat' dir='ltr'><strong>oc-</strong></span> 
     </span>
    </p>
   </div>
   <div class='ocr_carea' id='block_1_8' title="bbox 5475 506 5477 1743">
    <p class='ocr_par' dir='ltr' id='par_1_11' title="bbox 5475 506 5477 1743">
     <span class='ocr_line' id='line_1_39' title="bbox 5475 506 5477 1743; baseline 0 0"><span class='ocrx_word' id='word_1_373' title='bbox 5475 506 5477 1743; x_wconf 95' lang='lat' dir='ltr'><strong> </strong></span> 
     </span>
    </p>
   </div>
   <div class='ocr_carea' id='block_1_9' title="bbox 5474 4729 5478 6675">
    <p class='ocr_par' dir='ltr' id='par_1_12' title="bbox 5474 4729 5478 6675">
     <span class='ocr_line' id='line_1_40' title="bbox 5474 4729 5478 6675; baseline 0 0"><span class='ocrx_word' id='word_1_374' title='bbox 5474 4729 5478 6675; x_wconf 95' lang='lat' dir='ltr'><strong> </strong></span> 
     </span>
    </p>
   </div>
  </div>
 </body>
</html>
