5542 7775
1248 611 1291 680 2
1319 611 1398 680 [6
2823 626 3301 677 MONUMENTA

1246 803 1321 845 ac
1371 788 1575 845 terras
1624 802 1846 845 eorum
1896 781 2100 845 dictas
2148 781 2532 845 anctoritate
2583 781 2867 866 ipsorum
2920 780 3121 865 possit
3168 782 3336 844 ferre
3385 780 3759 863 sententias,
3800 780 3926 843 nisi
3972 779 4245 866 predicti
4291 788 4730 866 occupatores,
4776 780 4884 844 de-

1245 896 1550 970 tentoreS,
1586 887 1933 952 violatores
1981 894 2044 951 et
2091 888 2456 953 turbatores
2504 909 2579 951 ac
2629 887 2826 951 ceteri
2876 887 2985 950 alii
3036 887 3118 949 ab
3167 888 3438 969 iniuriis,
3472 886 3784 950 molestiis
3830 895 3893 950 et
3942 887 4478 973 occupacienibns
4518 887 4885 971 hujusmodi

1244 996 1629 1077 destiterint,
1676 1000 1741 1058 et
1779 995 2103 1058 statutarii
2137 1002 2199 1059 et
2233 995 2682 1058 observatores
2731 1002 3119 1058 statutorum
3166 993 3246 1058 de
3294 995 3579 1081 ipsorum
3630 993 3999 1080 capitularii
4045 1000 4288 1057 statuta
4335 992 4559 1057 eadem
4607 993 4882 1077 abrad[i]

1243 1103 1630 1184 curaverint,
1667 1101 1789 1165 nisi
1836 1101 2002 1165 infra
2051 1102 2212 1166 duos
2259 1123 2512 1165 menses
2560 1109 2903 1188 postquam
2950 1102 3368 1165 monitionem
3414 1123 3599 1165 suam
3647 1101 3906 1165 duxerit
3953 1100 4339 1165 faciendam.
4387 1101 4475 1164 At
4521 1102 4573 1164 si
4623 1108 4882 1187 propter

1243 1210 1606 1295 aliquorum
1654 1209 1989 1291 malitiam,
2023 1230 2137 1272 seu
2200 1210 2562 1295 potenciam
2611 1208 2811 1295 ipsius
2858 1209 3098 1272 domini
3149 1208 3662 1295 Archiepiscopi,
3698 1209 3963 1272 monitio
3998 1208 4081 1271 ad
4114 1208 4516 1294 supradictos
4546 1209 4880 1294 pervenire

1245 1338 1373 1380 non
1420 1326 1658 1402 posset,
1708 1316 1878 1379 idem
1927 1316 2470 1402 Archiepiscopns
2521 1316 2724 1402 ipsam
2776 1315 2915 1380 fieri
2962 1315 3160 1380 faciat
3199 1317 3264 1379 in
3300 1316 3516 1401 aliquo
3564 1316 3707 1379 loco
3755 1315 4035 1401 publico,
4070 1315 4148 1379 de
4184 1337 4309 1400 quo
4343 1315 4421 1378 ad
4459 1315 4630 1401 ipsos
4662 1316 4880 1379 verisi-

1248 1423 1485 1487 militer
1525 1423 1742 1487 valeat
1788 1424 2146 1509 pervenire,
2197 1445 2391 1508 quam
2437 1423 2616 1486 illam
2663 1423 3031 1487 firmitatem
3079 1423 3320 1487 habere
3368 1424 3592 1487 volunt
3640 1445 3714 1487 ac
3763 1424 3819 1486 si
3865 1423 3956 1487 eis
4005 1430 4068 1486 et
4117 1423 4180 1486 in
4231 1424 4516 1508 ipsorum
4566 1424 4883 1509 presentia

1246 1539 1416 1595 esset
1463 1530 1656 1595 facta.
1705 1530 2070 1594 Firmantes
2118 1530 2201 1594 ad
2249 1531 2544 1613 invicem,
2579 1530 2750 1616 quod
2794 1531 3063 1617 quilibet
3097 1530 3466 1595 eorumdem
3501 1532 3949 1617 episcoporum
3982 1531 4334 1595 sententias
4368 1531 4667 1594 serendas
4702 1552 4879 1595 occa·

1243 1638 1421 1702 sione
1470 1638 1877 1701 invasionum
1924 1659 1999 1701 ac
2047 1637 2320 1700 aliorum
2368 1638 2882 1723 supradictorum
2928 1659 3047 1723 per
3093 1637 3390 1701 eumdem
3437 1637 3765 1701 dominum
3798 1638 4375 1724 Archiepiscopum
4408 1637 4786 1701 denuntiare
4819 1646 4881 1703 et

1245 1745 1575 1831 publicare
1624 1766 1740 1831 per
1786 1766 1855 1809 se
1904 1766 1978 1808 ac
2027 1744 2190 1809 alios
2238 1744 2358 1808 sibi
2407 1744 2729 1808 subiectos
2777 1744 2861 1808 ad
2907 1745 3284 1808 mandatum
3334 1745 3534 1831 ipsius
3582 1745 3821 1808 domini
3868 1745 4358 1832 Archiepiscopi
4404 1751 4732 1826 teneatur,
4779 1747 4879 1809 vel

1241 1851 1530 1915 Ecclesie
1563 1852 1957 1915 ravennatis.
1993 1851 2120 1926 Qui
2153 1873 2307 1916 vero
2355 1851 2729 1916 inobediens
2778 1851 2973 1916 fuerit
3019 1853 3190 1916 circa
3237 1852 3789 1916 denuntiationem
3836 1860 3901 1916 et
3944 1852 4447 1938 publicationem
4495 1852 4877 1935 huiusmodi,

1247 1960 1446 2046 ipsius
1494 1959 1925 2023 inobedientie
1959 1960 2130 2024 facto
2179 1960 2261 2023 ab
2310 1960 2606 2045 ingressu
2649 1959 2920 2023 ecclesie
2967 1966 3033 2023 et
3080 1959 3313 2023 divinis
3362 1959 3584 2024 officiis
3633 1981 3748 2046 per
3796 1960 3984 2023 unius
4033 1960 4269 2023 mensis
4318 1960 4605 2053 spacium
4654 1960 4736 2022 sit
4784 1982 4882 2024 su·

1245 2088 1534 2153 8110118118.
1571 2066 1810 2131 Contra
1861 2088 2050 2153 quem
2098 2067 2388 2153 prefatus
2437 2068 2732 2130 dominus
2780 2067 3326 2153 Archiepiscopns
3375 2067 3457 2131 ad
3504 2089 3738 2154 penam
3787 2063 4004 2149 aliam,
4037 2073 4230 2153 prout
4264 2067 4462 2152 ipsius
4497 2067 4881 2153 protervitas

1241 2174 1583 2255 meruerit,
1633 2174 1980 2259 procedere
2029 2175 2281 2257 valeat3
2330 2173 2411 2237 ad
2477 2174 2645 2259 quod
2709 2173 2903 2237 iidem
2965 2175 3249 2260 episcopi
3296 2175 3424 2237 iam
3473 2175 3642 2238 dicto
3691 2175 3949 2239 domino
3996 2174 4504 2260 Archiepiscopo
4552 2175 4880 2238 voluntate

1241 2281 1502 2366 propria
1550 2302 1618 2344 80
1666 2281 2070 2363 submittunt,
2117 2283 2207 2345 ita
2255 2290 2470 2346 tamen
2505 2281 2677 2367 quod
2710 2289 2973 2368 propter
3005 2282 3126 2345 hoc
3174 2282 3369 2345 nichil
3404 2282 3860 2346 iurisdictionis
3893 2282 4207 2346 dictorum
4242 2282 4684 2368 episcoporum
4720 2283 4880 2345 ulla-

1243 2396 1429 2451 tenus
1477 2388 1820 2452 adimatur.

1419 2494 1622 2558 Facta
1670 2494 1793 2559 fuit
1841 2495 1958 2559 hec
1993 2496 2355 2560 commissio
2389 2497 2453 2559 in
2488 2497 2868 2582 provinciali
2903 2496 3172 2561 concilio
3207 2518 3323 2582 per
3356 2497 3727 2560 iamdictnm
3759 2496 4088 2561 dominum
4121 2496 4700 2583 Archiepiscopum
4733 2517 4880 2559 con-

1243 2610 1516 2687 gregato
1565 2603 1628 2666 in
1675 2609 1900 2667 saneta
1949 2603 2177 2667 maiori
2226 2604 2499 2668 ecclesia
2545 2605 3033 2668 Ravennatensi
3081 2605 3159 2668 de
3212 2604 3516 2668 mandato
3567 2604 3813 2669 Summi
3859 2604 4193 2669 Pontificis
4226 2626 4421 2690 super
4452 2603 4623 2668 facto
4659 2604 4883 2667 Tarta-

1244 2729 1481 2790 rorum,
1532 2708 1641 2772 ubi
1688 2708 1923 2794 prefati
1972 2710 2256 2796 episcopi
2306 2720 2492 2774 erant
2538 2718 2891 2796 presentes,
2938 2719 3003 2774 et
3050 2718 3120 2774 ut
3167 2732 3363 2796 supra
3410 2711 3649 2795 legitur
3696 2711 3759 2773 in
3809 2710 4105 2774 omnibns
4143 2711 4507 2774 voluerunt.
4545 2709 4680 2773 Sub
4713 2730 4879 2773 anno

1242 2814 1506 2880 Domini
1553 2817 1893 2881 millesimo
1942 2816 2379 2882 ducentesimo
2439 2818 2833 2903 sesagesimo
2880 2818 3123 2905 prime,
3175 2824 3461 2904 tempore
3527 2818 3769 2881 domini
3825 2817 4187 2887 Alexandri
4248 2838 4416 2903 pape
4483 2817 4729 2903 quarti,
4778 2815 4880 2879 die

1245 2929 1475 3007 quarto
1522 2933 1802 2987 excunte
1851 2925 2113 3007 marcio,
2149 2924 2496 2989 indictione
2546 2932 2798 3011 quarta,
2831 2926 3239 3011 presentibus
3288 2925 3559 2989 testibus
3606 2926 3689 2989 ad
3736 2925 3855 2990 hec
3902 2926 4147 2989 vocatis
4195 2925 4453 2989 domino
4486 2923 4715 2988 comite
4748 2923 4881 2987 Ru-

1245 3031 1424 3114 gerio
1473 3030 1551 3094 de
1599 3030 2114 3116 Bagnacavallo,
2164 3031 2422 3096 domino
2471 3033 2817 3118 Aymerico
2866 3033 3217 3115 cardinali,
3268 3042 3332 3097 et
3380 3033 3640 3097 domino
3691 3032 3945 3115 GuezO,
3997 3039 4258 3097 cantore
4303 3031 4592 3095 Ecclesie
4655 3052 4882 3094 raven-

1245 3138 1551 3219 natensiS,
1584 3137 1625 3201 J
1632 3138 1884 3201 ohanne
1917 3139 2294 3203 Samantino
2328 3139 2406 3203 de
2440 3139 2747 3221 Forlivio,
2784 3140 3054 3204 Alberto
3091 3140 3627 3227 archipresbitero
3661 3134 4008 3222 urianensi,
4043 3139 4355 3204 brixiensi
4387 3138 4679 3219 diocesis,
4713 3137 4880 3201 Dru·

1242 3245 1430 3327 done,
1481 3252 1741 3309 cantore
1789 3253 2010 3311 sancte
2057 3246 2347 3310 Ecclesie
2397 3248 2905 3329 ravennatensis,
2955 3248 3292 3329 Jacobino,
3343 3246 3575 3311 clerico
3632 3246 3785 3311 dicti
3833 3246 4075 3311 domini
4125 3245 4634 3331 Archiepiscopi,
4684 3245 4881 3309 fratre

1245 3349 1493 3415 Jacobo
1541 3351 1620 3416 de
1668 3351 1877 3437 Regio
1926 3353 2263 3440 hospitalis
2311 3355 2517 3418 sancti
2563 3354 2881 3418 Johannis
2931 3355 3435 3437 ierosolimitani,
3471 3363 3533 3419 et
3584 3355 3815 3440 Ugone
3866 3355 4117 3419 notario
4165 3354 4438 3435 liviensi,
4472 3361 4537 3416 et
4570 3352 4712 3415 aliis
4759 3359 4879 3416 etc.

1426 3458 1545 3539 (L.
1580 3460 1623 3541 †
1662 3458 1757 3540 S.)
1803 3459 1948 3545 Ego
2007 3461 2505 3525 Bartholomeus
2553 3462 2721 3525 filius
2770 3462 3093 3548 quondam
3144 3462 3395 3527 Cambii
3453 3463 3730 3545 notarii,
3779 3462 4097 3548 imperiali
4144 3460 4528 3525 auctoritate
4576 3459 4884 3540 notarius,

1247 3565 1433 3629 dictis
1482 3566 1766 3649 interfui,
1815 3575 1879 3631 et
1927 3568 2231 3632 mandato
2278 3569 2713 3655 predictorum
2762 3569 3165 3634 dominorum
3213 3569 3680 3656 Episcoporum
3729 3570 3979 3655 scripsi.

1423 3672 1566 3757 Ego
1616 3673 1976 3738 Otavianus
2024 3675 2316 3740 Bononie
2363 3676 2646 3759 Electus,
2682 3677 2907 3740 volens
2955 3677 3170 3740 omnia
3217 3698 3414 3763 supra
3446 3678 3706 3762 scripta,
3743 3682 4055 3762 quantum
4096 3676 4178 3739 ad
4224 3697 4326 3738 me
4358 3681 4608 3760 spectat
4643 3673 4887 3737 ratione

1247 3778 1658 3844 bononiensis
1705 3780 1996 3846 Ecclesie
2044 3789 2109 3846 et
2155 3782 2583 3871 Episcopatus
2629 3784 3042 3848 bononiensis
3091 3792 3155 3848 et
3201 3783 3656 3848 iurisdictionis
3704 3783 3860 3847 mihi
3908 3782 4348 3868 competentis,
4388 3781 4602 3845 valere
4644 3788 4708 3844 et
4753 3780 4888 3865 ple-

1247 3909 1401 3950 num
1450 3888 1646 3952 robur
1694 3890 1966 3954 ottinere
2013 3891 2080 3954 in
2130 3891 2425 3955 omnibus
2474 3913 2856 3956 eonsensum
2905 3893 3245 3978 prestitum
3288 3914 3403 3979 per
3435 3891 3759 3955 dominum
3795 3892 4177 3976 magistrum
4213 3889 4650 3976 Synigardum
4684 3888 4891 3952 arehi-

1246 3995 1674 4080 presbiterum
1721 3997 2183 4061 bononiensem
2231 4021 2373 4062 meo
2423 3989 2700 4082 nomine,
2735 4007 2800 4063 et
2846 4000 3258 4064 bononiensis
3306 3999 3597 4063 Ecclesie
3646 4005 3709 4062 et
3754 3998 4185 4085 Episcopatus
4231 3997 4543 4078 Bononie,
4577 4003 4641 4060 et
4674 3995 4889 4059 omnia

1248 4123 1371 4187 que
1405 4103 1556 4166 fecit
1590 4103 1654 4165 in
1687 4104 2072 4191 supradictis
2106 4113 2170 4169 et
2203 4106 2596 4191 quibuslibet
2628 4107 3145 4193 supradictorum
3179 4108 3489 4193 approbO,
3524 4115 3588 4171 et
3620 4112 3764 4169 rata
3796 4113 3859 4169 et
3891 4107 4074 4169 firma
4106 4105 4336 4188 habeo,
4371 4111 4437 4168 et
4468 4104 4560 4167 eis
4595 4103 4889 4166 omnibus

1245 4210 1510 4295 propria
1557 4232 1753 4275 manu
1801 4212 2155 4277 subscribe.

3022 4534 3103 4598 V.

2603 4749 2805 4831 1262,
2855 4748 2942 4810 30
2986 4750 3149 4811 iunii
3193 4755 3245 4811 et
3295 4747 3335 4810 9
3380 4748 3540 4811 iulii.

1621 4963 1727 5026 Ex
1776 4963 2038 5028 archivo
2087 4963 2361 5048 Metrop.
2411 4962 2698 5044 Bonon.,
2749 4984 2918 5026 nunc
2968 4963 3032 5025 in
3080 4962 3241 5027 Tab.
3293 4963 3469 5027 Max.
3521 4963 3705 5046 bon.‚
3754 4970 3909 5028 sect.
3955 4988 3984 5019 ‹
4034 4963 4403 5027 Demaniale
4451 4987 4511 5043 ι,

2960 5052 3013 5092 22

2720 5092 2895 5134 num.
2946 5108 3063 5164 ζῶ,
3113 5071 3252 5134 (100.
3304 5073 3409 5134 28.

1426 5282 1503 5346 111
1554 5283 1810 5347 nomine
1859 5284 2143 5366 Domini,
2194 5305 2402 5348 amen.
2451 5285 2643 5348 Anno
2694 5284 2984 5368 ejusdem
3033 5284 3376 5347 millesimo
3425 5283 3863 5347 ducentesimo
3913 5284 4319 5368 sexagesimo
4367 5281 4678 5362 secundo,
4730 5282 4889 5346 indi·

1251 5390 1460 5454 ctione
1510 5390 1756 5475 quinta,
1792 5390 1893 5454 die
1944 5391 2167 5455 ultimo
2210 5391 2398 5475 junii,
2433 5399 2719 5476 tempore
2769 5391 3009 5455 domini
3058 5391 3309 5454 Urbani
3338 5412 3506 5476 pape
3548 5392 3780 5477 quarti.
3816 5390 3977 5455 Cum
4010 5390 4089 5454 lis
4123 5398 4187 5455 et
4219 5391 4470 5475 questio
4502 5389 4888 5472 vertere[tur

1249 5497 1422 5580 et]sit
1471 5499 1575 5561 vel
1623 5499 1787 5563 verti
1833 5504 2053 5583 posset
2100 5499 2266 5562 inter
2313 5498 2642 5562 dominum
2688 5498 3069 5583 magistrum
3119 5499 3535 5583 Sinigardum
3581 5498 4210 5585 archipresbiterum,
4260 5506 4323 5561 et
4366 5497 4733 5584 Capitulum
4772 5499 4886 5562 bo-

1247 5606 1573 5669 noniensis
1619 5605 1909 5670 Ecclesie
1958 5606 2214 5670 nomine
2262 5606 2417 5670 dicti
2466 5606 2748 5691 Capituli
2798 5628 2880 5670 ex
2927 5614 3110 5691 parte
3158 5628 3325 5688 una,
3375 5614 3439 5670 et
3484 5605 3781 5670 Priorem
3827 5614 3892 5669 et
3941 5605 4345 5670 Conventum
4392 5607 4599 5669 sancti
4654 5604 4887 5670 Jacobi

1247 5712 1326 5777 de
1379 5712 1646 5795 Sa[vina
1698 5712 1984 5797 Or]dinis
2032 5714 2492 5777 heremitarum
2547 5715 2805 5778 nomine
2852 5714 3155 5778 Fratrum
3201 5720 3266 5778 et
3314 5714 3683 5779 Conventus
3724 5714 4027 5778 Fratrum
4059 5713 4469 5777 bononiensis
4502 5713 4773 5798 predicti
4803 5735 4887 5776 ex

1245 5821 1452 5884 altera
1500 5842 1695 5906 super
1737 5822 1885 5905 jure
1933 5821 2325 5907 parochiali,
2376 5829 2440 5885 et
2502 5822 2912 5907 parochianis
2975 5822 3391 5886 ecclesiarum
3454 5829 3674 5886 sancte
3722 5821 3926 5885 Marie
3973 5820 4360 5906 Magdalene
4409 5828 4473 5883 et
4520 5828 4887 5884 sanctorum

1244 5928 1462 6014 Egidii
1519 5936 1582 5992 et
1631 5929 1957 6013 Leonardj
2008 5928 2443 6012 [bononiensis
2493 5928 2789 6011 diocesis]
2854 5928 2936 5992 ad
2999 5930 3241 5993 dictum
3302 5929 3695 5993 bononiense
3745 5927 4113 6014 Capitulum
4176 5928 4634 6013 pertinentium
4695 5928 4884 6013 pleno

1241 6037 1380 6100 iure
1429 6046 1493 6100 et
1541 6058 1736 6122 super
1781 6037 1988 6123 pactis
2035 6045 2100 6101 et
2146 6035 2694 6100 moderationibus
2743 6036 3066 6121 quondam
3113 6058 3307 6122 super
3352 6036 3657 6121 predictis
3691 6043 3755 6099 et
3801 6036 3971 6099 circa
4010 6034 4301 6121 predicta
4333 6035 4521 6098 factis
4554 6042 4617 6098 et
4651 6035 4886 6099 habitis

1243 6153 1378 6209 tam
1424 6165 1542 6229 pro
1589 6143 1916 6229 preteritis
1965 6144 2398 6229 temporibnS,
2444 6164 2637 6228 quam
2685 6143 2881 6205 etiam
2926 6164 3044 6228 pro
3091 6142 3351 6225 futu[ris
3398 6141 3713 6225 vo]lentes
3760 6141 4046 6228 predicte
4111 6149 4327 6227 partes
4375 6162 4567 6227 super
4617 6142 4692 6206 iis
4737 6163 4885 6227 par·

1242 6275 1386 6318 cere
1434 6253 1766 6317 laboribus
1815 6261 1880 6317 et
1926 6253 2248 6339 expensis,
2298 6243 2380 6316 a‘d
2429 6253 2625 6317 talem
2675 6253 3083 6317 concordiam
3130 6252 3565 6334 devenerunt,
3614 6252 3949 6333 videlicet,
3999 6251 4170 6337 quod
4218 6251 4511 6316 dominus
4559 6244 4886 6315 Bolnisi'us

1243 6360 1568 6446 quondam
1614 6361 1949 6444 Accurrii,
2015 6362 2338 6444 notarius,
2389 6360 2670 6424 sindicus
2736 6367 2799 6424 et
2860 6367 3240 6445 procurator
3303 6358 3899 6446 Are[l1i]presbiteri
3960 6367 4024 6422 et
4085 6358 4368 6444 Capituli
4439 6358 4886 6440 bononiensis,

1241 6468 1489 6533 habens
1537 6469 1620 6532 ad
1670 6468 2316 6554 compromittendum
2364 6490 2558 6554 snper
2603 6468 2727 6532 hiis
2776 6467 3046 6554 spetiale
3095 6467 3489 6549 mandatum,
3534 6467 3791 6531 nomine
3840 6466 3992 6530 dicti
4042 6465 4326 6552 Capituli
4373 6487 4457 6530 ex
4502 6473 4686 6551 parte
4733 6487 4884 6548 una,
