<?xml version="1.0" encoding="UTF-8"?>
<!DOCTYPE html PUBLIC "-//W3C//DTD XHTML 1.0 Transitional//EN"
    "http://www.w3.org/TR/xhtml1/DTD/xhtml1-transitional.dtd">
<html xmlns="http://www.w3.org/1999/xhtml" xml:lang="en" lang="en">
 <head>
  <title>
</title>
<meta http-equiv="Content-Type" content="text/html;charset=utf-8" />
  <meta name='ocr-system' content='tesseract 3.04.00' />
  <meta name='ocr-capabilities' content='ocr_page ocr_carea ocr_par ocr_line ocrx_word'/>
</head>
<body>
  <div class='ocr_page' id='page_1' title='image "./declarisarchigy00malagoog_0128.png"; bbox 0 0 5542 7775; ppageno 0'>
   <div class='ocr_carea' id='block_1_1' title="bbox 1616 606 4311 680">
    <p class='ocr_par' dir='ltr' id='par_1_1' title="bbox 1616 606 4311 680">
     <span class='ocr_line' id='line_1_1' title="bbox 1616 606 4311 680; baseline -0.001 -2"><span class='ocrx_word' id='word_1_1' title='bbox 1616 629 2080 680; x_wconf 68' lang='lat' dir='ltr'><strong><em>srncmn‘ru.</em></strong></span> <span class='ocrx_word' id='word_1_2' title='bbox 2135 631 2238 679; x_wconf 77' lang='lat' dir='ltr'><strong><em>An</em></strong></span> <span class='ocrx_word' id='word_1_3' title='bbox 2296 629 2806 680; x_wconf 71' lang='lat' dir='ltr'><strong><em>Pnornssonns</em></strong></span> <span class='ocrx_word' id='word_1_4' title='bbox 2863 628 3074 679; x_wconf 69' lang='lat' dir='ltr'><strong><em>sums</em></strong></span> <span class='ocrx_word' id='word_1_5' title='bbox 3131 627 3399 678; x_wconf 72' lang='lat' dir='ltr'><strong><em>omns</em></strong></span> <span class='ocrx_word' id='word_1_6' title='bbox 4165 606 4311 677; x_wconf 87' lang='grc'><strong><em>139</em></strong></span> 
     </span>
    </p>
   </div>
   <div class='ocr_carea' id='block_1_2' title="bbox 675 782 4325 3762">
    <p class='ocr_par' dir='ltr' id='par_1_2' title="bbox 675 782 4325 3762">
     <span class='ocr_line' id='line_1_2' title="bbox 684 782 4325 869; baseline 0 -22"><span class='ocrx_word' id='word_1_7' title='bbox 684 804 938 850; x_wconf 83' lang='lat' dir='ltr'><strong><em>romane</em></strong></span> <span class='ocrx_word' id='word_1_8' title='bbox 980 782 1282 867; x_wconf 81' lang='lat' dir='ltr'><strong><em>Ecclesie;</em></strong></span> <span class='ocrx_word' id='word_1_9' title='bbox 1327 804 1451 848; x_wconf 82' lang='lat' dir='ltr'><strong><em>non</em></strong></span> <span class='ocrx_word' id='word_1_10' title='bbox 1503 805 1605 848; x_wconf 88' lang='lat' dir='ltr'><strong><em>ero</em></strong></span> <span class='ocrx_word' id='word_1_11' title='bbox 1651 787 1715 847; x_wconf 78' lang='lat' dir='ltr'><strong><em>in</em></strong></span> <span class='ocrx_word' id='word_1_12' title='bbox 1762 785 2006 849; x_wconf 83' lang='lat' dir='ltr'><strong><em>consilio</em></strong></span> <span class='ocrx_word' id='word_1_13' title='bbox 2050 792 2160 848; x_wconf 82' lang='lat' dir='ltr'><strong><em>aut</em></strong></span> <span class='ocrx_word' id='word_1_14' title='bbox 2205 805 2495 849; x_wconf 78' lang='lat' dir='ltr'><strong><em>consensu</em></strong></span> <span class='ocrx_word' id='word_1_15' title='bbox 2544 785 2633 849; x_wconf 74' lang='lat' dir='ltr'><strong><em>rel</em></strong></span> <span class='ocrx_word' id='word_1_16' title='bbox 2672 784 2836 866; x_wconf 78' lang='lat' dir='ltr'><strong><em>facto</em></strong></span> <span class='ocrx_word' id='word_1_17' title='bbox 2883 784 3046 869; x_wconf 83' lang='lat' dir='ltr'><strong><em>quod</em></strong></span> <span class='ocrx_word' id='word_1_18' title='bbox 3088 785 3274 847; x_wconf 79' lang='lat' dir='ltr'><strong><em>vitam</em></strong></span> <span class='ocrx_word' id='word_1_19' title='bbox 3309 783 3580 868; x_wconf 76' lang='lat' dir='ltr'><strong><em>perdant</em></strong></span> <span class='ocrx_word' id='word_1_20' title='bbox 3635 790 3745 847; x_wconf 74' lang='lat' dir='ltr'><strong><em>aut</em></strong></span> <span class='ocrx_word' id='word_1_21' title='bbox 3799 782 4167 865; x_wconf 75' lang='lat' dir='ltr'><strong><em>membrum,</em></strong></span> <span class='ocrx_word' id='word_1_22' title='bbox 4214 790 4325 848; x_wconf 80' lang='lat' dir='ltr'><strong><em>aut</em></strong></span> 
     </span>
     <span class='ocr_line' id='line_1_3' title="bbox 681 886 4325 976; baseline -0.001 -22"><span class='ocrx_word' id='word_1_23' title='bbox 681 892 1012 976; x_wconf 78' lang='lat' dir='ltr'><strong><em>capiantur</em></strong></span> <span class='ocrx_word' id='word_1_24' title='bbox 1056 892 1225 954; x_wconf 83' lang='lat' dir='ltr'><strong><em>mala</em></strong></span> <span class='ocrx_word' id='word_1_25' title='bbox 1270 892 1581 975; x_wconf 79' lang='lat' dir='ltr'><strong><em>captione,·</em></strong></span> <span class='ocrx_word' id='word_1_26' title='bbox 1625 891 1970 973; x_wconf 80' lang='lat' dir='ltr'><strong><em>consilium,</em></strong></span> <span class='ocrx_word' id='word_1_27' title='bbox 2003 890 2165 975; x_wconf 79' lang='lat' dir='ltr'><strong><em>quod</em></strong></span> <span class='ocrx_word' id='word_1_28' title='bbox 2209 889 2363 954; x_wconf 75' lang='lat' dir='ltr'><strong><em>milii</em></strong></span> <span class='ocrx_word' id='word_1_29' title='bbox 2406 890 2707 954; x_wconf 76' lang='lat' dir='ltr'><strong><em>credituri</em></strong></span> <span class='ocrx_word' id='word_1_30' title='bbox 2750 897 2935 954; x_wconf 81' lang='lat' dir='ltr'><strong><em>erunt</em></strong></span> <span class='ocrx_word' id='word_1_31' title='bbox 2969 911 3091 974; x_wconf 83' lang='lat' dir='ltr'><strong><em>per</em></strong></span> <span class='ocrx_word' id='word_1_32' title='bbox 3134 911 3195 953; x_wconf 82' lang='lat' dir='ltr'><strong><em>se</em></strong></span> <span class='ocrx_word' id='word_1_33' title='bbox 3239 897 3350 953; x_wconf 78' lang='lat' dir='ltr'><strong><em>aut</em></strong></span> <span class='ocrx_word' id='word_1_34' title='bbox 3390 911 3505 974; x_wconf 83' lang='lat' dir='ltr'><strong><em>per</em></strong></span> <span class='ocrx_word' id='word_1_35' title='bbox 3548 886 4010 953; x_wconf 69' lang='lat' dir='ltr'><strong><em>Mucios-suos</em></strong></span> <span class='ocrx_word' id='word_1_36' title='bbox 4048 892 4170 954; x_wconf 73' lang='lat' dir='ltr'><strong><em>sive</em></strong></span> <span class='ocrx_word' id='word_1_37' title='bbox 4201 911 4325 974; x_wconf 80' lang='lat' dir='ltr'><strong><em>per</em></strong></span> 
     </span>
     <span class='ocr_line' id='line_1_4' title="bbox 680 994 4324 1082; baseline -0.001 -20"><span class='ocrx_word' id='word_1_38' title='bbox 680 999 912 1082; x_wconf 79' lang='lat' dir='ltr'><strong><em>literas,</em></strong></span> <span class='ocrx_word' id='word_1_39' title='bbox 958 997 1044 1061; x_wconf 84' lang='lat' dir='ltr'><strong><em>ad</em></strong></span> <span class='ocrx_word' id='word_1_40' title='bbox 1089 1018 1298 1062; x_wconf 82' lang='lat' dir='ltr'><strong><em>eorum</em></strong></span> <span class='ocrx_word' id='word_1_41' title='bbox 1344 996 1670 1081; x_wconf 79' lang='lat' dir='ltr'><strong><em>damnum,</em></strong></span> <span class='ocrx_word' id='word_1_42' title='bbox 1717 1018 1812 1061; x_wconf 87' lang='lat' dir='ltr'><strong><em>me</em></strong></span> <span class='ocrx_word' id='word_1_43' title='bbox 1855 999 2093 1079; x_wconf 75' lang='lat' dir='ltr'><strong><em>sciente,</em></strong></span> <span class='ocrx_word' id='word_1_44' title='bbox 2134 998 2368 1060; x_wconf 75' lang='lat' dir='ltr'><strong><em>nemim·</em></strong></span> <span class='ocrx_word' id='word_1_45' title='bbox 2402 996 2683 1081; x_wconf 79' lang='lat' dir='ltr'><strong><em>pandam</em></strong></span> <span class='ocrx_word' id='word_1_46' title='bbox 2730 1003 2834 1060; x_wconf 78' lang='lat' dir='ltr'><strong><em>etc.</em></strong></span> <span class='ocrx_word' id='word_1_47' title='bbox 2870 1019 2930 1060; x_wconf 64' lang='grc' dir='ltr'><strong><em>ι.</em></strong></span> <span class='ocrx_word' id='word_1_48' title='bbox 2982 994 3173 1077; x_wconf 87' lang='lat' dir='ltr'><strong><em>Sane,</em></strong></span> <span class='ocrx_word' id='word_1_49' title='bbox 3208 1016 3352 1059; x_wconf 91' lang='lat' dir='ltr'><strong><em>cum</em></strong></span> <span class='ocrx_word' id='word_1_50' title='bbox 3391 995 3681 1081; x_wconf 86' lang='lat' dir='ltr'><strong><em>prefatus</em></strong></span> <span class='ocrx_word' id='word_1_51' title='bbox 3722 994 4083 1082; x_wconf 90' lang='lat' dir='ltr'><strong><em>episcopus,</em></strong></span> <span class='ocrx_word' id='word_1_52' title='bbox 4115 994 4324 1059; x_wconf 82' lang='lat' dir='ltr'><strong><em>forma</em></strong></span> 
     </span>
     <span class='ocr_line' id='line_1_5' title="bbox 680 1100 4321 1190; baseline -0.002 -20"><span class='ocrx_word' id='word_1_53' title='bbox 680 1106 1014 1170; x_wconf 89' lang='lat' dir='ltr'><strong><em>literarum</em></strong></span> <span class='ocrx_word' id='word_1_54' title='bbox 1063 1104 1262 1190; x_wconf 89' lang='lat' dir='ltr'><strong><em>ipsius</em></strong></span> <span class='ocrx_word' id='word_1_55' title='bbox 1308 1103 1781 1190; x_wconf 76' lang='lat' dir='ltr'><strong><em>predecessoris</em></strong></span> <span class='ocrx_word' id='word_1_56' title='bbox 1828 1103 1951 1167; x_wconf 86' lang='lat' dir='ltr'><strong><em>sibi</em></strong></span> <span class='ocrx_word' id='word_1_57' title='bbox 1990 1103 2380 1167; x_wconf 88' lang='lat' dir='ltr'><strong><em>directarum</em></strong></span> <span class='ocrx_word' id='word_1_58' title='bbox 2413 1123 2606 1189; x_wconf 88' lang='lat' dir='ltr'><strong><em>super</em></strong></span> <span class='ocrx_word' id='word_1_59' title='bbox 2636 1102 2737 1166; x_wconf 90' lang='lat' dir='ltr'><strong><em>his</em></strong></span> <span class='ocrx_word' id='word_1_60' title='bbox 2770 1102 2837 1166; x_wconf 90' lang='lat' dir='ltr'><strong><em>in</em></strong></span> <span class='ocrx_word' id='word_1_61' title='bbox 2870 1101 3167 1167; x_wconf 91' lang='lat' dir='ltr'><strong><em>omnibus</em></strong></span> <span class='ocrx_word' id='word_1_62' title='bbox 3200 1102 3563 1183; x_wconf 88' lang='lat' dir='ltr'><strong><em>observata,</em></strong></span> <span class='ocrx_word' id='word_1_63' title='bbox 3597 1101 3716 1165; x_wconf 89' lang='lat' dir='ltr'><strong><em>tibi</em></strong></span> <span class='ocrx_word' id='word_1_64' title='bbox 3747 1101 3989 1166; x_wconf 90' lang='lat' dir='ltr'><strong><em>dictum</em></strong></span> <span class='ocrx_word' id='word_1_65' title='bbox 4022 1100 4321 1183; x_wconf 88' lang='lat' dir='ltr'><strong><em>officium,</em></strong></span> 
     </span>
     <span class='ocr_line' id='line_1_6' title="bbox 681 1207 4321 1298; baseline -0.002 -20"><span class='ocrx_word' id='word_1_66' title='bbox 681 1212 1067 1278; x_wconf 87' lang='lat' dir='ltr'><strong><em>auctoritate</em></strong></span> <span class='ocrx_word' id='word_1_67' title='bbox 1113 1210 1406 1298; x_wconf 89' lang='lat' dir='ltr'><strong><em>predicta</em></strong></span> <span class='ocrx_word' id='word_1_68' title='bbox 1451 1210 1714 1275; x_wconf 90' lang='lat' dir='ltr'><strong><em>duxerit</em></strong></span> <span class='ocrx_word' id='word_1_69' title='bbox 1759 1232 1963 1296; x_wconf 88' lang='lat' dir='ltr'><strong><em>usque</em></strong></span> <span class='ocrx_word' id='word_1_70' title='bbox 2012 1210 2096 1274; x_wconf 90' lang='lat' dir='ltr'><strong><em>ad</em></strong></span> <span class='ocrx_word' id='word_1_71' title='bbox 2140 1210 2487 1274; x_wconf 90' lang='lat' dir='ltr'><strong><em>triennium</em></strong></span> <span class='ocrx_word' id='word_1_72' title='bbox 2535 1209 3038 1291; x_wconf 89' lang='lat' dir='ltr'><strong><em>concedendum,</em></strong></span> <span class='ocrx_word' id='word_1_73' title='bbox 3087 1208 3305 1294; x_wconf 89' lang='lat' dir='ltr'><strong><em>itaque</em></strong></span> <span class='ocrx_word' id='word_1_74' title='bbox 3337 1207 3497 1272; x_wconf 90' lang='lat' dir='ltr'><strong><em>illud</em></strong></span> <span class='ocrx_word' id='word_1_75' title='bbox 3531 1215 3664 1273; x_wconf 88' lang='lat' dir='ltr'><strong><em>ate</em></strong></span> <span class='ocrx_word' id='word_1_76' title='bbox 3697 1215 4070 1273; x_wconf 81' lang='lat' dir='ltr'><strong><em>reverenter</em></strong></span> <span class='ocrx_word' id='word_1_77' title='bbox 4108 1229 4321 1272; x_wconf 88' lang='lat' dir='ltr'><strong><em>susce-</em></strong></span> 
     </span>
     <span class='ocr_line' id='line_1_7' title="bbox 680 1316 4320 1408; baseline -0.001 -23"><span class='ocrx_word' id='word_1_78' title='bbox 680 1329 862 1408; x_wconf 88' lang='lat' dir='ltr'><strong><em>ptum</em></strong></span> <span class='ocrx_word' id='word_1_79' title='bbox 909 1319 1297 1401; x_wconf 87' lang='lat' dir='ltr'><strong><em>exercueris,</em></strong></span> <span class='ocrx_word' id='word_1_80' title='bbox 1332 1319 1496 1383; x_wconf 91' lang='lat' dir='ltr'><strong><em>sicut</em></strong></span> <span class='ocrx_word' id='word_1_81' title='bbox 1543 1318 1986 1400; x_wconf 84' lang='lat' dir='ltr'><strong><em>intelliximus,</em></strong></span> <span class='ocrx_word' id='word_1_82' title='bbox 2020 1317 2296 1382; x_wconf 89' lang='lat' dir='ltr'><strong><em>fideliter</em></strong></span> <span class='ocrx_word' id='word_1_83' title='bbox 2341 1325 2406 1381; x_wconf 88' lang='lat' dir='ltr'><strong><em>et</em></strong></span> <span class='ocrx_word' id='word_1_84' title='bbox 2450 1316 2824 1404; x_wconf 86' lang='lat' dir='ltr'><strong><em>prudenter,</em></strong></span> <span class='ocrx_word' id='word_1_85' title='bbox 2872 1338 2988 1381; x_wconf 91' lang='lat' dir='ltr'><strong><em>nos</em></strong></span> <span class='ocrx_word' id='word_1_86' title='bbox 3035 1322 3370 1403; x_wconf 81' lang='lat' dir='ltr'><strong><em>sperantes</em></strong></span> <span class='ocrx_word' id='word_1_87' title='bbox 3417 1316 3587 1402; x_wconf 87' lang='lat' dir='ltr'><strong><em>quod</em></strong></span> <span class='ocrx_word' id='word_1_88' title='bbox 3621 1316 3687 1379; x_wconf 90' lang='lat' dir='ltr'><strong><em>in</em></strong></span> <span class='ocrx_word' id='word_1_89' title='bbox 3719 1316 3944 1381; x_wconf 89' lang='lat' dir='ltr'><strong><em>eodem</em></strong></span> <span class='ocrx_word' id='word_1_90' title='bbox 3986 1316 4320 1401; x_wconf 88' lang='lat' dir='ltr'><strong><em>regimine,</em></strong></span> 
     </span>
     <span class='ocr_line' id='line_1_8' title="bbox 681 1423 4324 1510; baseline -0.002 -17"><span class='ocrx_word' id='word_1_91' title='bbox 681 1429 735 1493; x_wconf 90' lang='lat' dir='ltr'><strong><em>si</em></strong></span> <span class='ocrx_word' id='word_1_92' title='bbox 783 1428 901 1493; x_wconf 90' lang='lat' dir='ltr'><strong><em>tibi</em></strong></span> <span class='ocrx_word' id='word_1_93' title='bbox 947 1427 1385 1491; x_wconf 82' lang='lat' dir='ltr'><strong><em>committatur</em></strong></span> <span class='ocrx_word' id='word_1_94' title='bbox 1431 1426 1723 1508; x_wconf 88' lang='lat' dir='ltr'><strong><em>ulterius,</em></strong></span> <span class='ocrx_word' id='word_1_95' title='bbox 1758 1431 1820 1489; x_wconf 89' lang='lat' dir='ltr'><strong><em>te</em></strong></span> <span class='ocrx_word' id='word_1_96' title='bbox 1868 1424 2301 1506; x_wconf 87' lang='lat' dir='ltr'><strong><em>laudabiliter,</em></strong></span> <span class='ocrx_word' id='word_1_97' title='bbox 2336 1445 2480 1489; x_wconf 88' lang='lat' dir='ltr'><strong><em>cum</em></strong></span> <span class='ocrx_word' id='word_1_98' title='bbox 2526 1423 2626 1487; x_wconf 87' lang='lat' dir='ltr'><strong><em>vir</em></strong></span> <span class='ocrx_word' id='word_1_99' title='bbox 2670 1424 2918 1509; x_wconf 88' lang='lat' dir='ltr'><strong><em>peritus</em></strong></span> <span class='ocrx_word' id='word_1_100' title='bbox 2965 1430 3030 1487; x_wconf 90' lang='lat' dir='ltr'><strong><em>et</em></strong></span> <span class='ocrx_word' id='word_1_101' title='bbox 3076 1424 3575 1509; x_wconf 89' lang='lat' dir='ltr'><strong><em>circumspectus</em></strong></span> <span class='ocrx_word' id='word_1_102' title='bbox 3606 1423 3870 1505; x_wconf 81' lang='lat' dir='ltr'><strong><em>existas,</em></strong></span> <span class='ocrx_word' id='word_1_103' title='bbox 3906 1423 4324 1510; x_wconf 83' lang='lat' dir='ltr'><strong><em>imposterum</em></strong></span> 
     </span>
     <span class='ocr_line' id='line_1_9' title="bbox 681 1529 4321 1622; baseline -0.002 -21"><span class='ocrx_word' id='word_1_104' title='bbox 681 1558 908 1622; x_wconf 85' lang='lat' dir='ltr'><strong><em>gerere</em></strong></span> <span class='ocrx_word' id='word_1_105' title='bbox 955 1534 1038 1598; x_wconf 89' lang='lat' dir='ltr'><strong><em>ad</em></strong></span> <span class='ocrx_word' id='word_1_106' title='bbox 1084 1534 1396 1598; x_wconf 88' lang='lat' dir='ltr'><strong><em>honorem</em></strong></span> <span class='ocrx_word' id='word_1_107' title='bbox 1442 1532 1567 1597; x_wconf 89' lang='lat' dir='ltr'><strong><em>Dei</em></strong></span> <span class='ocrx_word' id='word_1_108' title='bbox 1615 1554 1690 1596; x_wconf 88' lang='lat' dir='ltr'><strong><em>ac</em></strong></span> <span class='ocrx_word' id='word_1_109' title='bbox 1738 1538 2023 1596; x_wconf 90' lang='lat' dir='ltr'><strong><em>nostrum</em></strong></span> <span class='ocrx_word' id='word_1_110' title='bbox 2074 1540 2138 1596; x_wconf 87' lang='lat' dir='ltr'><strong><em>et</em></strong></span> <span class='ocrx_word' id='word_1_111' title='bbox 2185 1530 2475 1616; x_wconf 90' lang='lat' dir='ltr'><strong><em>ejusdem</em></strong></span> <span class='ocrx_word' id='word_1_112' title='bbox 2521 1530 2812 1596; x_wconf 88' lang='lat' dir='ltr'><strong><em>Ecclesie</em></strong></span> <span class='ocrx_word' id='word_1_113' title='bbox 2860 1552 2979 1595; x_wconf 88' lang='lat' dir='ltr'><strong><em>nec</em></strong></span> <span class='ocrx_word' id='word_1_114' title='bbox 3020 1551 3147 1594; x_wconf 89' lang='lat' dir='ltr'><strong><em>non</em></strong></span> <span class='ocrx_word' id='word_1_115' title='bbox 3196 1531 3477 1617; x_wconf 90' lang='lat' dir='ltr'><strong><em>quietem</em></strong></span> <span class='ocrx_word' id='word_1_116' title='bbox 3525 1537 3590 1595; x_wconf 89' lang='lat' dir='ltr'><strong><em>et</em></strong></span> <span class='ocrx_word' id='word_1_117' title='bbox 3634 1552 3861 1616; x_wconf 90' lang='lat' dir='ltr'><strong><em>pacem</em></strong></span> <span class='ocrx_word' id='word_1_118' title='bbox 3907 1529 4321 1594; x_wconf 88' lang='lat' dir='ltr'><strong><em>bononiensis</em></strong></span> 
     </span>
     <span class='ocr_line' id='line_1_10' title="bbox 678 1636 4322 1731; baseline -0.002 -23"><span class='ocrx_word' id='word_1_119' title='bbox 678 1643 902 1731; x_wconf 91' lang='lat' dir='ltr'><strong><em>populi</em></strong></span> <span class='ocrx_word' id='word_1_120' title='bbox 948 1641 1346 1728; x_wconf 81' lang='lat' dir='ltr'><strong><em>procurabis,</em></strong></span> <span class='ocrx_word' id='word_1_121' title='bbox 1381 1640 1498 1705; x_wconf 88' lang='lat' dir='ltr'><strong><em>tibi</em></strong></span> <span class='ocrx_word' id='word_1_122' title='bbox 1546 1640 1790 1705; x_wconf 89' lang='lat' dir='ltr'><strong><em>dictum</em></strong></span> <span class='ocrx_word' id='word_1_123' title='bbox 1835 1640 2133 1721; x_wconf 85' lang='lat' dir='ltr'><strong><em>officium,</em></strong></span> <span class='ocrx_word' id='word_1_124' title='bbox 2184 1638 2370 1703; x_wconf 90' lang='lat' dir='ltr'><strong><em>modo</em></strong></span> <span class='ocrx_word' id='word_1_125' title='bbox 2418 1645 2483 1702; x_wconf 91' lang='lat' dir='ltr'><strong><em>et</em></strong></span> <span class='ocrx_word' id='word_1_126' title='bbox 2528 1639 2738 1703; x_wconf 86' lang='lat' dir='ltr'><strong><em>forma</em></strong></span> <span class='ocrx_word' id='word_1_127' title='bbox 2786 1638 3018 1724; x_wconf 89' lang='lat' dir='ltr'><strong><em>quibus</em></strong></span> <span class='ocrx_word' id='word_1_128' title='bbox 3065 1637 3184 1702; x_wconf 89' lang='lat' dir='ltr'><strong><em>tibi</em></strong></span> <span class='ocrx_word' id='word_1_129' title='bbox 3230 1659 3347 1725; x_wconf 90' lang='lat' dir='ltr'><strong><em>per</em></strong></span> <span class='ocrx_word' id='word_1_130' title='bbox 3392 1637 3718 1724; x_wconf 88' lang='lat' dir='ltr'><strong><em>prefatum</em></strong></span> <span class='ocrx_word' id='word_1_131' title='bbox 3765 1637 4138 1723; x_wconf 90' lang='lat' dir='ltr'><strong><em>episcopum</em></strong></span> <span class='ocrx_word' id='word_1_132' title='bbox 4182 1636 4322 1701; x_wconf 89' lang='lat' dir='ltr'><strong><em>vice</em></strong></span> 
     </span>
     <span class='ocr_line' id='line_1_11' title="bbox 680 1743 4322 1834; baseline -0.002 -19"><span class='ocrx_word' id='word_1_133' title='bbox 680 1773 758 1816; x_wconf 91' lang='lat' dir='ltr'><strong><em>ac</em></strong></span> <span class='ocrx_word' id='word_1_134' title='bbox 803 1750 1063 1816; x_wconf 88' lang='lat' dir='ltr'><strong><em>nomine</em></strong></span> <span class='ocrx_word' id='word_1_135' title='bbox 1112 1748 1265 1813; x_wconf 90' lang='lat' dir='ltr'><strong><em>dicti</em></strong></span> <span class='ocrx_word' id='word_1_136' title='bbox 1310 1747 1785 1834; x_wconf 86' lang='lat' dir='ltr'><strong><em>predecessoris</em></strong></span> <span class='ocrx_word' id='word_1_137' title='bbox 1832 1753 1897 1811; x_wconf 88' lang='lat' dir='ltr'><strong><em>et</em></strong></span> <span class='ocrx_word' id='word_1_138' title='bbox 1941 1746 2231 1831; x_wconf 90' lang='lat' dir='ltr'><strong><em>ejusdem</em></strong></span> <span class='ocrx_word' id='word_1_139' title='bbox 2277 1744 2569 1809; x_wconf 86' lang='lat' dir='ltr'><strong><em>Ecclesie</em></strong></span> <span class='ocrx_word' id='word_1_140' title='bbox 2614 1766 2881 1809; x_wconf 90' lang='lat' dir='ltr'><strong><em>romane</em></strong></span> <span class='ocrx_word' id='word_1_141' title='bbox 2929 1766 3323 1826; x_wconf 88' lang='lat' dir='ltr'><strong><em>concessum,</em></strong></span> <span class='ocrx_word' id='word_1_142' title='bbox 3358 1751 3428 1807; x_wconf 90' lang='lat' dir='ltr'><strong><em>ut</em></strong></span> <span class='ocrx_word' id='word_1_143' title='bbox 3467 1744 3810 1831; x_wconf 82' lang='lat' dir='ltr'><strong><em>prefertur,</em></strong></span> <span class='ocrx_word' id='word_1_144' title='bbox 3843 1743 4078 1826; x_wconf 87' lang='lat' dir='ltr'><strong><em>extitit,</em></strong></span> <span class='ocrx_word' id='word_1_145' title='bbox 4113 1765 4152 1807; x_wconf 91' lang='lat' dir='ltr'><strong><em>a</em></strong></span> <span class='ocrx_word' id='word_1_146' title='bbox 4197 1744 4322 1808; x_wconf 89' lang='lat' dir='ltr'><strong><em>fine</em></strong></span> 
     </span>
     <span class='ocr_line' id='line_1_12' title="bbox 680 1851 4324 1941; baseline -0.002 -18"><span class='ocrx_word' id='word_1_147' title='bbox 680 1858 834 1923; x_wconf 91' lang='lat' dir='ltr'><strong><em>dicti</em></strong></span> <span class='ocrx_word' id='word_1_148' title='bbox 879 1857 1141 1921; x_wconf 86' lang='lat' dir='ltr'><strong><em>triennii</em></strong></span> <span class='ocrx_word' id='word_1_149' title='bbox 1179 1857 1319 1941; x_wconf 88' lang='lat' dir='ltr'><strong><em>jam</em></strong></span> <span class='ocrx_word' id='word_1_150' title='bbox 1364 1854 1664 1918; x_wconf 89' lang='lat' dir='ltr'><strong><em>instantis</em></strong></span> <span class='ocrx_word' id='word_1_151' title='bbox 1710 1875 1914 1940; x_wconf 88' lang='lat' dir='ltr'><strong><em>usque</em></strong></span> <span class='ocrx_word' id='word_1_152' title='bbox 1962 1852 2046 1917; x_wconf 88' lang='lat' dir='ltr'><strong><em>ad</em></strong></span> <span class='ocrx_word' id='word_1_153' title='bbox 2092 1859 2222 1917; x_wconf 88' lang='lat' dir='ltr'><strong><em>tres</em></strong></span> <span class='ocrx_word' id='word_1_154' title='bbox 2270 1874 2474 1917; x_wconf 89' lang='lat' dir='ltr'><strong><em>annos</em></strong></span> <span class='ocrx_word' id='word_1_155' title='bbox 2522 1873 2605 1916; x_wconf 87' lang='lat' dir='ltr'><strong><em>ex</em></strong></span> <span class='ocrx_word' id='word_1_156' title='bbox 2652 1859 2806 1917; x_wconf 90' lang='lat' dir='ltr'><strong><em>tunc</em></strong></span> <span class='ocrx_word' id='word_1_157' title='bbox 2853 1852 3153 1916; x_wconf 81' lang='lat' dir='ltr'><strong><em>continue</em></strong></span> <span class='ocrx_word' id='word_1_158' title='bbox 3209 1851 3695 1936; x_wconf 88' lang='lat' dir='ltr'><strong><em>subsequentes,</em></strong></span> <span class='ocrx_word' id='word_1_159' title='bbox 3731 1851 4113 1915; x_wconf 87' lang='lat' dir='ltr'><strong><em>auctoritate</em></strong></span> <span class='ocrx_word' id='word_1_160' title='bbox 4170 1872 4324 1937; x_wconf 89' lang='lat' dir='ltr'><strong><em>apo-</em></strong></span> 
     </span>
     <span class='ocr_line' id='line_1_13' title="bbox 677 1957 4322 2049; baseline -0.002 -19"><span class='ocrx_word' id='word_1_161' title='bbox 677 1965 906 2030; x_wconf 88' lang='lat' dir='ltr'><strong><em>stolica</em></strong></span> <span class='ocrx_word' id='word_1_162' title='bbox 951 1971 1174 2028; x_wconf 89' lang='lat' dir='ltr'><strong><em>tenore</em></strong></span> <span class='ocrx_word' id='word_1_163' title='bbox 1220 1962 1616 2049; x_wconf 88' lang='lat' dir='ltr'><strong><em>presentium</em></strong></span> <span class='ocrx_word' id='word_1_164' title='bbox 1665 1960 2094 2043; x_wconf 89' lang='lat' dir='ltr'><strong><em>concedimus,</em></strong></span> <span class='ocrx_word' id='word_1_165' title='bbox 2142 1960 2261 2024; x_wconf 90' lang='lat' dir='ltr'><strong><em>sub</em></strong></span> <span class='ocrx_word' id='word_1_166' title='bbox 2323 1960 2790 2024; x_wconf 89' lang='lat' dir='ltr'><strong><em>retentionibus</em></strong></span> <span class='ocrx_word' id='word_1_167' title='bbox 2837 1965 2902 2022; x_wconf 90' lang='lat' dir='ltr'><strong><em>et</em></strong></span> <span class='ocrx_word' id='word_1_168' title='bbox 2962 1957 3435 2023; x_wconf 88' lang='lat' dir='ltr'><strong><em>conditionibus</em></strong></span> <span class='ocrx_word' id='word_1_169' title='bbox 3497 1957 3904 2044; x_wconf 88' lang='lat' dir='ltr'><strong><em>supradictis.</em></strong></span> <span class='ocrx_word' id='word_1_170' title='bbox 3954 1957 4058 2022; x_wconf 89' lang='lat' dir='ltr'><strong><em>Ita</em></strong></span> <span class='ocrx_word' id='word_1_171' title='bbox 4104 1965 4322 2023; x_wconf 89' lang='lat' dir='ltr'><strong><em>tamen</em></strong></span> 
     </span>
     <span class='ocr_line' id='line_1_14' title="bbox 679 2065 4323 2160; baseline -0.002 -22"><span class='ocrx_word' id='word_1_172' title='bbox 679 2073 852 2160; x_wconf 91' lang='lat' dir='ltr'><strong><em>quod</em></strong></span> <span class='ocrx_word' id='word_1_173' title='bbox 898 2078 1248 2157; x_wconf 87' lang='lat' dir='ltr'><strong><em>antequam</em></strong></span> <span class='ocrx_word' id='word_1_174' title='bbox 1301 2068 1673 2154; x_wconf 89' lang='lat' dir='ltr'><strong><em>hujusmodi</em></strong></span> <span class='ocrx_word' id='word_1_175' title='bbox 1736 2068 2015 2132; x_wconf 90' lang='lat' dir='ltr'><strong><em>officium</em></strong></span> <span class='ocrx_word' id='word_1_176' title='bbox 2071 2088 2190 2153; x_wconf 92' lang='lat' dir='ltr'><strong><em>pro</em></strong></span> <span class='ocrx_word' id='word_1_177' title='bbox 2250 2074 2538 2152; x_wconf 88' lang='lat' dir='ltr'><strong><em>tempore</em></strong></span> <span class='ocrx_word' id='word_1_178' title='bbox 2601 2088 2727 2152; x_wconf 91' lang='lat' dir='ltr'><strong><em>quo</em></strong></span> <span class='ocrx_word' id='word_1_179' title='bbox 2790 2065 2950 2129; x_wconf 89' lang='lat' dir='ltr'><strong><em>illud</em></strong></span> <span class='ocrx_word' id='word_1_180' title='bbox 3011 2065 3130 2129; x_wconf 91' lang='lat' dir='ltr'><strong><em>tibi</em></strong></span> <span class='ocrx_word' id='word_1_181' title='bbox 3191 2065 3270 2129; x_wconf 87' lang='lat' dir='ltr'><strong><em>de</em></strong></span> <span class='ocrx_word' id='word_1_182' title='bbox 3333 2086 3500 2129; x_wconf 89' lang='lat' dir='ltr'><strong><em>novo</em></strong></span> <span class='ocrx_word' id='word_1_183' title='bbox 3562 2065 4006 2147; x_wconf 87' lang='lat' dir='ltr'><strong><em>concedimus,</em></strong></span> <span class='ocrx_word' id='word_1_184' title='bbox 4055 2065 4323 2151; x_wconf 88' lang='lat' dir='ltr'><strong><em>incipias</em></strong></span> 
     </span>
     <span class='ocr_line' id='line_1_15' title="bbox 677 2172 4324 2261; baseline -0.002 -17"><span class='ocrx_word' id='word_1_185' title='bbox 677 2200 1002 2260; x_wconf 86' lang='lat' dir='ltr'><strong><em>exercere,</em></strong></span> <span class='ocrx_word' id='word_1_186' title='bbox 1039 2184 1150 2241; x_wconf 86' lang='lat' dir='ltr'><strong><em>aut</em></strong></span> <span class='ocrx_word' id='word_1_187' title='bbox 1197 2176 1409 2241; x_wconf 88' lang='lat' dir='ltr'><strong><em>eidem</em></strong></span> <span class='ocrx_word' id='word_1_188' title='bbox 1454 2181 1517 2239; x_wconf 89' lang='lat' dir='ltr'><strong><em>te</em></strong></span> <span class='ocrx_word' id='word_1_189' title='bbox 1564 2175 1929 2239; x_wconf 83' lang='lat' dir='ltr'><strong><em>immisceas</em></strong></span> <span class='ocrx_word' id='word_1_190' title='bbox 1975 2174 2448 2261; x_wconf 90' lang='lat' dir='ltr'><strong><em>quoquomodo,</em></strong></span> <span class='ocrx_word' id='word_1_191' title='bbox 2482 2172 2723 2237; x_wconf 88' lang='lat' dir='ltr'><strong><em>dictum</em></strong></span> <span class='ocrx_word' id='word_1_192' title='bbox 2764 2174 3205 2257; x_wconf 87' lang='lat' dir='ltr'><strong><em>juramentum</em></strong></span> <span class='ocrx_word' id='word_1_193' title='bbox 3252 2172 3581 2236; x_wconf 86' lang='lat' dir='ltr'><strong><em>fidelitatis</em></strong></span> <span class='ocrx_word' id='word_1_194' title='bbox 3622 2173 3815 2256; x_wconf 86' lang='lat' dir='ltr'><strong><em>juxta</em></strong></span> <span class='ocrx_word' id='word_1_195' title='bbox 3862 2172 4135 2237; x_wconf 87' lang='lat' dir='ltr'><strong><em>formam</em></strong></span> <span class='ocrx_word' id='word_1_196' title='bbox 4178 2193 4324 2259; x_wconf 91' lang='lat' dir='ltr'><strong><em>pre-</em></strong></span> 
     </span>
     <span class='ocr_line' id='line_1_16' title="bbox 677 2278 4323 2367; baseline -0.002 -16"><span class='ocrx_word' id='word_1_197' title='bbox 677 2288 942 2351; x_wconf 79' lang='lat' dir='ltr'><strong><em>missam</em></strong></span> <span class='ocrx_word' id='word_1_198' title='bbox 988 2286 1055 2349; x_wconf 90' lang='lat' dir='ltr'><strong><em>in</em></strong></span> <span class='ocrx_word' id='word_1_199' title='bbox 1102 2284 1401 2348; x_wconf 88' lang='lat' dir='ltr'><strong><em>manibus</em></strong></span> <span class='ocrx_word' id='word_1_200' title='bbox 1448 2283 1665 2347; x_wconf 89' lang='lat' dir='ltr'><strong><em>dilecti</em></strong></span> <span class='ocrx_word' id='word_1_201' title='bbox 1712 2282 1829 2367; x_wconf 88' lang='lat' dir='ltr'><strong><em>filij</em></strong></span> <span class='ocrx_word' id='word_1_202' title='bbox 1878 2281 2175 2346; x_wconf 87' lang='lat' dir='ltr'><strong><em>Rectoris</em></strong></span> <span class='ocrx_word' id='word_1_203' title='bbox 2225 2280 2675 2362; x_wconf 87' lang='lat' dir='ltr'><strong><em>Romandiole,</em></strong></span> <span class='ocrx_word' id='word_1_204' title='bbox 2709 2280 2814 2345; x_wconf 84' lang='lat' dir='ltr'><strong><em>vel</em></strong></span> <span class='ocrx_word' id='word_1_205' title='bbox 2846 2279 3111 2344; x_wconf 87' lang='lat' dir='ltr'><strong><em>alterius</em></strong></span> <span class='ocrx_word' id='word_1_206' title='bbox 3145 2279 3228 2343; x_wconf 90' lang='lat' dir='ltr'><strong><em>ab</em></strong></span> <span class='ocrx_word' id='word_1_207' title='bbox 3276 2301 3352 2344; x_wconf 92' lang='lat' dir='ltr'><strong><em>eo</em></strong></span> <span class='ocrx_word' id='word_1_208' title='bbox 3400 2301 3593 2366; x_wconf 90' lang='lat' dir='ltr'><strong><em>super</em></strong></span> <span class='ocrx_word' id='word_1_209' title='bbox 3638 2280 3759 2345; x_wconf 93' lang='lat' dir='ltr'><strong><em>hoc</em></strong></span> <span class='ocrx_word' id='word_1_210' title='bbox 3807 2279 4175 2367; x_wconf 81' lang='lat' dir='ltr'><strong><em>specialiter</em></strong></span> <span class='ocrx_word' id='word_1_211' title='bbox 4214 2278 4323 2345; x_wconf 89' lang='lat' dir='ltr'><strong><em>de·</em></strong></span> 
     </span>
     <span class='ocr_line' id='line_1_17' title="bbox 677 2384 4322 2481; baseline -0.002 -24"><span class='ocrx_word' id='word_1_212' title='bbox 677 2392 970 2481; x_wconf 88' lang='lat' dir='ltr'><strong><em>putandi,</em></strong></span> <span class='ocrx_word' id='word_1_213' title='bbox 1002 2413 1131 2456; x_wconf 89' lang='lat' dir='ltr'><strong><em>non</em></strong></span> <span class='ocrx_word' id='word_1_214' title='bbox 1180 2391 1281 2454; x_wconf 91' lang='lat' dir='ltr'><strong><em>sui</em></strong></span> <span class='ocrx_word' id='word_1_215' title='bbox 1329 2390 1576 2454; x_wconf 88' lang='lat' dir='ltr'><strong><em>ratione</em></strong></span> <span class='ocrx_word' id='word_1_216' title='bbox 1625 2389 1816 2473; x_wconf 90' lang='lat' dir='ltr'><strong><em>officij</em></strong></span> <span class='ocrx_word' id='word_1_217' title='bbox 1866 2388 1979 2453; x_wconf 89' lang='lat' dir='ltr'><strong><em>sed</em></strong></span> <span class='ocrx_word' id='word_1_218' title='bbox 2026 2388 2410 2452; x_wconf 86' lang='lat' dir='ltr'><strong><em>auctoritate</em></strong></span> <span class='ocrx_word' id='word_1_219' title='bbox 2459 2386 2834 2473; x_wconf 87' lang='lat' dir='ltr'><strong><em>apostolica,</em></strong></span> <span class='ocrx_word' id='word_1_220' title='bbox 2867 2393 3086 2450; x_wconf 89' lang='lat' dir='ltr'><strong><em>nostro</em></strong></span> <span class='ocrx_word' id='word_1_221' title='bbox 3134 2392 3198 2449; x_wconf 91' lang='lat' dir='ltr'><strong><em>et</em></strong></span> <span class='ocrx_word' id='word_1_222' title='bbox 3242 2384 3533 2450; x_wconf 86' lang='lat' dir='ltr'><strong><em>Ecclesie</em></strong></span> <span class='ocrx_word' id='word_1_223' title='bbox 3575 2406 3840 2450; x_wconf 91' lang='lat' dir='ltr'><strong><em>romane</em></strong></span> <span class='ocrx_word' id='word_1_224' title='bbox 3874 2387 4129 2450; x_wconf 87' lang='lat' dir='ltr'><strong><em>nomine</em></strong></span> <span class='ocrx_word' id='word_1_225' title='bbox 4162 2386 4322 2450; x_wconf 89' lang='lat' dir='ltr'><strong><em>reci-</em></strong></span> 
     </span>
     <span class='ocr_line' id='line_1_18' title="bbox 676 2492 4324 2587; baseline -0.002 -22"><span class='ocrx_word' id='word_1_226' title='bbox 676 2500 932 2587; x_wconf 86' lang='lat' dir='ltr'><strong><em>pientis,</em></strong></span> <span class='ocrx_word' id='word_1_227' title='bbox 980 2505 1272 2586; x_wconf 85' lang='lat' dir='ltr'><strong><em>prestare</em></strong></span> <span class='ocrx_word' id='word_1_228' title='bbox 1319 2497 1743 2583; x_wconf 83' lang='lat' dir='ltr'><strong><em>corporaliter</em></strong></span> <span class='ocrx_word' id='word_1_229' title='bbox 1789 2495 2103 2559; x_wconf 88' lang='lat' dir='ltr'><strong><em>tenearis:</em></strong></span> <span class='ocrx_word' id='word_1_230' title='bbox 2152 2516 2346 2581; x_wconf 89' lang='lat' dir='ltr'><strong><em>super</em></strong></span> <span class='ocrx_word' id='word_1_231' title='bbox 2409 2515 2536 2580; x_wconf 91' lang='lat' dir='ltr'><strong><em>qua</em></strong></span> <span class='ocrx_word' id='word_1_232' title='bbox 2600 2493 2859 2579; x_wconf 87' lang='lat' dir='ltr'><strong><em>quidem</em></strong></span> <span class='ocrx_word' id='word_1_233' title='bbox 2920 2492 3314 2579; x_wconf 86' lang='lat' dir='ltr'><strong><em>prestatione</em></strong></span> <span class='ocrx_word' id='word_1_234' title='bbox 3378 2493 3603 2557; x_wconf 90' lang='lat' dir='ltr'><strong><em>confici</em></strong></span> <span class='ocrx_word' id='word_1_235' title='bbox 3651 2493 3946 2556; x_wconf 88' lang='lat' dir='ltr'><strong><em>volumus</em></strong></span> <span class='ocrx_word' id='word_1_236' title='bbox 3995 2493 4324 2580; x_wconf 90' lang='lat' dir='ltr'><strong><em>publicum</em></strong></span> 
     </span>
     <span class='ocr_line' id='line_1_19' title="bbox 678 2599 4321 2689; baseline -0.002 -18"><span class='ocrx_word' id='word_1_237' title='bbox 678 2608 1175 2671; x_wconf 87' lang='lat' dir='ltr'><strong><em>instrumentum</em></strong></span> <span class='ocrx_word' id='word_1_238' title='bbox 1221 2612 1332 2670; x_wconf 87' lang='lat' dir='ltr'><strong><em>tuo</em></strong></span> <span class='ocrx_word' id='word_1_239' title='bbox 1381 2603 1597 2689; x_wconf 88' lang='lat' dir='ltr'><strong><em>sigillo</em></strong></span> <span class='ocrx_word' id='word_1_240' title='bbox 1643 2603 1990 2684; x_wconf 89' lang='lat' dir='ltr'><strong><em>munitum,</em></strong></span> <span class='ocrx_word' id='word_1_241' title='bbox 2039 2601 2317 2665; x_wconf 84' lang='lat' dir='ltr'><strong><em>formam</em></strong></span> <span class='ocrx_word' id='word_1_242' title='bbox 2362 2601 2517 2665; x_wconf 88' lang='lat' dir='ltr'><strong><em>dicti</em></strong></span> <span class='ocrx_word' id='word_1_243' title='bbox 2559 2601 2913 2684; x_wconf 88' lang='lat' dir='ltr'><strong><em>juramenti</em></strong></span> <span class='ocrx_word' id='word_1_244' title='bbox 2960 2607 3026 2664; x_wconf 90' lang='lat' dir='ltr'><strong><em>et</em></strong></span> <span class='ocrx_word' id='word_1_245' title='bbox 3071 2606 3362 2663; x_wconf 90' lang='lat' dir='ltr'><strong><em>tenorem</em></strong></span> <span class='ocrx_word' id='word_1_246' title='bbox 3422 2600 3817 2686; x_wconf 88' lang='lat' dir='ltr'><strong><em>presentium</em></strong></span> <span class='ocrx_word' id='word_1_247' title='bbox 3867 2599 3945 2664; x_wconf 93' lang='lat' dir='ltr'><strong><em>de</em></strong></span> <span class='ocrx_word' id='word_1_248' title='bbox 3993 2600 4190 2666; x_wconf 87' lang='lat' dir='ltr'><strong><em>verbo</em></strong></span> <span class='ocrx_word' id='word_1_249' title='bbox 4239 2601 4321 2665; x_wconf 87' lang='lat' dir='ltr'><strong><em>ad</em></strong></span> 
     </span>
     <span class='ocr_line' id='line_1_20' title="bbox 678 2706 4322 2796; baseline -0.002 -17"><span class='ocrx_word' id='word_1_250' title='bbox 678 2714 950 2779; x_wconf 84' lang='lat' dir='ltr'><strong><em>verbum</em></strong></span> <span class='ocrx_word' id='word_1_251' title='bbox 996 2713 1354 2794; x_wconf 88' lang='lat' dir='ltr'><strong><em>continens,</em></strong></span> <span class='ocrx_word' id='word_1_252' title='bbox 1389 2710 1562 2796; x_wconf 91' lang='lat' dir='ltr'><strong><em>quod</em></strong></span> <span class='ocrx_word' id='word_1_253' title='bbox 1608 2709 1793 2774; x_wconf 89' lang='lat' dir='ltr'><strong><em>nobis</em></strong></span> <span class='ocrx_word' id='word_1_254' title='bbox 1841 2709 2010 2773; x_wconf 87' lang='lat' dir='ltr'><strong><em>infra</em></strong></span> <span class='ocrx_word' id='word_1_255' title='bbox 2060 2707 2493 2794; x_wconf 87' lang='lat' dir='ltr'><strong><em>quadraginta</em></strong></span> <span class='ocrx_word' id='word_1_256' title='bbox 2539 2708 2791 2772; x_wconf 87' lang='lat' dir='ltr'><strong><em>dierum</em></strong></span> <span class='ocrx_word' id='word_1_257' title='bbox 2837 2707 3120 2793; x_wconf 90' lang='lat' dir='ltr'><strong><em>spatium</em></strong></span> <span class='ocrx_word' id='word_1_258' title='bbox 3150 2713 3299 2792; x_wconf 87' lang='lat' dir='ltr'><strong><em>post</em></strong></span> <span class='ocrx_word' id='word_1_259' title='bbox 3330 2706 3620 2791; x_wconf 90' lang='lat' dir='ltr'><strong><em>ejusdem</em></strong></span> <span class='ocrx_word' id='word_1_260' title='bbox 3651 2707 4115 2792; x_wconf 89' lang='lat' dir='ltr'><strong><em>prestationem</em></strong></span> <span class='ocrx_word' id='word_1_261' title='bbox 4140 2709 4322 2792; x_wconf 90' lang='lat' dir='ltr'><strong><em>jura-</em></strong></span> 
     </span>
     <span class='ocr_line' id='line_1_21' title="bbox 676 2813 4323 2907; baseline -0.002 -22"><span class='ocrx_word' id='word_1_262' title='bbox 676 2819 878 2886; x_wconf 89' lang='lat' dir='ltr'><strong><em>menti</em></strong></span> <span class='ocrx_word' id='word_1_263' title='bbox 922 2841 1040 2907; x_wconf 89' lang='lat' dir='ltr'><strong><em>per</em></strong></span> <span class='ocrx_word' id='word_1_264' title='bbox 1085 2819 1419 2906; x_wconf 89' lang='lat' dir='ltr'><strong><em>proprium</em></strong></span> <span class='ocrx_word' id='word_1_265' title='bbox 1464 2817 1770 2882; x_wconf 90' lang='lat' dir='ltr'><strong><em>nuncium</em></strong></span> <span class='ocrx_word' id='word_1_266' title='bbox 1817 2816 2140 2880; x_wconf 89' lang='lat' dir='ltr'><strong><em>destinare</em></strong></span> <span class='ocrx_word' id='word_1_267' title='bbox 2174 2836 2499 2902; x_wconf 89' lang='lat' dir='ltr'><strong><em>procures.</em></strong></span> <span class='ocrx_word' id='word_1_268' title='bbox 2533 2814 2786 2878; x_wconf 87' lang='lat' dir='ltr'><strong><em>Rursus</em></strong></span> <span class='ocrx_word' id='word_1_269' title='bbox 2819 2814 2970 2900; x_wconf 90' lang='lat' dir='ltr'><strong><em>quia</em></strong></span> <span class='ocrx_word' id='word_1_270' title='bbox 3002 2813 3339 2897; x_wconf 87' lang='lat' dir='ltr'><strong><em>desiderijs</em></strong></span> <span class='ocrx_word' id='word_1_271' title='bbox 3373 2819 3669 2900; x_wconf 89' lang='lat' dir='ltr'><strong><em>optamus</em></strong></span> <span class='ocrx_word' id='word_1_272' title='bbox 3702 2814 3969 2877; x_wconf 87' lang='lat' dir='ltr'><strong><em>intensis</em></strong></span> <span class='ocrx_word' id='word_1_273' title='bbox 4000 2814 4323 2900; x_wconf 88' lang='lat' dir='ltr'><strong><em>Populum</em></strong></span> 
     </span>
     <span class='ocr_line' id='line_1_22' title="bbox 678 2920 4321 3010; baseline -0.002 -17"><span class='ocrx_word' id='word_1_274' title='bbox 678 2928 981 3009; x_wconf 88' lang='lat' dir='ltr'><strong><em>civitatis,</em></strong></span> <span class='ocrx_word' id='word_1_275' title='bbox 1030 2926 1372 2992; x_wconf 86' lang='lat' dir='ltr'><strong><em>comitatus</em></strong></span> <span class='ocrx_word' id='word_1_276' title='bbox 1419 2932 1485 2990; x_wconf 88' lang='lat' dir='ltr'><strong><em>et</em></strong></span> <span class='ocrx_word' id='word_1_277' title='bbox 1531 2924 1858 2988; x_wconf 88' lang='lat' dir='ltr'><strong><em>districtus</em></strong></span> <span class='ocrx_word' id='word_1_278' title='bbox 1905 2923 2359 3010; x_wconf 88' lang='lat' dir='ltr'><strong><em>predictorum,</em></strong></span> <span class='ocrx_word' id='word_1_279' title='bbox 2405 2923 2585 2987; x_wconf 86' lang='lat' dir='ltr'><strong><em>velut</em></strong></span> <span class='ocrx_word' id='word_1_280' title='bbox 2632 2928 2997 2986; x_wconf 88' lang='lat' dir='ltr'><strong><em>nostrorum</em></strong></span> <span class='ocrx_word' id='word_1_281' title='bbox 3045 2929 3110 2985; x_wconf 90' lang='lat' dir='ltr'><strong><em>et</em></strong></span> <span class='ocrx_word' id='word_1_282' title='bbox 3154 2920 3444 2986; x_wconf 87' lang='lat' dir='ltr'><strong><em>Ecclesie</em></strong></span> <span class='ocrx_word' id='word_1_283' title='bbox 3492 2928 3842 2985; x_wconf 86' lang='lat' dir='ltr'><strong><em>memorate</em></strong></span> <span class='ocrx_word' id='word_1_284' title='bbox 3899 2922 4321 3006; x_wconf 87' lang='lat' dir='ltr'><strong><em>peculiarem,</em></strong></span> 
     </span>
     <span class='ocr_line' id='line_1_23' title="bbox 677 3028 4322 3121; baseline -0.002 -21"><span class='ocrx_word' id='word_1_285' title='bbox 677 3037 743 3100; x_wconf 90' lang='lat' dir='ltr'><strong><em>in</em></strong></span> <span class='ocrx_word' id='word_1_286' title='bbox 791 3036 969 3100; x_wconf 90' lang='lat' dir='ltr'><strong><em>cultu</em></strong></span> <span class='ocrx_word' id='word_1_287' title='bbox 1013 3034 1192 3121; x_wconf 86' lang='lat' dir='ltr'><strong><em>pacis</em></strong></span> <span class='ocrx_word' id='word_1_288' title='bbox 1239 3040 1305 3097; x_wconf 90' lang='lat' dir='ltr'><strong><em>et</em></strong></span> <span class='ocrx_word' id='word_1_289' title='bbox 1344 3032 1595 3117; x_wconf 88' lang='lat' dir='ltr'><strong><em>justitie</em></strong></span> <span class='ocrx_word' id='word_1_290' title='bbox 1643 3032 1762 3096; x_wconf 89' lang='lat' dir='ltr'><strong><em>sub</em></strong></span> <span class='ocrx_word' id='word_1_291' title='bbox 1812 3031 2046 3095; x_wconf 90' lang='lat' dir='ltr'><strong><em>nostris</em></strong></span> <span class='ocrx_word' id='word_1_292' title='bbox 2095 3037 2159 3095; x_wconf 89' lang='lat' dir='ltr'><strong><em>et</em></strong></span> <span class='ocrx_word' id='word_1_293' title='bbox 2204 3030 2404 3117; x_wconf 89' lang='lat' dir='ltr'><strong><em>ipsius</em></strong></span> <span class='ocrx_word' id='word_1_294' title='bbox 2450 3029 2739 3094; x_wconf 86' lang='lat' dir='ltr'><strong><em>Ecclesie</em></strong></span> <span class='ocrx_word' id='word_1_295' title='bbox 2788 3029 3097 3093; x_wconf 87' lang='lat' dir='ltr'><strong><em>fidelitate</em></strong></span> <span class='ocrx_word' id='word_1_296' title='bbox 3145 3035 3210 3092; x_wconf 87' lang='lat' dir='ltr'><strong><em>et</em></strong></span> <span class='ocrx_word' id='word_1_297' title='bbox 3256 3028 3642 3110; x_wconf 87' lang='lat' dir='ltr'><strong><em>obedientia,</em></strong></span> <span class='ocrx_word' id='word_1_298' title='bbox 3676 3049 3795 3092; x_wconf 91' lang='lat' dir='ltr'><strong><em>nec</em></strong></span> <span class='ocrx_word' id='word_1_299' title='bbox 3841 3049 3968 3091; x_wconf 91' lang='lat' dir='ltr'><strong><em>non</em></strong></span> <span class='ocrx_word' id='word_1_300' title='bbox 4017 3028 4322 3092; x_wconf 88' lang='lat' dir='ltr'><strong><em>ecclesias</em></strong></span> 
     </span>
     <span class='ocr_line' id='line_1_24' title="bbox 678 3135 4322 3229; baseline -0.003 -21"><span class='ocrx_word' id='word_1_301' title='bbox 678 3151 743 3208; x_wconf 91' lang='lat' dir='ltr'><strong><em>et</em></strong></span> <span class='ocrx_word' id='word_1_302' title='bbox 788 3163 1099 3229; x_wconf 88' lang='lat' dir='ltr'><strong><em>personas</em></strong></span> <span class='ocrx_word' id='word_1_303' title='bbox 1146 3139 1615 3205; x_wconf 87' lang='lat' dir='ltr'><strong><em>ecclesiasticas</em></strong></span> <span class='ocrx_word' id='word_1_304' title='bbox 1662 3139 1963 3220; x_wconf 75' lang='lat' dir='ltr'><strong><em>civitatiS,</em></strong></span> <span class='ocrx_word' id='word_1_305' title='bbox 1997 3138 2339 3203; x_wconf 87' lang='lat' dir='ltr'><strong><em>comitatus</em></strong></span> <span class='ocrx_word' id='word_1_306' title='bbox 2385 3144 2451 3200; x_wconf 88' lang='lat' dir='ltr'><strong><em>et</em></strong></span> <span class='ocrx_word' id='word_1_307' title='bbox 2497 3136 2824 3201; x_wconf 89' lang='lat' dir='ltr'><strong><em>districtus</em></strong></span> <span class='ocrx_word' id='word_1_308' title='bbox 2869 3135 3302 3222; x_wconf 86' lang='lat' dir='ltr'><strong><em>predictorum</em></strong></span> <span class='ocrx_word' id='word_1_309' title='bbox 3351 3136 3415 3198; x_wconf 91' lang='lat' dir='ltr'><strong><em>in</em></strong></span> <span class='ocrx_word' id='word_1_310' title='bbox 3466 3135 3596 3198; x_wconf 86' lang='lat' dir='ltr'><strong><em>suis</em></strong></span> <span class='ocrx_word' id='word_1_311' title='bbox 3637 3135 3892 3219; x_wconf 89' lang='lat' dir='ltr'><strong><em>juribus</em></strong></span> <span class='ocrx_word' id='word_1_312' title='bbox 3949 3142 4014 3198; x_wconf 87' lang='lat' dir='ltr'><strong><em>et</em></strong></span> <span class='ocrx_word' id='word_1_313' title='bbox 4059 3135 4322 3199; x_wconf 89' lang='lat' dir='ltr'><strong><em>liberta·</em></strong></span> 
     </span>
     <span class='ocr_line' id='line_1_25' title="bbox 675 3242 4322 3330; baseline -0.003 -14"><span class='ocrx_word' id='word_1_314' title='bbox 675 3252 849 3316; x_wconf 92' lang='lat' dir='ltr'><strong><em>tibus</em></strong></span> <span class='ocrx_word' id='word_1_315' title='bbox 907 3249 1270 3330; x_wconf 80' lang='lat' dir='ltr'><strong><em>confoveri,</em></strong></span> <span class='ocrx_word' id='word_1_316' title='bbox 1319 3247 1770 3311; x_wconf 87' lang='lat' dir='ltr'><strong><em>discretionem</em></strong></span> <span class='ocrx_word' id='word_1_317' title='bbox 1818 3254 1995 3310; x_wconf 88' lang='lat' dir='ltr'><strong><em>tuam</em></strong></span> <span class='ocrx_word' id='word_1_318' title='bbox 2042 3246 2350 3309; x_wconf 88' lang='lat' dir='ltr'><strong><em>attentius</em></strong></span> <span class='ocrx_word' id='word_1_319' title='bbox 2399 3245 2839 3327; x_wconf 81' lang='lat' dir='ltr'><strong><em>exhortamur,</em></strong></span> <span class='ocrx_word' id='word_1_320' title='bbox 2888 3244 3133 3329; x_wconf 89' lang='lat' dir='ltr'><strong><em>tibique</em></strong></span> <span class='ocrx_word' id='word_1_321' title='bbox 3189 3242 3570 3306; x_wconf 86' lang='lat' dir='ltr'><strong><em>mandamus</em></strong></span> <span class='ocrx_word' id='word_1_322' title='bbox 3633 3263 3938 3328; x_wconf 83' lang='lat' dir='ltr'><strong><em>expresse</em></strong></span> <span class='ocrx_word' id='word_1_323' title='bbox 4005 3251 4322 3328; x_wconf 87' lang='lat' dir='ltr'><strong><em>quatenus</em></strong></span> 
     </span>
     <span class='ocr_line' id='line_1_26' title="bbox 677 3348 4322 3440; baseline -0.002 -17"><span class='ocrx_word' id='word_1_324' title='bbox 677 3366 750 3424; x_wconf 90' lang='lat' dir='ltr'><strong><em>ut</em></strong></span> <span class='ocrx_word' id='word_1_325' title='bbox 788 3358 954 3423; x_wconf 87' lang='lat' dir='ltr'><strong><em>votis</em></strong></span> <span class='ocrx_word' id='word_1_326' title='bbox 1010 3356 1246 3420; x_wconf 90' lang='lat' dir='ltr'><strong><em>nostris</em></strong></span> <span class='ocrx_word' id='word_1_327' title='bbox 1296 3355 1361 3419; x_wconf 89' lang='lat' dir='ltr'><strong><em>in</em></strong></span> <span class='ocrx_word' id='word_1_328' title='bbox 1406 3355 1529 3418; x_wconf 88' lang='lat' dir='ltr'><strong><em>hac</em></strong></span> <span class='ocrx_word' id='word_1_329' title='bbox 1575 3361 1782 3440; x_wconf 87' lang='lat' dir='ltr'><strong><em>parte,</em></strong></span> <span class='ocrx_word' id='word_1_330' title='bbox 1831 3353 2232 3438; x_wconf 87' lang='lat' dir='ltr'><strong><em>suffragante</em></strong></span> <span class='ocrx_word' id='word_1_331' title='bbox 2279 3352 2500 3416; x_wconf 89' lang='lat' dir='ltr'><strong><em>divina</em></strong></span> <span class='ocrx_word' id='word_1_332' title='bbox 2548 3353 2782 3437; x_wconf 88' lang='lat' dir='ltr'><strong><em>gratia,</em></strong></span> <span class='ocrx_word' id='word_1_333' title='bbox 2817 3350 3111 3432; x_wconf 85' lang='lat' dir='ltr'><strong><em>satisfiat,</em></strong></span> <span class='ocrx_word' id='word_1_334' title='bbox 3145 3351 3236 3415; x_wconf 91' lang='lat' dir='ltr'><strong><em>sic</em></strong></span> <span class='ocrx_word' id='word_1_335' title='bbox 3283 3350 3454 3415; x_wconf 89' lang='lat' dir='ltr'><strong><em>circa</em></strong></span> <span class='ocrx_word' id='word_1_336' title='bbox 3499 3350 3619 3414; x_wconf 88' lang='lat' dir='ltr'><strong><em>hec</em></strong></span> <span class='ocrx_word' id='word_1_337' title='bbox 3666 3348 4019 3435; x_wconf 88' lang='lat' dir='ltr'><strong><em>prudenter</em></strong></span> <span class='ocrx_word' id='word_1_338' title='bbox 4066 3357 4130 3414; x_wconf 88' lang='lat' dir='ltr'><strong><em>et</em></strong></span> <span class='ocrx_word' id='word_1_339' title='bbox 4174 3371 4322 3436; x_wconf 86' lang='lat' dir='ltr'><strong><em>pro·</em></strong></span> 
     </span>
     <span class='ocr_line' id='line_1_27' title="bbox 676 3457 4323 3547; baseline -0.002 -16"><span class='ocrx_word' id='word_1_340' title='bbox 676 3467 825 3531; x_wconf 90' lang='lat' dir='ltr'><strong><em>vide</em></strong></span> <span class='ocrx_word' id='word_1_341' title='bbox 873 3464 1176 3529; x_wconf 86' lang='lat' dir='ltr'><strong><em>studiosis</em></strong></span> <span class='ocrx_word' id='word_1_342' title='bbox 1224 3470 1289 3527; x_wconf 87' lang='lat' dir='ltr'><strong><em>et</em></strong></span> <span class='ocrx_word' id='word_1_343' title='bbox 1333 3462 1630 3527; x_wconf 84' lang='lat' dir='ltr'><strong><em>fidelibus</em></strong></span> <span class='ocrx_word' id='word_1_344' title='bbox 1678 3461 2217 3526; x_wconf 87' lang='lat' dir='ltr'><strong><em>sollicitudinibus</em></strong></span> <span class='ocrx_word' id='word_1_345' title='bbox 2259 3461 2574 3542; x_wconf 87' lang='lat' dir='ltr'><strong><em>elabores,</em></strong></span> <span class='ocrx_word' id='word_1_346' title='bbox 2608 3461 2780 3545; x_wconf 90' lang='lat' dir='ltr'><strong><em>quod</em></strong></span> <span class='ocrx_word' id='word_1_347' title='bbox 2812 3467 3070 3547; x_wconf 88' lang='lat' dir='ltr'><strong><em>praeter</em></strong></span> <span class='ocrx_word' id='word_1_348' title='bbox 3101 3460 3401 3545; x_wconf 88' lang='lat' dir='ltr'><strong><em>perennis</em></strong></span> <span class='ocrx_word' id='word_1_349' title='bbox 3435 3457 3748 3522; x_wconf 88' lang='lat' dir='ltr'><strong><em>mercedis</em></strong></span> <span class='ocrx_word' id='word_1_350' title='bbox 3781 3458 4117 3544; x_wconf 88' lang='lat' dir='ltr'><strong><em>premium,</em></strong></span> <span class='ocrx_word' id='word_1_351' title='bbox 4153 3458 4323 3544; x_wconf 91' lang='lat' dir='ltr'><strong><em>quod</em></strong></span> 
     </span>
     <span class='ocr_line' id='line_1_28' title="bbox 678 3566 3783 3657; baseline -0.003 -19"><span class='ocrx_word' id='word_1_352' title='bbox 678 3574 826 3638; x_wconf 89' lang='lat' dir='ltr'><strong><em>inde</em></strong></span> <span class='ocrx_word' id='word_1_353' title='bbox 876 3572 1110 3636; x_wconf 88' lang='lat' dir='ltr'><strong><em>mereri</em></strong></span> <span class='ocrx_word' id='word_1_354' title='bbox 1155 3571 1417 3657; x_wconf 87' lang='lat' dir='ltr'><strong><em>poteris,</em></strong></span> <span class='ocrx_word' id='word_1_355' title='bbox 1465 3578 1753 3634; x_wconf 88' lang='lat' dir='ltr'><strong><em>nostram</em></strong></span> <span class='ocrx_word' id='word_1_356' title='bbox 1799 3576 1865 3633; x_wconf 90' lang='lat' dir='ltr'><strong><em>et</em></strong></span> <span class='ocrx_word' id='word_1_357' title='bbox 1911 3569 2097 3633; x_wconf 84' lang='lat' dir='ltr'><strong><em>Sedis</em></strong></span> <span class='ocrx_word' id='word_1_358' title='bbox 2145 3569 2436 3653; x_wconf 88' lang='lat' dir='ltr'><strong><em>ejusdem</em></strong></span> <span class='ocrx_word' id='word_1_359' title='bbox 2483 3568 2761 3654; x_wconf 86' lang='lat' dir='ltr'><strong><em>gratiam</em></strong></span> <span class='ocrx_word' id='word_1_360' title='bbox 2809 3568 2927 3632; x_wconf 89' lang='lat' dir='ltr'><strong><em>tibi</em></strong></span> <span class='ocrx_word' id='word_1_361' title='bbox 2976 3567 3276 3631; x_wconf 81' lang='lat' dir='ltr'><strong><em>vendices</em></strong></span> <span class='ocrx_word' id='word_1_362' title='bbox 3323 3587 3452 3630; x_wconf 90' lang='lat' dir='ltr'><strong><em>non</em></strong></span> <span class='ocrx_word' id='word_1_363' title='bbox 3499 3566 3783 3651; x_wconf 88' lang='lat' dir='ltr'><strong><em>indigne.</em></strong></span> 
     </span>
     <span class='ocr_line' id='line_1_29' title="bbox 849 3672 3469 3762; baseline -0.003 -17"><span class='ocrx_word' id='word_1_364' title='bbox 849 3679 1098 3745; x_wconf 87' lang='lat' dir='ltr'><strong><em>Datum</em></strong></span> <span class='ocrx_word' id='word_1_365' title='bbox 1144 3677 1474 3760; x_wconf 90' lang='lat' dir='ltr'><strong><em>Avinioni,</em></strong></span> <span class='ocrx_word' id='word_1_366' title='bbox 1525 3684 1755 3762; x_wconf 88' lang='lat' dir='ltr'><strong><em>quarto</em></strong></span> <span class='ocrx_word' id='word_1_367' title='bbox 1805 3676 1948 3740; x_wconf 89' lang='lat' dir='ltr'><strong><em>idus</em></strong></span> <span class='ocrx_word' id='word_1_368' title='bbox 1990 3676 2164 3760; x_wconf 90' lang='lat' dir='ltr'><strong><em>julij,</em></strong></span> <span class='ocrx_word' id='word_1_369' title='bbox 2213 3675 2622 3762; x_wconf 87' lang='lat' dir='ltr'><strong><em>pontificatus</em></strong></span> <span class='ocrx_word' id='word_1_370' title='bbox 2668 3675 2872 3739; x_wconf 88' lang='lat' dir='ltr'><strong><em>nostri</em></strong></span> <span class='ocrx_word' id='word_1_371' title='bbox 2920 3695 3088 3738; x_wconf 89' lang='lat' dir='ltr'><strong><em>anno</em></strong></span> <span class='ocrx_word' id='word_1_372' title='bbox 3136 3672 3469 3759; x_wconf 88' lang='lat' dir='ltr'><strong><em>pri1no(¹).</em></strong></span> 
     </span>
    </p>
   </div>
   <div class='ocr_carea' id='block_1_3' title="bbox 1618 4191 3376 4291">
    <p class='ocr_par' dir='ltr' id='par_1_3' title="bbox 1618 4191 3376 4291">
     <span class='ocr_line' id='line_1_30' title="bbox 1618 4191 3376 4291; baseline -0.003 0"><span class='ocrx_word' id='word_1_373' title='bbox 1618 4199 1810 4291; x_wconf 85' lang='lat' dir='ltr'><strong><em>DE</em></strong></span> <span class='ocrx_word' id='word_1_374' title='bbox 1894 4193 2640 4290; x_wconf 84' lang='lat' dir='ltr'><strong>THADAEO</strong></span> <span class='ocrx_word' id='word_1_375' title='bbox 2730 4191 3376 4288; x_wconf 86' lang='lat' dir='ltr'><strong><em>PEPULO.</em></strong></span> 
     </span>
    </p>
   </div>
   <div class='ocr_carea' id='block_1_4' title="bbox 1311 4439 3681 4503">
    <p class='ocr_par' dir='ltr' id='par_1_4' title="bbox 1311 4439 3681 4503">
     <span class='ocr_line' id='line_1_31' title="bbox 1311 4439 3681 4503; baseline -0.002 0"><span class='ocrx_word' id='word_1_376' title='bbox 1311 4444 1735 4503; x_wconf 83' lang='lat' dir='ltr'><strong>APPENDIX</strong></span> <span class='ocrx_word' id='word_1_377' title='bbox 1790 4441 2487 4503; x_wconf 78' lang='lat' dir='ltr'>MONUMENTORUM</span> <span class='ocrx_word' id='word_1_378' title='bbox 2552 4440 2978 4500; x_wconf 80' lang='lat' dir='ltr'><strong>SUMMAROE</strong></span> <span class='ocrx_word' id='word_1_379' title='bbox 3034 4439 3681 4499; x_wconf 85' lang='lat' dir='ltr'>DESCRIPTORUM.</span> 
     </span>
    </p>
   </div>
   <div class='ocr_carea' id='block_1_5' title="bbox 675 4718 4376 6324">
    <p class='ocr_par' dir='ltr' id='par_1_5' title="bbox 675 4718 4376 6324">
     <span class='ocr_line' id='line_1_32' title="bbox 895 4718 4316 4820; baseline -0.001 -22"><span class='ocrx_word' id='word_1_380' title='bbox 895 4724 1246 4814; x_wconf 85' lang='lat' dir='ltr'><strong><em>Quoniam</em></strong></span> <span class='ocrx_word' id='word_1_381' title='bbox 1302 4724 1374 4796; x_wconf 91' lang='lat' dir='ltr'><strong><em>in</em></strong></span> <span class='ocrx_word' id='word_1_382' title='bbox 1433 4723 1755 4796; x_wconf 86' lang='lat' dir='ltr'><strong><em>Thadaei</em></strong></span> <span class='ocrx_word' id='word_1_383' title='bbox 1810 4722 2064 4820; x_wconf 91' lang='lat' dir='ltr'><strong><em>Pepuli</em></strong></span> <span class='ocrx_word' id='word_1_384' title='bbox 2120 4722 2293 4816; x_wconf 88' lang='lat' dir='ltr'><strong><em>vita,</em></strong></span> <span class='ocrx_word' id='word_1_385' title='bbox 2344 4745 2526 4818; x_wconf 89' lang='lat' dir='ltr'><strong><em>quae</em></strong></span> <span class='ocrx_word' id='word_1_386' title='bbox 2582 4721 2653 4792; x_wconf 91' lang='lat' dir='ltr'><strong><em>in</em></strong></span> <span class='ocrx_word' id='word_1_387' title='bbox 2710 4719 3167 4816; x_wconf 87' lang='lat' dir='ltr'><strong><em>praecedenti</em></strong></span> <span class='ocrx_word' id='word_1_388' title='bbox 3223 4728 3413 4793; x_wconf 90' lang='lat' dir='ltr'><strong><em>tomo</em></strong></span> <span class='ocrx_word' id='word_1_389' title='bbox 3473 4719 3803 4813; x_wconf 88' lang='lat' dir='ltr'><strong><em>occurrit,</em></strong></span> <span class='ocrx_word' id='word_1_390' title='bbox 3847 4718 4087 4816; x_wconf 86' lang='lat' dir='ltr'><strong><em>plures</em></strong></span> <span class='ocrx_word' id='word_1_391' title='bbox 4143 4744 4316 4817; x_wconf 85' lang='lat' dir='ltr'><strong><em>apo-</em></strong></span> 
     </span>
     <span class='ocr_line' id='line_1_33' title="bbox 678 4845 4317 4947; baseline -0.002 -22"><span class='ocrx_word' id='word_1_392' title='bbox 678 4851 967 4925; x_wconf 88' lang='lat' dir='ltr'><strong><em>stolicas</em></strong></span> <span class='ocrx_word' id='word_1_393' title='bbox 1023 4852 1269 4925; x_wconf 89' lang='lat' dir='ltr'><strong><em>literas</em></strong></span> <span class='ocrx_word' id='word_1_394' title='bbox 1325 4851 1417 4924; x_wconf 86' lang='lat' dir='ltr'><strong><em>ad</em></strong></span> <span class='ocrx_word' id='word_1_395' title='bbox 1476 4851 1629 4947; x_wconf 88' lang='lat' dir='ltr'><strong><em>ejus</em></strong></span> <span class='ocrx_word' id='word_1_396' title='bbox 1686 4859 1757 4923; x_wconf 89' lang='lat' dir='ltr'><strong><em>et</em></strong></span> <span class='ocrx_word' id='word_1_397' title='bbox 1812 4857 2018 4945; x_wconf 88' lang='lat' dir='ltr'><strong><em>gesta</em></strong></span> <span class='ocrx_word' id='word_1_398' title='bbox 2074 4858 2145 4921; x_wconf 93' lang='lat' dir='ltr'><strong><em>et</em></strong></span> <span class='ocrx_word' id='word_1_399' title='bbox 2202 4848 2574 4945; x_wconf 88' lang='lat' dir='ltr'><strong><em>imperium</em></strong></span> <span class='ocrx_word' id='word_1_400' title='bbox 2634 4856 3043 4945; x_wconf 87' lang='lat' dir='ltr'><strong><em>spectantes</em></strong></span> <span class='ocrx_word' id='word_1_401' title='bbox 3089 4847 3381 4920; x_wconf 87' lang='lat' dir='ltr'><strong><em>daturos</em></strong></span> <span class='ocrx_word' id='word_1_402' title='bbox 3420 4871 3548 4919; x_wconf 88' lang='lat' dir='ltr'><strong><em>nos</em></strong></span> <span class='ocrx_word' id='word_1_403' title='bbox 3586 4847 3658 4918; x_wconf 91' lang='lat' dir='ltr'><strong><em>in</em></strong></span> <span class='ocrx_word' id='word_1_404' title='bbox 3705 4847 4124 4943; x_wconf 88' lang='lat' dir='ltr'><strong><em>Appendice</em></strong></span> <span class='ocrx_word' id='word_1_405' title='bbox 4165 4845 4317 4943; x_wconf 92' lang='lat' dir='ltr'><strong><em>pol-</em></strong></span> 
     </span>
     <span class='ocr_line' id='line_1_34' title="bbox 677 4972 4316 5073; baseline -0.002 -24"><span class='ocrx_word' id='word_1_406' title='bbox 677 4977 852 5050; x_wconf 88' lang='lat' dir='ltr'><strong><em>liciti</em></strong></span> <span class='ocrx_word' id='word_1_407' title='bbox 907 5001 1175 5073; x_wconf 80' lang='lat' dir='ltr'><strong><em>sumuS,</em></strong></span> <span class='ocrx_word' id='word_1_408' title='bbox 1237 4975 1623 5071; x_wconf 88' lang='lat' dir='ltr'><strong><em>obligatam</em></strong></span> <span class='ocrx_word' id='word_1_409' title='bbox 1681 4974 1893 5047; x_wconf 89' lang='lat' dir='ltr'><strong><em>fidem</em></strong></span> <span class='ocrx_word' id='word_1_410' title='bbox 1949 4973 2253 5048; x_wconf 89' lang='lat' dir='ltr'><strong><em>liberare</em></strong></span> <span class='ocrx_word' id='word_1_411' title='bbox 2308 4973 2806 5069; x_wconf 81' lang='lat' dir='ltr'><strong><em>aggredimur3</em></strong></span> <span class='ocrx_word' id='word_1_412' title='bbox 2867 4981 2937 5046; x_wconf 89' lang='lat' dir='ltr'><strong><em>et</em></strong></span> <span class='ocrx_word' id='word_1_413' title='bbox 2994 4973 3095 5045; x_wconf 89' lang='lat' dir='ltr'><strong><em>ita</em></strong></span> <span class='ocrx_word' id='word_1_414' title='bbox 3151 4972 3459 5069; x_wconf 89' lang='lat' dir='ltr'><strong><em>quidem,</em></strong></span> <span class='ocrx_word' id='word_1_415' title='bbox 3509 4981 3589 5044; x_wconf 91' lang='lat' dir='ltr'><strong><em>ut</em></strong></span> <span class='ocrx_word' id='word_1_416' title='bbox 3644 4972 4046 5045; x_wconf 89' lang='lat' dir='ltr'><strong><em>uberiorem</em></strong></span> <span class='ocrx_word' id='word_1_417' title='bbox 4101 4972 4316 5044; x_wconf 89' lang='lat' dir='ltr'><strong><em>etiam</em></strong></span> 
     </span>
     <span class='ocr_line' id='line_1_35' title="bbox 675 5096 4315 5197; baseline -0.002 -22"><span class='ocrx_word' id='word_1_418' title='bbox 675 5111 1298 5177; x_wconf 89' lang='lat' dir='ltr'><strong><em>monumentorum</em></strong></span> <span class='ocrx_word' id='word_1_419' title='bbox 1370 5100 1556 5174; x_wconf 87' lang='lat' dir='ltr'><strong><em>illius</em></strong></span> <span class='ocrx_word' id='word_1_420' title='bbox 1628 5100 1966 5197; x_wconf 86' lang='lat' dir='ltr'><strong><em>temporis</em></strong></span> <span class='ocrx_word' id='word_1_421' title='bbox 2041 5100 2318 5197; x_wconf 89' lang='lat' dir='ltr'><strong><em>copiam</em></strong></span> <span class='ocrx_word' id='word_1_422' title='bbox 2392 5098 2878 5172; x_wconf 80' lang='lat' dir='ltr'><strong><em>exhibeamus,</em></strong></span> <span class='ocrx_word' id='word_1_423' title='bbox 2937 5097 3371 5194; x_wconf 87' lang='lat' dir='ltr'><strong><em>Hujusmodi</em></strong></span> <span class='ocrx_word' id='word_1_424' title='bbox 3437 5096 3774 5170; x_wconf 88' lang='lat' dir='ltr'><strong><em>historiae</em></strong></span> <span class='ocrx_word' id='word_1_425' title='bbox 3851 5096 4315 5194; x_wconf 86' lang='lat' dir='ltr'><strong><em>particulam,</em></strong></span> 
     </span>
     <span class='ocr_line' id='line_1_36' title="bbox 677 5203 4318 5324; baseline -0.001 -25"><span class='ocrx_word' id='word_1_426' title='bbox 677 5252 859 5324; x_wconf 89' lang='lat' dir='ltr'><strong><em>quae</em></strong></span> <span class='ocrx_word' id='word_1_427' title='bbox 916 5252 1058 5301; x_wconf 92' lang='lat' dir='ltr'><strong><em>non</em></strong></span> <span class='ocrx_word' id='word_1_428' title='bbox 1112 5226 1490 5300; x_wconf 88' lang='lat' dir='ltr'><strong><em>mediocris</em></strong></span> <span class='ocrx_word' id='word_1_429' title='bbox 1547 5235 1655 5299; x_wconf 88' lang='lat' dir='ltr'><strong><em>est</em></strong></span> <span class='ocrx_word' id='word_1_430' title='bbox 1712 5225 2092 5319; x_wconf 89' lang='lat' dir='ltr'><strong><em>momenti,</em></strong></span> <span class='ocrx_word' id='word_1_431' title='bbox 2152 5223 2508 5296; x_wconf 88' lang='lat' dir='ltr'><strong><em>illustrare</em></strong></span> <span class='ocrx_word' id='word_1_432' title='bbox 2583 5231 2655 5296; x_wconf 89' lang='lat' dir='ltr'><strong><em>et</em></strong></span> <span class='ocrx_word' id='word_1_433' title='bbox 2720 5223 2982 5318; x_wconf 91' lang='lat' dir='ltr'><strong><em>ignotis</em></strong></span> <span class='ocrx_word' id='word_1_434' title='bbox 3054 5222 3417 5318; x_wconf 90' lang='lat' dir='ltr'><strong><em>hucusque</em></strong></span> <span class='ocrx_word' id='word_1_435' title='bbox 3485 5203 3960 5294; x_wconf 88' lang='lat' dir='ltr'><strong><em>monumentis</em></strong></span> <span class='ocrx_word' id='word_1_436' title='bbox 4035 5220 4318 5294; x_wconf 89' lang='lat' dir='ltr'><strong><em>firmare</em></strong></span> 
     </span>
     <span class='ocr_line' id='line_1_37' title="bbox 677 5347 4317 5451; baseline -0.001 -25"><span class='ocrx_word' id='word_1_437' title='bbox 677 5364 1159 5451; x_wconf 90' lang='lat' dir='ltr'><strong><em>opportunum</em></strong></span> <span class='ocrx_word' id='word_1_438' title='bbox 1217 5352 1590 5448; x_wconf 89' lang='lat' dir='ltr'><strong><em>duximus,</em></strong></span> <span class='ocrx_word' id='word_1_439' title='bbox 1647 5376 1788 5424; x_wconf 90' lang='lat' dir='ltr'><strong><em>non</em></strong></span> <span class='ocrx_word' id='word_1_440' title='bbox 1845 5351 2054 5424; x_wconf 90' lang='lat' dir='ltr'><strong><em>modo</em></strong></span> <span class='ocrx_word' id='word_1_441' title='bbox 2112 5350 2279 5447; x_wconf 90' lang='lat' dir='ltr'><strong><em>quia</em></strong></span> <span class='ocrx_word' id='word_1_442' title='bbox 2335 5374 2484 5422; x_wconf 88' lang='lat' dir='ltr'><strong><em>rem</em></strong></span> <span class='ocrx_word' id='word_1_443' title='bbox 2540 5350 2771 5446; x_wconf 85' lang='lat' dir='ltr'><strong><em>ipsam</em></strong></span> <span class='ocrx_word' id='word_1_444' title='bbox 2829 5348 3112 5446; x_wconf 82' lang='lat' dir='ltr'><strong><em>penitus</em></strong></span> <span class='ocrx_word' id='word_1_445' title='bbox 3185 5371 3477 5420; x_wconf 88' lang='lat' dir='ltr'><strong><em>noscere</em></strong></span> <span class='ocrx_word' id='word_1_446' title='bbox 3538 5347 3933 5443; x_wconf 84' lang='lat' dir='ltr'><strong><em>jucundum</em></strong></span> <span class='ocrx_word' id='word_1_447' title='bbox 4009 5357 4080 5420; x_wconf 88' lang='lat' dir='ltr'><strong><em>et</em></strong></span> <span class='ocrx_word' id='word_1_448' title='bbox 4146 5347 4317 5421; x_wconf 89' lang='lat' dir='ltr'><strong><em>utile</em></strong></span> 
     </span>
     <span class='ocr_line' id='line_1_38' title="bbox 676 5472 4376 5574; baseline -0.001 -23"><span class='ocrx_word' id='word_1_449' title='bbox 676 5486 826 5574; x_wconf 87' lang='lat' dir='ltr'><strong><em>est,</em></strong></span> <span class='ocrx_word' id='word_1_450' title='bbox 887 5478 1013 5551; x_wconf 86' lang='lat' dir='ltr'><strong><em>sed</em></strong></span> <span class='ocrx_word' id='word_1_451' title='bbox 1070 5478 1285 5550; x_wconf 88' lang='lat' dir='ltr'><strong><em>etiam</em></strong></span> <span class='ocrx_word' id='word_1_452' title='bbox 1344 5477 1512 5574; x_wconf 89' lang='lat' dir='ltr'><strong><em>quia</em></strong></span> <span class='ocrx_word' id='word_1_453' title='bbox 1568 5501 1728 5550; x_wconf 90' lang='lat' dir='ltr'><strong><em>cum</em></strong></span> <span class='ocrx_word' id='word_1_454' title='bbox 1783 5475 2296 5549; x_wconf 86' lang='lat' dir='ltr'><strong><em>Universitatis</em></strong></span> <span class='ocrx_word' id='word_1_455' title='bbox 2353 5475 2646 5571; x_wconf 89' lang='lat' dir='ltr'><strong><em>ejusque</em></strong></span> <span class='ocrx_word' id='word_1_456' title='bbox 2702 5498 2846 5546; x_wconf 89' lang='lat' dir='ltr'><strong><em>non</em></strong></span> <span class='ocrx_word' id='word_1_457' title='bbox 2903 5497 3292 5571; x_wconf 89' lang='lat' dir='ltr'><strong><em>paucorum</em></strong></span> <span class='ocrx_word' id='word_1_458' title='bbox 3347 5473 3849 5570; x_wconf 87' lang='lat' dir='ltr'><strong><em>professorum,</em></strong></span> <span class='ocrx_word' id='word_1_459' title='bbox 3910 5472 3995 5545; x_wconf 86' lang='lat' dir='ltr'><strong><em>de</em></strong></span> <span class='ocrx_word' id='word_1_460' title='bbox 4063 5473 4318 5569; x_wconf 88' lang='lat' dir='ltr'><strong><em>quibus</em></strong></span> <span class='ocrx_word' id='word_1_461' title='bbox 4373 5481 4376 5484; x_wconf 74' lang='grc'><strong><em>’</em></strong></span> 
     </span>
     <span class='ocr_line' id='line_1_39' title="bbox 678 5597 4318 5701; baseline -0.002 -25"><span class='ocrx_word' id='word_1_462' title='bbox 678 5612 839 5701; x_wconf 90' lang='lat' dir='ltr'><strong><em>post</em></strong></span> <span class='ocrx_word' id='word_1_463' title='bbox 897 5602 1318 5676; x_wconf 88' lang='lat' dir='ltr'><strong><em>Thadaeum</em></strong></span> <span class='ocrx_word' id='word_1_464' title='bbox 1374 5601 1824 5699; x_wconf 74' lang='lat' dir='ltr'><strong><em>scripsimuS,</em></strong></span> <span class='ocrx_word' id='word_1_465' title='bbox 1882 5599 2180 5673; x_wconf 91' lang='lat' dir='ltr'><strong><em>historia</em></strong></span> <span class='ocrx_word' id='word_1_466' title='bbox 2237 5624 2567 5695; x_wconf 88' lang='lat' dir='ltr'><strong><em>magnam</em></strong></span> <span class='ocrx_word' id='word_1_467' title='bbox 2625 5598 2844 5672; x_wconf 87' lang='lat' dir='ltr'><strong><em>habet</em></strong></span> <span class='ocrx_word' id='word_1_468' title='bbox 2900 5597 3490 5694; x_wconf 87' lang='lat' dir='ltr'><strong><em>conjunctionem.</em></strong></span> <span class='ocrx_word' id='word_1_469' title='bbox 3552 5597 3669 5669; x_wconf 90' lang='lat' dir='ltr'><strong><em>Ad</em></strong></span> <span class='ocrx_word' id='word_1_470' title='bbox 3745 5621 3895 5670; x_wconf 90' lang='lat' dir='ltr'><strong><em>rem</em></strong></span> <span class='ocrx_word' id='word_1_471' title='bbox 3970 5607 4210 5670; x_wconf 90' lang='lat' dir='ltr'><strong><em>autem</em></strong></span> <span class='ocrx_word' id='word_1_472' title='bbox 4281 5623 4318 5670; x_wconf 89' lang='lat' dir='ltr'><strong><em>e</em></strong></span> 
     </span>
     <span class='ocr_line' id='line_1_40' title="bbox 677 5721 4319 5825; baseline -0.001 -25"><span class='ocrx_word' id='word_1_473' title='bbox 677 5738 846 5802; x_wconf 86' lang='lat' dir='ltr'><strong><em>voto</em></strong></span> <span class='ocrx_word' id='word_1_474' title='bbox 921 5727 1420 5825; x_wconf 86' lang='lat' dir='ltr'><strong><em>perficiendam</em></strong></span> <span class='ocrx_word' id='word_1_475' title='bbox 1498 5728 1808 5800; x_wconf 90' lang='lat' dir='ltr'><strong><em>fatemur</em></strong></span> <span class='ocrx_word' id='word_1_476' title='bbox 1882 5726 2185 5821; x_wconf 89' lang='lat' dir='ltr'><strong><em>ingenue</em></strong></span> <span class='ocrx_word' id='word_1_477' title='bbox 2263 5724 2610 5823; x_wconf 86' lang='lat' dir='ltr'><strong><em>profuisse</em></strong></span> <span class='ocrx_word' id='word_1_478' title='bbox 2679 5725 2883 5797; x_wconf 89' lang='lat' dir='ltr'><strong><em>uobis</em></strong></span> <span class='ocrx_word' id='word_1_479' title='bbox 2955 5748 3385 5821; x_wconf 85' lang='lat' dir='ltr'><strong><em>magnopere</em></strong></span> <span class='ocrx_word' id='word_1_480' title='bbox 3460 5747 3640 5820; x_wconf 81' lang='lat' dir='ltr'><strong><em>quae</em></strong></span> <span class='ocrx_word' id='word_1_481' title='bbox 3707 5723 3818 5794; x_wconf 85' lang='lat' dir='ltr'><strong><em>vir</em></strong></span> <span class='ocrx_word' id='word_1_482' title='bbox 3888 5721 4319 5796; x_wconf 88' lang='lat' dir='ltr'><strong><em>clarissimus</em></strong></span> 
     </span>
     <span class='ocr_line' id='line_1_41' title="bbox 676 5848 4318 5950; baseline -0.001 -25"><span class='ocrx_word' id='word_1_483' title='bbox 676 5852 1086 5925; x_wconf 86' lang='lat' dir='ltr'><strong><em>Ludovicus</em></strong></span> <span class='ocrx_word' id='word_1_484' title='bbox 1142 5852 1542 5926; x_wconf 89' lang='lat' dir='ltr'><strong><em>Montefani</em></strong></span> <span class='ocrx_word' id='word_1_485' title='bbox 1599 5851 1944 5949; x_wconf 88' lang='lat' dir='ltr'><strong><em>Caprara,</em></strong></span> <span class='ocrx_word' id='word_1_486' title='bbox 1986 5850 2525 5923; x_wconf 87' lang='lat' dir='ltr'><strong><em>iurisconsultus</em></strong></span> <span class='ocrx_word' id='word_1_487' title='bbox 2580 5850 2907 5945; x_wconf 84' lang='lat' dir='ltr'><strong><em>eximius,</em></strong></span> <span class='ocrx_word' id='word_1_488' title='bbox 2958 5856 3030 5922; x_wconf 89' lang='lat' dir='ltr'><strong><em>et</em></strong></span> <span class='ocrx_word' id='word_1_489' title='bbox 3073 5848 3553 5950; x_wconf 32' lang='lat' dir='ltr'><strong><em>‘bibliothecae</em></strong></span> <span class='ocrx_word' id='word_1_490' title='bbox 3608 5848 3930 5921; x_wconf 88' lang='lat' dir='ltr'><strong><em>Instituti</em></strong></span> <span class='ocrx_word' id='word_1_491' title='bbox 3987 5848 4318 5921; x_wconf 88' lang='lat' dir='ltr'><strong><em>scientia-</em></strong></span> 
     </span>
     <span class='ocr_line' id='line_1_42' title="bbox 676 5972 4317 6073; baseline -0.001 -23"><span class='ocrx_word' id='word_1_492' title='bbox 676 6002 832 6050; x_wconf 89' lang='lat' dir='ltr'><strong><em>rum</em></strong></span> <span class='ocrx_word' id='word_1_493' title='bbox 893 5979 983 6050; x_wconf 87' lang='lat' dir='ltr'><strong><em>ab</em></strong></span> <span class='ocrx_word' id='word_1_494' title='bbox 1040 5976 1423 6050; x_wconf 89' lang='lat' dir='ltr'><strong><em>immortali</em></strong></span> <span class='ocrx_word' id='word_1_495' title='bbox 1477 5977 1868 6050; x_wconf 87' lang='lat' dir='ltr'><strong><em>Benedicto</em></strong></span> <span class='ocrx_word' id='word_1_496' title='bbox 1925 5976 2135 6050; x_wconf 88' lang='lat' dir='ltr'>XIV.</span> <span class='ocrx_word' id='word_1_497' title='bbox 2189 5976 2616 6073; x_wconf 77' lang='lat' dir='ltr'><strong><em>praefectUS,</em></strong></span> <span class='ocrx_word' id='word_1_498' title='bbox 2659 5999 2786 6072; x_wconf 90' lang='lat' dir='ltr'><strong><em>pro</em></strong></span> <span class='ocrx_word' id='word_1_499' title='bbox 2844 5974 3256 6047; x_wconf 86' lang='lat' dir='ltr'><strong><em>adornando</em></strong></span> <span class='ocrx_word' id='word_1_500' title='bbox 3315 5973 3626 6047; x_wconf 88' lang='lat' dir='ltr'><strong><em>eiusdem</em></strong></span> <span class='ocrx_word' id='word_1_501' title='bbox 3685 5972 4154 6045; x_wconf 87' lang='lat' dir='ltr'><strong><em>bibliothecae</em></strong></span> <span class='ocrx_word' id='word_1_502' title='bbox 4209 5973 4317 6045; x_wconf 91' lang='lat' dir='ltr'><strong><em>in-</em></strong></span> 
     </span>
     <span class='ocr_line' id='line_1_43' title="bbox 679 6096 4319 6199; baseline -0.001 -25"><span class='ocrx_word' id='word_1_503' title='bbox 679 6103 833 6176; x_wconf 92' lang='lat' dir='ltr'><strong><em>dice</em></strong></span> <span class='ocrx_word' id='word_1_504' title='bbox 890 6126 1164 6175; x_wconf 89' lang='lat' dir='ltr'><strong><em>summo</em></strong></span> <span class='ocrx_word' id='word_1_505' title='bbox 1222 6100 1465 6176; x_wconf 89' lang='lat' dir='ltr'><strong><em>labore</em></strong></span> <span class='ocrx_word' id='word_1_506' title='bbox 1553 6126 1969 6199; x_wconf 85' lang='lat' dir='ltr'><strong><em>summaque</em></strong></span> <span class='ocrx_word' id='word_1_507' title='bbox 2044 6101 2396 6174; x_wconf 88' lang='lat' dir='ltr'><strong><em>industria</em></strong></span> <span class='ocrx_word' id='word_1_508' title='bbox 2470 6099 2777 6196; x_wconf 87' lang='lat' dir='ltr'><strong><em>collegit.</em></strong></span> <span class='ocrx_word' id='word_1_509' title='bbox 2837 6100 2931 6172; x_wconf 88' lang='lat' dir='ltr'><strong><em>Et</em></strong></span> <span class='ocrx_word' id='word_1_510' title='bbox 2986 6124 3075 6173; x_wconf 92' lang='lat' dir='ltr'><strong><em>ne</em></strong></span> <span class='ocrx_word' id='word_1_511' title='bbox 3135 6107 3240 6172; x_wconf 90' lang='lat' dir='ltr'><strong><em>tot</em></strong></span> <span class='ocrx_word' id='word_1_512' title='bbox 3296 6096 3728 6196; x_wconf 83' lang='lat' dir='ltr'><strong><em>apostolicae</em></strong></span> <span class='ocrx_word' id='word_1_513' title='bbox 3791 6098 4077 6192; x_wconf 89' lang='lat' dir='ltr'><strong><em>literae,</em></strong></span> <span class='ocrx_word' id='word_1_514' title='bbox 4137 6122 4319 6194; x_wconf 90' lang='lat' dir='ltr'><strong><em>quae</em></strong></span> 
     </span>
     <span class='ocr_line' id='line_1_44' title="bbox 679 6222 4317 6324; baseline -0.001 -26"><span class='ocrx_word' id='word_1_515' title='bbox 679 6226 1132 6324; x_wconf 87' lang='lat' dir='ltr'><strong><em>longissimae</em></strong></span> <span class='ocrx_word' id='word_1_516' title='bbox 1205 6251 1714 6324; x_wconf 90' lang='lat' dir='ltr'><strong><em>saepenumero</em></strong></span> <span class='ocrx_word' id='word_1_517' title='bbox 1789 6235 1989 6322; x_wconf 90' lang='lat' dir='ltr'><strong><em>sunt,</em></strong></span> <span class='ocrx_word' id='word_1_518' title='bbox 2050 6251 2312 6322; x_wconf 87' lang='lat' dir='ltr'><strong><em>magna</em></strong></span> <span class='ocrx_word' id='word_1_519' title='bbox 2386 6226 2687 6298; x_wconf 85' lang='lat' dir='ltr'><strong><em>fortasse</em></strong></span> <span class='ocrx_word' id='word_1_520' title='bbox 2761 6223 3148 6319; x_wconf 87' lang='lat' dir='ltr'><strong><em>legentium</em></strong></span> <span class='ocrx_word' id='word_1_521' title='bbox 3225 6222 3551 6297; x_wconf 88' lang='lat' dir='ltr'><strong><em>molestia</em></strong></span> <span class='ocrx_word' id='word_1_522' title='bbox 3623 6246 3766 6294; x_wconf 88' lang='lat' dir='ltr'><strong><em>una</em></strong></span> <span class='ocrx_word' id='word_1_523' title='bbox 3820 6223 4317 6319; x_wconf 88' lang='lat' dir='ltr'><strong><em>jungerentur,</em></strong></span> 
     </span>
    </p>
   </div>
   <div class='ocr_carea' id='block_1_6' title="bbox 839 6473 1855 6543">
    <p class='ocr_par' dir='ltr' id='par_1_6' title="bbox 839 6473 1855 6543">
     <span class='ocr_line' id='line_1_45' title="bbox 839 6473 1855 6543; baseline -0.002 -17"><span class='ocrx_word' id='word_1_524' title='bbox 839 6475 918 6541; x_wconf 93' lang='grc'><strong><em>(1)</em></strong></span> <span class='ocrx_word' id='word_1_525' title='bbox 957 6474 1039 6525; x_wconf 84' lang='lat' dir='ltr'><strong><em>Ex</em></strong></span> <span class='ocrx_word' id='word_1_526' title='bbox 1077 6474 1214 6543; x_wconf 84' lang='lat' dir='ltr'><strong><em>Reg.</em></strong></span> <span class='ocrx_word' id='word_1_527' title='bbox 1255 6473 1282 6525; x_wconf 94' lang='lat' dir='ltr'>I</span> <span class='ocrx_word' id='word_1_528' title='bbox 1321 6489 1459 6527; x_wconf 90' lang='lat' dir='ltr'><strong><em>com.</em></strong></span> <span class='ocrx_word' id='word_1_529' title='bbox 1498 6474 1658 6543; x_wconf 82' lang='lat' dir='ltr'><strong><em>epist.</em></strong></span> <span class='ocrx_word' id='word_1_530' title='bbox 1701 6476 1855 6526; x_wconf 80' lang='lat'><strong><em>1785.</em></strong></span> 
     </span>
    </p>
   </div>
  </div>
 </body>
</html>
