5542 7775
1711 700 2174 751 sescum-m
2231 700 2335 749 An
2390 699 2902 750 Pnonnssonns
2956 700 3374 750 mnmcmm
4200 680 4349 750 219

718 875 836 917 sua
881 861 947 918 et
991 854 1296 940 exigendi
1344 855 1559 919 omnia
1600 856 1754 940 jura
1799 877 1937 938 sua,
1974 853 2277 942 predictis
2325 854 2622 920 omnibus
2669 855 2994 919 solvendis
3042 862 3106 920 et
3152 855 3598 941 adimplendis,
3632 861 3698 919 et
3744 855 3959 919 omnia
4005 862 4070 919 et
4100 855 4358 941 singula

716 960 997 1026 faciendi
1030 969 1094 1026 et
1126 963 1501 1046 exercendi,
1536 985 1659 1049 que
1696 964 1761 1028 in
1792 964 2097 1050 predictis
2129 971 2194 1028 et
2225 985 2341 1050 pro
2374 963 2560 1028 dictis
2594 963 3022 1049 adimplendis
3054 970 3119 1028 et
3148 963 3461 1028 faciendis
3491 962 3732 1028 fuerint
3776 970 4156 1049 opportuna.
4191 963 4359 1027 Item

717 1068 993 1154 reliquid
1042 1069 1301 1134 domino
1351 1070 1630 1153 Tusch0,
1665 1070 1804 1135 viro
1852 1093 1991 1153 su0,
2024 1071 2292 1156 triginta
2340 1070 2539 1134 libras
2586 1070 3095 1152 bononenorum,
3130 1091 3247 1156 pro
3296 1070 3527 1156 quibus
3573 1070 3780 1134 voluit
3825 1091 3972 1133 eum
4018 1092 4159 1135 esse
4206 1092 4357 1134 con-

719 1182 1003 1259 tentum,
1053 1198 1198 1241 cum
1240 1178 1388 1262 jure
1435 1178 1558 1241 sibi
1606 1178 1995 1265 competenti
2041 1177 2106 1241 in
2153 1178 2302 1241 dote
2349 1184 2415 1241 et
2472 1176 2551 1241 de
2596 1176 2745 1241 dote
2789 1176 2989 1263 ipsius
3036 1178 3285 1241 ratione
3331 1176 3768 1240 extimationis
3816 1176 4074 1241 mobilie
4136 1176 4356 1242 habite

715 1289 1004 1370 tempore
1053 1284 1365 1349 contracti
1412 1285 1804 1350 matrimonii
1852 1286 2017 1349 inter
2063 1296 2173 1349 eos
2221 1307 2304 1349 ex
2352 1284 2561 1349 forma
2607 1285 2832 1349 statuti
2881 1284 3252 1349 Communis
3297 1283 3610 1348 Bononie.
3657 1283 3745 1348 Et
3791 1284 3845 1347 si
3891 1284 4028 1370 ipse
4068 1285 4170 1348 vir
4214 1285 4355 1369 ejus

717 1396 966 1476 peteret
1012 1391 1257 1477 aliquid
1304 1392 1501 1474 aliud,
1535 1392 1640 1456 vel
1688 1392 2028 1457 detrahere
2073 1392 2274 1456 vellet
2319 1391 2398 1456 de
2446 1392 2593 1456 dote
2642 1413 2760 1456 sua
2808 1393 2979 1455 ultra
3027 1391 3264 1455 dictam
3306 1391 3733 1477 quantitatem
3765 1390 3981 1476 aliquo
4017 1392 4186 1475 jure,
4226 1391 4357 1477 pri-

716 1498 896 1562 vavit
941 1519 1090 1562 eum
1136 1497 1306 1564 dicto
1354 1499 1607 1584 legato,
1655 1507 1721 1564 et
1768 1499 1852 1563 ad
1898 1499 2169 1564 heredes
2218 1520 2367 1563 suos
2412 1497 2578 1562 illud
2624 1498 2832 1562 voluit
2877 1498 3236 1585 pervenire.
3285 1497 3364 1561 In
3428 1497 3722 1562 omnibus
3785 1497 3929 1561 aliis
3993 1499 4125 1562 suis
4171 1499 4355 1563 bonis

717 1605 1062 1669 mobilibus
1111 1612 1176 1670 et
1231 1605 1669 1671 immobilibus
1717 1613 1781 1671 et
1822 1607 2078 1691 juribus
2134 1614 2198 1671 et
2246 1605 2607 1670 actionibus
2653 1606 2716 1670 ei
2761 1606 3273 1691 competentibus
3320 1611 3385 1670 et
3430 1605 3905 1691 competituris,
3953 1604 4356 1670 Conventum

716 1710 1021 1777 Fratrum
1066 1712 1559 1778 Predicatorum
1605 1713 1898 1778 Bononie
1944 1714 2066 1778 sibi
2112 1735 2231 1800 pro
2280 1714 2497 1777 anima
2544 1733 2663 1776 sua
2709 1712 3012 1777 heredem
3063 1712 3341 1776 instituit
3401 1720 3467 1776 et
3524 1711 3820 1797 reliquid.
3869 1711 3954 1776 Et
4001 1712 4169 1777 hanc
4215 1734 4356 1778 esse

715 1820 923 1884 voluit
969 1842 1154 1884 suam
1198 1820 1490 1884 ultimam
1522 1820 1959 1905 voluntatem3
1994 1843 2209 1907 quam,
2243 1828 2315 1884 ut
2360 1820 2654 1906 superius
2701 1820 3086 1901 continetur,
3123 1819 3454 1883 observari
3485 1820 3774 1905 precepit
3805 1826 3871 1883 et
3900 1820 4119 1884 valere
4152 1821 4358 1885 voluit

711 1927 860 2010 jure
907 1927 1310 2010 testamenti3
1358 1934 1424 1992 et
1468 1927 1523 1991 si
1571 1949 1697 1992 non
1743 1928 1992 1992 valeret
2035 1928 2139 1991 vel
2187 1949 2315 1991 non
2361 1927 2606 1991 valebit
2646 1927 2795 2011 jure
2844 1927 3233 2009 testamenti,
3267 1926 3498 1991 saltem
3544 1927 3763 1990 valere
3811 1926 4014 1990 voluit
4056 1928 4202 2011 jure
4251 1949 4355 1993 co-

717 2034 1116 2117 dicillorum,
1164 2042 1230 2098 et
1270 2035 1417 2119 jure
1467 2035 1929 2121 cujuscumque
1976 2035 2200 2099 ultime
2248 2034 2634 2117 voluntatis,
2683 2055 2809 2119 quo
2856 2034 3085 2097 melius
3133 2033 3351 2098 valere
3416 2039 3662 2119 potest:
3713 2033 3938 2097 volens
4000 2042 4065 2099 et
4119 2035 4355 2119 jubens

717 2142 929 2228 ipsum
976 2149 1362 2207 conventum
1409 2163 1551 2206 esse
1600 2150 1970 2208 contentum
2017 2141 2190 2207 dicta
2233 2141 2593 2206 hereditate
2657 2142 2832 2206 omni
2878 2162 2954 2205 eo
3002 2141 3175 2227 quod
3222 2141 3540 2227 supererit
3585 2140 3664 2205 de
3712 2141 3898 2206 bonis
3953 2142 4085 2206 suis
4133 2163 4171 2206 a
4210 2165 4355 2229 pre-

718 2249 904 2314 dictis
951 2250 1185 2334 legatis
1233 2257 1298 2314 et
1343 2250 1604 2333 relictis,
1654 2257 1718 2314 et
1765 2249 1935 2335 quod
1983 2250 2233 2314 ratione
2281 2249 2540 2313 falcidis
2588 2270 2716 2314 non
2763 2249 3013 2335 possint
3060 2248 3305 2334 aliquid
3352 2248 3691 2313 detrahere
3746 2248 3849 2313 vel
3905 2249 4228 2314 defalcare
4277 2250 4356 2316 de

717 2357 903 2421 bonis
950 2358 1081 2421 suis
1130 2379 1248 2422 nec
1296 2357 1530 2442 legatis
1578 2356 1902 2443 predictis,
1951 2358 2200 2422 ratione
2247 2357 2415 2421 dicte
2464 2356 2920 2439 institutionis;
2970 2364 3035 2421 et
3081 2357 3173 2419 ita
3217 2356 3413 2420 scribi
3457 2356 3683 2420 voluit.

896 2464 1134 2529 Actum
1181 2465 1248 2528 in
1296 2464 1486 2528 domo
1535 2464 1908 2529 monasterii
1955 2465 2159 2528 sancti
2208 2464 2526 2529 Johannis
2573 2463 3037 2550 Baptisthe,i11
3070 2484 3198 2549 qua
3230 2470 3564 2527 morantur
3594 2462 3829 2527 fratres
3871 2465 3979 2549 qui
4025 2472 4359 2530 morantur

719 2571 978 2654 ibidem,
1028 2593 1244 2635 coram
1293 2570 1494 2635 fratre
1541 2571 2003 2635 Bartholomeo
2051 2571 2130 2635 de
2177 2570 2488 2635 Ronzano
2537 2577 2602 2635 et
2647 2570 2849 2634 fratre
2896 2570 3244 2635 Francisco
3290 2570 3580 2656 predicto
3635 2571 3714 2634 de
3764 2569 4005 2636 Ordine
4052 2571 4356 2637 Predica-

717 2687 950 2761 torum,
995 2677 1350 2764 predictam
1398 2677 1934 2762 cognoscentibus
1982 2678 2398 2742 testatricem.
2447 2676 2868 2741 Presentibus
2917 2677 3118 2740 fratre
3162 2676 3498 2741 Bernardo
3546 2683 3610 2741 et
3656 2677 3856 2742 fratre
3904 2678 4200 2762 Daniele,
4234 2680 4355 2743 Or-

719 2785 888 2850 dinis
935 2786 1141 2850 sancti
1187 2786 1541 2870 Augustini
1587 2784 1668 2849 de
1717 2784 2152 2867 Columbario,
2187 2784 2298 2870 qui
2337 2792 2672 2849 morantur
2719 2784 2803 2848 ad
2850 2784 3312 2848 monasterium
3359 2784 3565 2848 sancti
3612 2784 3932 2849 «Iohannis
3978 2786 4356 2871 predictum,

717 2893 976 2958 domino
1021 2893 1220 2957 Petro
1267 2892 1592 2978 quondam
1637 2891 1899 2957 Andree
1947 2892 2027 2956 de
2077 2898 2302 2956 sancta
2347 2891 2607 2956 Helena
2660 2891 2739 2956 de
2802 2892 3009 2976 burgo
3070 2891 3453 2973 Predalate,
3501 2891 3783 2956 Martino
3839 2892 3972 2956 filio
4033 2894 4357 2978 quondam

719 2998 1066 3064 Gerardini
1111 2998 1488 3063 Marchisini
1535 2998 1613 3063 de
1660 2998 1915 3063 Unzola
1942 3048 1958 3081 ,
2007 2998 2118 3083 qui
2163 3005 2497 3062 morantur
2542 2998 2608 3060 in
2656 2997 2827 3061 dicto
2872 2997 3110 3082 burgO,
3159 2997 3591 3080 Zannebello,
3641 2998 3751 3083 qui
3796 3006 4064 3063 vocatur
4108 3000 4355 3085 Berga-

717 3108 928 3171 minus
976 3107 1055 3170 de
1102 3106 1450 3191 BergamO,
1500 3107 1609 3191 qui
1656 3112 1945 3170 moratur
1990 3105 2072 3169 ad
2122 3105 2363 3169 dictum
2411 3105 2892 3185 monasterium,
2926 3104 3279 3168 Benedicto
3328 3104 3648 3190 quondam
3699 3105 3883 3187 Gilii,
3918 3114 3983 3171 et
4028 3108 4356 3193 Agynello

716 3215 849 3279 filio
897 3214 1222 3300 quondam
1269 3214 1646 3277 Bonezunte
1694 3213 1773 3277 de
1824 3213 2123 3295 Galeria,
2174 3213 2282 3299 qui
2346 3218 2679 3277 morantur
2733 3212 2797 3276 in
2854 3212 3062 3296 burgo
3125 3212 3330 3276 sancti
3388 3212 3644 3298 Ysaye,
3692 3214 3964 3278 testibus
4026 3216 4270 3299 rogatis
4317 3237 4357 3280 a

717 3322 890 3386 dicta
937 3321 1286 3403 testatrice,
1322 3342 1447 3406 que
1494 3320 1700 3384 voluit
1743 3320 1912 3385 hanc
1961 3340 2145 3384 suam
2193 3319 2488 3383 ultimam
2533 3319 2935 3383 voluntatem
2983 3326 3298 3382 secretam
3343 3340 3504 3401 esse,
3540 3325 3604 3383 et
3650 3319 3885 3406 deponi
3932 3328 4090 3407 aput
4143 3344 4355 3387 sacre-

717 3429 905 3493 stiam
955 3427 1259 3493 Fratrum
1303 3427 1794 3491 Predicatorum
1840 3427 2134 3491 Bononie
2181 3425 2595 3510 sigillandam
2642 3425 2857 3510 sigillo
2904 3424 3150 3490 Prioris
3199 3425 3490 3509 ejusdem
3537 3434 3911 3491 conventus.

896 3535 1016 3616 (L.
1051 3535 1096 3617 †
1129 3534 1224 3617 S.)
1272 3534 1416 3619 Ego
1463 3534 1860 3599 Bonvicinus
1909 3533 2234 3620 quondam
2282 3533 2609 3598 Leonardi
2649 3533 2925 3613 firmani,
2974 3532 3296 3619 imperiali
3344 3534 3728 3598 auctoritate
3775 3534 4093 3615 notarius,
4129 3557 4355 3622 supra-

716 3643 1021 3729 scriptam
1070 3642 1364 3706 ultimam
1412 3641 1813 3707 voluntatem
1858 3642 2207 3706 testatricis
2254 3640 2563 3727 predicte,
2612 3640 2812 3726 ipsius
2862 3661 3132 3704 assensu
3179 3646 3244 3705 et
3288 3640 3642 3723 voluntate,
3692 3642 3939 3728 scripsi.

894 3859 995 3943 [A
1041 3855 1266 3944 ἰενροι]
1311 3857 1798 3922 Testamentum
1846 3856 2101 3922 domine
2148 3855 2466 3920 Bonafilie
2514 3854 2593 3918 de
2639 3853 2952 3940 Vignatio
3000 3854 3203 3918 sancti
3250 3853 3533 3920 Proculi.

893 3966 1037 4052 Ego
1085 3966 1288 4030 frater
1333 3966 1720 4030 Franciscus
1768 3965 2186 4030 bononiensis
2234 3963 2328 4027 fui
2391 3964 2776 4027 constitutus
2830 3970 3212 4049 procurator
3273 3963 3354 4026 ad
3421 3962 3873 4049 deponendum
3935 3966 4104 4030 istud
4158 3974 4356 4031 testa-

715 4082 1002 4140 mentum
1049 4075 1114 4138 in
1162 4073 1458 4138 sacristia
1504 4073 1776 4136 fratrum
1825 4071 2323 4158 predicatorum.

2452 4391 2608 4456 VII.

2225 4607 2424 4690 1274,
2476 4607 2560 4670 18
2603 4608 2844 4693 aprili&

778 4823 884 4888 Ex
933 4823 1197 4887 archivo
1244 4823 1454 4886 sancti
1499 4821 1858 4904 Michaelis,
1907 4822 2104 4907 vulgo
2150 4824 2219 4885 in
2266 4821 2477 4905 Βοεεο,
2525 4843 2694 4886 nunc
2741 4821 2809 4885 in
2856 4820 3019 4885 Tab.
3065 4820 3244 4885 Max.
3292 4822 3479 4904 bon.,
3530 4829 3683 4886 sect.
3745 4847 3774 4881 ι
3821 4822 4188 4888 Demaniale
4233 4848 4293 4907 »,

1102 4951 1275 4994 num.
1309 4911 1455 5025 2—{3-73,
1506 4930 1570 4992 in
1619 4928 1895 4994 lib.·VI:
1945 4928 2358 4993 Instrumenti
2403 4952 2433 4994 e
2482 4928 2786 4994 Scritture
2831 4929 3172 4993 dall’anno
3219 4930 3392 4992 1270
3434 4930 3728 4995 all’amzo
3777 4930 3969 4993 1278.

891 5144 969 5208 In
1019 5144 1275 5208 nomine
1324 5143 1638 5227 [Domini]
1685 5143 1890 5208 nostri
1936 5144 2092 5209 Jesu
2143 5142 2403 5226 Christi,
2437 5165 2645 5207 amen.
2696 5144 2889 5207 Anno
2934 5144 3292 5207 nativitatis
3339 5145 3480 5227 ejus
3527 5143 3867 5208 millesimo
3914 5143 4351 5210 ducentesimo

714 5252 1192 5338 septuagesimo
1242 5259 1493 5337 quart0,
1528 5250 1874 5315 indictione
1922 5252 2225 5333 secunda,
2259 5250 2363 5315 die
2410 5250 2856 5316 decimatertia
2902 5258 3180 5316 exeunte
3227 5250 3567 5336 aprili,(1;‘
3598 5251 3907 5336 magister
3957 5251 4352 5338 Synicardus

713 5358 1214 5445 archipresbiter
1259 5358 1672 5423 bononiensis
1712 5357 2022 5441 Ecclesie,
2056 5358 2321 5444 physice
2355 5359 2702 5445 professor,
2737 5358 3132 5440 desiderans,
3169 5357 3476 5443 quamdiu
3507 5358 3726 5443 vigeat
3758 5359 3823 5422 in
3857 5359 4142 5445 corporis
4174 5381 4351 5424 men-

714 5466 846 5530 bris
897 5466 1077 5551 quies
1135 5472 1200 5530 et
1246 5465 1411 5530 ratio
1459 5465 1628 5550 regit
1674 5470 1989 5548 mentem,
2039 5464 2460 5530 condictionis
2507 5465 2788 5529 humane
2835 5464 3236 5530 immutabile
3283 5464 3571 5529 debitum
3624 5465 3961 5552 prevenire
4008 5488 4154 5531 cum
4201 5488 4352 5553 sepe

713 5574 875 5638 adeo
923 5574 1240 5637 rationem
1287 5573 1516 5658 langor
1565 5572 1918 5654 obnubilet,
1952 5578 2025 5636 ut
2070 5594 2200 5637 non
2247 5573 2456 5636 solum
2502 5573 2955 5659 temporalium
3004 5594 3238 5656 rerum,
3273 5593 3498 5637 verum
3544 5573 3739 5637 etiam
3785 5573 3884 5636 sui
3927 5573 4128 5659 ipsius
4162 5582 4353 5660 cogat

712 5682 912 5768 ipsius
943 5681 1231 5766 langoris
1265 5680 1672 5745 vehementia
1705 5679 2017 5762 oblivisci,
2051 5680 2202 5744 licet
2248 5680 2539 5744 infirmus
2586 5688 2756 5745 esset
2801 5701 3089 5767 corpore,
3125 5681 3420 5765 cognitus
3469 5702 3507 5744 a
3548 5702 3650 5744 me
3683 5681 3935 5744 notario
3968 5680 4351 5768 subscripto,

713 5810 813 5853 res
857 5795 922 5853 et
953 5789 1124 5853 bona
1170 5809 1289 5852 sua
1321 5809 1436 5873 per
1470 5809 1733 5874 presens
1768 5787 2275 5873 nuncupatii'um
2307 5793 2762 5852 testamentum
2795 5794 2932 5851 tum
2964 5787 3102 5851 sine
3136 5787 3390 5873 scriptis
3423 5786 3738 5874 disposuit
3771 5786 3834 5850 in
3867 5786 4039 5852 hunc
4070 5788 4350 5852 modum.

711 5895 790 5960 In
822 5895 1046 5981 primis
1091 5917 1208 5981 pro
1257 5895 1381 5959 Dei
1430 5916 1648 5959 amore
1698 5916 1773 5959 ac
1819 5894 2062 5959 honore
2109 5902 2174 5959 et
2220 5916 2478 5959 suorum
2521 5894 2804 5959 remedio
2846 5903 3257 5981 peccatorum
3290 5895 3630 5980 animeque
3664 5916 3777 5958 sue
3811 5894 4040 5976 salute,
4076 5894 4352 5980 reliquid

712 6003 944 6087 majori
994 6003 1260 6067 ecclesie
1307 6003 1483 6066 beati
1528 6002 1711 6067 Petri
1755 6002 2047 6067 Bononie
2095 6024 2213 6087 pro
2259 6024 2390 6066 una
2438 6002 2847 6088 cappellania
2889 6003 3028 6086 jam
3084 6001 3380 6066 ordinata
3427 6023 3543 6088 per
3598 6023 3745 6066 eum
3794 6001 3876 6065 ad
3923 6002 4128 6065 altare
4178 6002 4351 6066 beati

711 6110 973 6176 Andree
1023 6111 1223 6198 ipsius
1271 6111 1540 6175 ecclesie
1586 6116 1898 6196 perpetuo
1943 6109 2246 6174 habenda
2293 6117 2356 6174 et
2402 6109 2742 6193 servanda,
2791 6110 3032 6195 petiam
3078 6131 3272 6173 unam
3320 6117 3490 6174 terre
3539 6109 3817 6174 aratorie
3851 6109 4072 6173 decem
4114 6116 4178 6173 et
4210 6118 4352 6174 octo

712 6225 1212 6300 tot-naturarum,
1246 6217 1523 6303 positam
1564 6219 1631 6281 in
1679 6217 1858 6282 curia
1904 6225 2124 6281 sancte
2155 6216 2361 6281 Marie
2393 6217 2629 6282 Indoni
2658 6218 2725 6281 in
2757 6217 2898 6282 loco
2933 6217 3043 6302 qui
3074 6216 3307 6281 dicitur
3337 6216 3815 6303 Laguinellum,
3851 6223 3971 6280 etc.
4009 6223 4154 6302 post
4185 6216 4353 6282 hanc

711 6333 777 6390 et
825 6325 1364 6412 queden1(1)alia,
1401 6347 1523 6411 que
1570 6326 1635 6390 in
1684 6326 1854 6391 dicto
1901 6347 2016 6389 suo
2052 6326 2449 6390 ‘testamento
2499 6325 2834 6411 disposuit,
2869 6325 2960 6390 sic
3006 6324 3321 6411 disposuit
3366 6324 3466 6389 his
3514 6313 3728 6390 verbis
3775 6324 4151 6411 expressim.
4186 6324 4354 6389 Item

870 6560 949 6625 (1)
990 6559 1093 6610 sic.
