5542 7775
1702 668 2166 719 SPEOTANTIA
2224 669 2327 718 AD
2385 668 2895 719 Paorsssoass
2950 669 3368 720 MEmomAn
4194 649 4344 720 235

897 823 1065 889 Item
1110 824 1333 890 decem
1379 824 1688 888 fratribus
1750 823 2010 888 Ordinis
2071 823 2376 888 Fratrum
2420 824 2910 889 Predicatorum
2970 825 3050 889 de
3112 834 3431 889 conventu
3478 825 3800 907 Bononie,
3849 832 3916 889 et
3961 826 4227 889 totidem
4273 826 4353 890 de

719 939 1042 996 conventu
1086 931 1397 996 Luchano
1442 932 1652 1016 magis
1699 931 2172 1017 indigentibus,
2222 931 2486 995 cuilibet
2545 938 2676 995 tres
2722 931 2923 995 libras
2971 931 3454 997 bononenorum
3516 954 3632 1018 pro
3694 954 3826 996 una
3888 933 4141 1015 tunica,
4188 934 4356 998 inter

720 1062 878 1126 quos
927 1038 1128 1103 frater
1188 1038 1672 1125 Phyglocarus,
1723 1059 2069 1103 conversus
2130 1037 2209 1101 de
2271 1037 2605 1124 provincia
2664 1038 3057 1103 Lombardie
3120 1039 3230 1124 qui
3290 1039 3638 1124 aliquando
3694 1040 3932 1104 mansit
3985 1041 4353 1123 nobiscum,

719 1150 802 1213 sit
848 1170 1032 1212 unus.

897 1254 1066 1320 Item
1110 1255 1379 1320 ecclesie
1428 1260 1648 1319 sancte
1694 1252 1900 1317 Marie
1947 1252 2026 1316 de
2074 1252 2472 1334 Muradellis,
2506 1253 2786 1317 civitatis
2834 1253 3150 1336 Bononie,
3184 1275 3301 1340 pro
3350 1275 3476 1318 uno
3525 1264 3903 1340 paramento
3952 1257 4205 1340 altaris,
4239 1279 4355 1321 sex

720 1364 919 1428 libras
967 1362 1472 1427 bononenorum.

896 1470 1064 1534 Item
1109 1469 1378 1535 ecclesie
1426 1468 1632 1532 sancti
1677 1468 1857 1534 Petri
1904 1468 1983 1532 de
2031 1467 2269 1550 Massa,
2313 1467 2660 1532 cerviensis
2707 1467 3001 1551 diocesis,
3050 1467 3271 1533 decem
3318 1469 3519 1533 libras
3566 1469 4049 1535 bononenorum
4098 1494 4215 1559 pro
4261 1494 4357 1537 re-

719 1579 1054 1664 paratione
1098 1578 1366 1642 ecclesie
1413 1575 1620 1641 sancti
1666 1575 1849 1639 Petri
1894 1575 2187 1661 predicti.

899 1685 1066 1750 Item
1109 1684 1296 1748 fratri
1341 1684 1739 1749 Bonacursio
1788 1682 2140 1764 Lamfredi,
2190 1681 2452 1746 Ordinis
2498 1682 2803 1746 Fratrum
2847 1682 3193 1765 Minorum,
3229 1683 3663 1770 quadraginta
3707 1685 3907 1749 libras
3955 1687 4353 1753 lucanorum.

899 1794 1065 1858 Item
1110 1792 1408 1857 volumus
1454 1799 1518 1856 et
1564 1790 1966 1873 mandamus,
2015 1789 2186 1875 quod
2232 1796 2575 1876 postquam
2622 1790 3132 1874 fideicomissarij
3180 1791 3374 1875 hujus
3424 1793 3623 1856 nostri
3685 1793 4055 1857 testamenti
4119 1794 4359 1860 fuerint

723 1902 1119 1988 congregati,
1153 1901 1308 1964 dare
1355 1906 1698 1964 teneantur
1743 1906 1808 1962 et
1856 1897 2135 1962 debeant
2181 1897 2351 1961 infra
2386 1905 2527 1961 octo
2561 1897 2697 1961 dies
2728 1898 3123 1984 pauperibus
3156 1898 3315 1962 Jesu
3350 1898 3588 1964 Christi
3621 1900 4091 1987 quinquaginta
4132 1902 4356 1967 corbes

723 2010 1047 2091 frumenti,
1081 2015 1145 2072 et
1192 2007 1556 2094 quindecim
1602 2007 1827 2071 corbes
1874 2006 2028 2089 vini,
2063 2006 2117 2069 si
2164 2012 2380 2069 tamen
2427 2011 2752 2091 repertum
2802 2004 2997 2068 fuerit
3041 2027 3240 2091 penes
3283 2027 3397 2070 nos
3430 2015 3717 2092 tempore
3750 2009 3973 2072 mortis
4006 2017 4243 2074 nostre.
4278 2010 4356 2075 In

723 2140 850 2203 qua
897 2116 1154 2202 quidem
1218 2115 1667 2179 distributione
1734 2113 2220 2178 recomendatos
2267 2133 2407 2176 esse
2458 2112 2752 2176 volumus
2800 2133 3117 2198 pauperes
3163 2114 3409 2177 vicinos
3458 2121 3708 2178 nostros
3756 2115 3835 2179 de
3882 2116 4104 2202 Burgo
4154 2118 4355 2184 rich0.

725 2223 1210 2312 Suppellectilia
1255 2244 1431 2305 vero,
1465 2222 1630 2286 sicut
1675 2221 1993 2303 schrinea,
2026 2220 2301 2301 bancha,
2337 2218 2612 2301 dischos,
2645 2227 2931 2305 vegetes,
2966 2241 3125 2284 vasa
3172 2221 3457 2303 cochine,
3495 2223 3643 2306 jure
3692 2222 3890 2307 legati
3936 2225 4357 2310 relinquimus

722 2334 979 2399 domino
1026 2332 1336 2417 magistro
1375 2330 1623 2411 Veltr0,
1657 2328 1840 2393 fratri
1890 2335 2129 2410 nosti-0,
2177 2335 2242 2392 et
2288 2327 2621 2391 Veltrucio
2672 2334 2823 2392 nato
2885 2328 3155 2392 condam
3205 2328 3424 2393 fratris
3471 2329 3702 2393 Uberti
3750 2330 3966 2395 fratris
4021 2334 4244 2417 nostri,
4292 2343 4360 2399 et

722 2463 947 2506 eorum
992 2439 1359 2504 heredibus.

901 2549 1066 2612 Item
1114 2547 1423 2632 magistro
1472 2544 1897 2626 BertholatiO,
1945 2542 2192 2607 medico
2241 2549 2459 2607 nostro
2506 2550 2571 2605 et
2617 2541 2861 2606 familie
2928 2552 3165 2624 nostre,
3215 2545 3636 2631 relinquimus
3700 2547 3921 2613 decem
3981 2550 4181 2615 libras
4245 2551 4357 2617 bo·

724 2676 1140 2722 nonenorum.

900 2763 1065 2827 Item
1114 2760 1424 2846 magistro
1472 2758 1703 2823 Pantie
1749 2758 1828 2821 de
1876 2757 2091 2840 Luca,
2140 2756 2387 2821 medico
2434 2765 2653 2821 nostro
2701 2764 2766 2821 et
2812 2757 3055 2821 familie
3105 2766 3354 2841 nostre,
3404 2761 3823 2846 relinquimus
3885 2763 4105 2829 decem
4161 2767 4360 2833 libras

720 2872 1227 2936 bononenorum.

901 2978 1067 3041 Item
1115 2974 1430 3058 Antoni0,
1477 2972 1891 3059 appotecario
1941 2980 2186 3053 nostro,
2235 2970 2654 3057 relinquimus
2702 2979 2849 3058 post
2896 2979 3168 3037 mortem
3216 2981 3500 3038 nostram
3548 2996 3734 3041 omne
3784 2978 3847 3042 id
3895 2986 3959 3043 et
4004 2987 4208 3045 totum
4258 2983 4358 3068 id,

722 3085 891 3172 quod
939 3085 1124 3149 nobis
1172 3089 1500 3147 teneretur
1547 3081 1882 3146 occasione
1929 3078 2349 3144 confessionis
2396 3078 2733 3163 cujusdam
2785 3079 3192 3143 instrumenti
3239 3082 3653 3167 septuaginta
3702 3084 4013 3151 librarum
4076 3090 4357 3155 bonone·

723 3215 971 3274 norum,
1016 3190 1470 3255 solvendarum
1518 3188 1700 3252 nobis
1748 3189 1811 3251 in
1861 3187 2149 3272 quolibet
2197 3207 2366 3250 anno
2414 3194 2691 3271 quatuor
2737 3187 2919 3251 libris
2966 3187 3448 3252 bononenorum
3498 3191 3702 3256 donec
3750 3194 3933 3257 nobis
3975 3196 4358 3263 solutionem

720 3300 1078 3388 predictam
1121 3296 1539 3383 compleverit
1584 3303 1776 3382 prout
1824 3294 1889 3358 in
1937 3295 2076 3379 ipso
2125 3293 2549 3358 instrumento
2597 3295 2836 3380 scripto
2885 3316 3081 3357 manu
3128 3296 3253 3359 mei
3300 3296 3619 3361 «Iohannis
3664 3298 3990 3385 Damiaui,
4026 3305 4261 3369 notarii
4296 3316 4361 3371 et

721 3405 1154 3493 procuratoris
1203 3403 1405 3467 nostri
1451 3401 1865 3488 infrascripti,
1915 3399 2168 3486 plenius
2216 3400 2581 3463 continetur
2630 3450 3115 3465 ........

901 3513 1067 3576 Item
1108 3512 1254 3596 jure
1302 3510 1504 3595 legati
1550 3530 1667 3596 pro
1715 3509 1931 3572 anima
1976 3515 2196 3572 nostra
2229 3507 2648 3593 relinquimus
2682 3508 2870 3572 fratri
2903 3509 3248 3574 Francisco
3284 3509 3544 3575 Ordinis
3576 3512 4084 3600 Predicatorum,
4120 3520 4359 3583 salum-

721 3620 958 3684 briensi
1008 3620 1329 3705 episcopO,
1365 3618 1600 3681 intuitu
1648 3637 1920 3703 persone
1970 3637 2096 3679 non
2143 3614 2598 3696 ecclesiastice,
2632 3623 2696 3679 et
2742 3637 2859 3701 pro
2907 3616 3184 3680 servitiis
3231 3618 3450 3682 multis
3494 3620 3678 3684 nobis
3720 3628 3784 3685 et
3826 3623 4094 3689 ecclesie
4145 3635 4359 3692 nostre

721 3728 993 3809 collatis,
1038 3727 1297 3791 domum
1347 3731 1630 3790 nostram
1679 3724 1757 3788 de
1808 3722 2106 3804 Ciconiis,
2140 3723 2416 3807 positam
2464 3723 2528 3786 in
2576 3721 2798 3808 Burgo
2847 3723 3025 3787 richo
3067 3724 3258 3808 juxta
3308 3725 3569 3789 domum
3615 3727 3855 3792 domini
3902 3730 4205 3820 Episcopi
4254 3735 4361 3799 be-

721 3834 1150 3917 thelemitani,
1197 3840 1263 3898 et
1303 3833 1496 3918 juxta
1540 3830 1811 3897 heredes
1859 3830 2133 3895 condam
2180 3830 2421 3894 domini
2467 3829 2802 3917 Dalphyni
2851 3830 3124 3896 condam
3167 3830 3407 3897 domini
3455 3833 3672 3898 fratris
3720 3835 4057 3904 Michaelis
4105 3843 4357 3928 prioris,

720 3951 783 4008 et
825 3945 1017 4028 juxta
1063 3942 1487 4006 Laurentium
1537 3938 1808 4005 condam
1855 3938 2121 4024 Ugolini
2168 3938 2625 4021 brentatorem,
2675 3945 2741 4003 et
2780 3939 2975 4022 juxta
3020 3939 3190 4003 viam
3239 3940 3567 4026 publicam
3616 3992 4102 4013 ........

896 4050 1063 4115 Item
1110 4049 1296 4113 fratri
1341 4047 1821 4112 Branchaleoni
1867 4046 2129 4110 Ordinis
2177 4046 2704 4128 Predicatorum,
2752 4048 2917 4111 sotio
2967 4055 3221 4130 nostro,
3270 4050 3605 4113 annuatim
3661 4051 3725 4115 in
3788 4053 3922 4117 vita
3969 4076 4087 4119 sua
4133 4056 4355 4122 decem

720 4159 919 4222 libras
966 4158 1473 4238 bononenorum,
1509 4153 1953 4241 percipiendas
2002 4153 2081 4217 de
2128 4154 2320 4217 vinea
2366 4175 2560 4239 quam
2609 4153 2989 4218 donavimus
3022 4161 3086 4218 et
3118 4156 3547 4221 concessimus
3582 4158 3923 4225 Sororibus
3957 4165 4161 4228 sancti
4192 4164 4357 4229 Mat—

716 4266 850 4331 thie
897 4272 1043 4351 post
1089 4264 1335 4328 obitum
1379 4271 1672 4327 nostrum
1717 4260 2173 4348 possidendam
2224 4309 2710 4326 ........

896 4372 1062 4436 Item
1105 4372 1252 4455 jure
1300 4371 1499 4455 legati
1546 4391 1663 4456 pro
1712 4368 1929 4433 anima
1977 4375 2196 4433 nostra
2246 4368 2664 4454 relinquimus
2713 4368 2900 4431 fratri
2965 4369 3295 4456 Stephano
3357 4371 3647 4455 ejusdem
3699 4372 3980 4458 Ordinis,
4030 4379 4193 4442 sotio
4242 4401 4354 4444 no-

717 4488 871 4562 stro,
907 4478 1240 4543 annuatim
1289 4479 1355 4541 in
1401 4477 1535 4541 vita
1582 4498 1700 4540 sua
1747 4475 1969 4540 decem
2014 4475 2216 4539 libras
2262 4476 2747 4541 bononenorum
2797 4476 3244 4562 percipiendas
3277 4477 3355 4541 de
3387 4478 3647 4564 podere,
3689 4482 3860 4566 quod
3892 4491 4177 4569 emptum
4210 4486 4352 4571 fuit,

718 4595 782 4652 et
827 4588 1139 4651 donatum
1187 4585 1528 4651 Sororibus
1575 4592 1796 4648 sancte
1841 4583 2048 4648 Marie
2094 4583 2485 4667 Magdalene
2526 4582 2737 4647 Vallis
2769 4591 2949 4669 petre
2983 4605 3184 4672 prope
3217 4584 3577 4650 Bononiam
3609 4595 3755 4675 post
3786 4589 4033 4654 obitum
4065 4603 4354 4658 nostrum

717 4695 1177 4782 possidendum
1226 4741 1710 4760 ........

897 4801 1064 4866 Item
1107 4802 1253 4886 jure
1300 4800 1502 4886 legati
1547 4798 1969 4884 relinquimus
2016 4799 2284 4864 ecclesie
2332 4799 2645 4865 cerviensi
2694 4799 2952 4862 mitram
3000 4807 3285 4864 nostram
3332 4801 3694 4866 laboratam
3741 4804 3820 4868 de
3869 4825 4026 4870 auro
4082 4814 4147 4870 et
4195 4808 4356 4895 lapi-

720 4911 929 4992 dibus,
976 4909 1280 4974 baculum
1326 4907 1718 4994 pastoralem
1765 4905 2139 4989 eburneum,
2190 4905 2620 4970 faldistorium
2667 4928 2869 4970 unum
2916 4906 3206 4990 rubeum,
3256 4908 3601 4992 missalem,
3644 4916 3709 4973 et
3753 4910 3880 4974 duo
3925 4914 4192 4977 vascula
4238 4936 4356 5000 pro

722 5018 1100 5098 chrismate,
1148 5036 1346 5079 unum
1395 5023 1776 5099 argenteum
1822 5021 1886 5078 et
1933 5015 2132 5078 alium
2181 5013 2646 5099 crystallinum,
2695 5013 3145 5097 [or]dinarium
3191 5014 3620 5098 breviarium,
3669 5016 3874 5082 altare
3921 5019 4227 5084 viaticum
4274 5022 4354 5087 de

721 5124 949 5211 porfilo
998 5123 1217 5205 rubeo,
1267 5122 1634 5185 naviculam
1680 5127 2057 5206 argenteam
2104 5141 2249 5184 cum
2297 5120 2574 5184 cocleari
2637 5127 2702 5184 et
2748 5120 3071 5186 theribulo
3125 5128 3191 5185 et
3236 5122 3538 5207 ampullis
3593 5129 3658 5186 et
3704 5144 3833 5188 uno
3881 5126 4079 5190 calice
4127 5148 4358 5213 argen-

722 5231 863 5314 teis,
907 5237 973 5294 et
1019 5250 1214 5294 unum
1262 5234 1712 5315 paramentum
1757 5228 2146 5313 completum
2192 5227 2552 5313 pulchrius,
2601 5226 2773 5312 quod
2822 5228 3154 5291 inventum
3197 5227 3393 5293 fuerit
3439 5230 3502 5292 in
3550 5232 3944 5315 paramentis
3991 5234 4245 5318 nostris,
4293 5243 4358 5300 et

723 5339 848 5402 duo
898 5338 1082 5424 paria
1128 5336 1589 5422 cophynorum.
1638 5335 1743 5399 Ita
1790 5335 1962 5421 quod
2008 5334 2293 5421 predicte
2341 5355 2444 5398 res
2493 5334 2899 5421 deponantur
2946 5336 3011 5399 in
3057 5336 3352 5399 sacristia
3398 5336 3701 5401 Fratrum
3742 5338 4228 5406 Predicatorum
4278 5343 4357 5407 de

723 5445 1039 5527 Bononia,
1066 5451 1130 5508 et
1161 5450 1407 5529 postea,
1435 5450 1721 5528 tempore
1755 5442 2164 5527 competenti,
2191 5442 2602 5527 assignentur
2633 5443 2987 5507 successori
3019 5448 3237 5507 nostro
3271 5449 3611 5529 postquam
3644 5444 3839 5509 fuerit
3871 5448 4175 5512 canonice
4209 5471 4359 5514 con-

724 5554 1014 5616 firmatus
1060 5573 1177 5638 per
1222 5557 1475 5615 nostros
1523 5550 1995 5614 commissarios
2044 5549 2511 5636 infrascriptos.

900 5659 1069 5724 Item
1110 5659 1257 5743 jure
1304 5657 1506 5743 legati
1552 5657 1971 5743 relinquimus
2018 5657 2228 5721 eidem
2274 5656 2564 5721 Ecclesie
2612 5657 2926 5722 cerviensi
2987 5657 3248 5722 domum
3303 5665 3590 5722 nostram
3650 5680 3987 5745 magnam,
4036 5684 4229 5748 quam
4278 5663 4358 5728 de

691 5790 891 5834 ,novo
939 5766 1249 5832 edifficari
1295 5766 1585 5848 fecimus,
1618 5765 1895 5851 positam
1940 5765 2004 5829 in
2053 5771 2347 5828 contrata
2392 5763 2707 5829 Barbarie
2740 5766 2804 5828 in
2840 5765 3090 5851 capella
3122 5766 3329 5830 sancti
3359 5765 3762 5849 Barbatiani,
3796 5789 3910 5831 seu
3942 5776 4162 5833 sancte
4194 5769 4358 5834 Mal-

726 5875 933 5961 garite
975 5875 1167 5959 juxta
1215 5874 1545 5938 dominum
1591 5873 1870 5937 Paulum
1919 5872 2220 5936 Gosberti
2267 5893 2352 5935 ex
2397 5893 2528 5936 una
2572 5879 2793 5959 parte,
2843 5879 2907 5936 et
2948 5874 3143 5957 juxta
3200 5871 3472 5937 heredes
3521 5874 3789 5938 condam
3853 5874 4095 5940 domini
4141 5877 4359 5942 fratris

727 5982 872 6045 Fini
918 5982 1190 6046 condam
1237 5981 1477 6046 domini
1508 5980 1781 6064 Theuzij
1815 6001 1898 6044 ex
1931 5979 2081 6062 alia,
2110 5980 2303 6064 juxta
2336 5980 2508 6044 viam
2540 5980 2869 6067 publicam
2901 6002 2985 6044 ex
3016 5988 3200 6066 parte
3234 5982 3542 6045 anteriori
3573 5982 3800 6046 domus
3833 5983 4138 6068 predicte,
4166 5985 4360 6069 juxta

711 6089 865 6152 vias
911 6110 996 6152 ex
1041 6096 1224 6175 parte
1270 6087 1631 6173 posteriori,
1666 6093 1730 6150 et
1756 6088 1949 6171 juxta
1995 6086 2253 6151 domum
2301 6086 2612 6152 heredum
2659 6087 2981 6173 quondam
3026 6088 3269 6152 domini
3299 6088 3538 6152 Arardi
3570 6089 3882 6174 canonici,
3916 6097 3981 6154 et
4006 6092 4197 6174 juxta
4228 6092 4360 6156 Ro·

725 6195 1086 6260 laudutium
1134 6194 1511 6259 Gerrardini
1556 6194 1913 6276 Armaniti3
1947 6216 2069 6280 que
2112 6194 2339 6259 domus
2385 6202 2486 6259 est
2529 6216 2724 6281 super
2767 6203 3024 6260 terreno
3071 6195 3381 6260 heredum
3427 6195 3752 6281 quondam
3799 6197 4038 6262 domini
4086 6197 4358 6285 Theuzij

906 6411 1072 6475 Item
1114 6411 1260 6495 jure
1308 6410 1510 6495 legati
1555 6409 1975 6494 relinquimus
2022 6410 2368 6474 conventui
2413 6409 2718 6474 Fratrum
2761 6410 3251 6476 Predicatorum
3300 6410 3378 6475 de
3424 6410 3606 6475 Luca
3652 6411 3918 6475 calicem
3981 6420 4362 6497 argenteum

725 6518 973 6606 capelle
1021 6525 1238 6582 nostre
1287 6525 1353 6582 et
1395 6516 1678 6581 Bibliam
1728 6522 2013 6580 nostram
2060 6516 2125 6579 in
2173 6517 2423 6581 duobus
2468 6517 2905 6582 voluminibus
2955 6566 3438 6584 ........
