5542 7775
1381 591 1414 658 1
1432 590 1471 659 7
1484 590 1525 659 6
2947 607 3426 658 MONUMENTA

1371 764 1435 827 N
1437 765 1746 828 onantula
1793 763 2192 828 concorditer
2239 764 2666 851 postularunt.
2715 762 2850 828 Nos
2898 764 3116 850 itaque
3149 770 3585 850 presentatam
3619 763 3803 828 nobis
3835 762 4335 851 postulationem
4369 762 4738 847 hujusmodi
4771 761 4992 826 admit-

1370 879 1620 956 tentes,
1666 871 2044 935 mandamus
2094 879 2408 956 quatenus
2457 871 2668 958 ipsum
2713 871 3158 936 Bonaoursum
3217 870 3519 935 abbatem
3565 871 3630 934 in
3678 871 4078 957 corporalem
4125 869 4279 934 dicti
4326 869 4699 935 monasterii
4744 869 4824 933 de
4869 869 4993 934 No·

1369 981 1638 1044 nantula
1685 980 2154 1066 possessionem
2201 979 2584 1044 auctoritate
2632 986 2853 1044 nostra
2901 979 3168 1043 inducas
3215 987 3280 1043 et
3324 978 3635 1043 defendas
3668 978 4021 1061 inductum,
4057 978 4301 1043 faciens
4335 978 4457 1042 sibi
4490 999 4529 1042 a
4562 977 4832 1041 subditis
4865 978 4991 1042 suis

1369 1087 1800 1151 obedientiam
1848 1095 1911 1151 et
1956 1087 2386 1151 reverentiam
2432 1086 2683 1151 debitas
2730 1086 3045 1170 exhiberi,
3079 1094 3455 1173 recepturus
3503 1085 3586 1149 ab
3634 1108 3711 1151 eo
3757 1085 4167 1173 postmodum
4212 1108 4329 1172 pro
4378 1085 4562 1150 nobis
4606 1091 4671 1149 et
4702 1084 4992 1149 Romana

1365 1194 1659 1259 Ecclesia
1705 1194 2034 1259 fidelitatis
2081 1195 2266 1259 solite
2309 1196 2770 1279 juramentum.
2819 1193 3060 1258 Forma
3107 1201 3323 1258 autem
3366 1194 3718 1278 juramenti
3767 1201 3888 1258 etc.
3917 1193 3998 1257 (¹)

1544 1303 1784 1367 Datum
1832 1302 2155 1388 Anagnie,
2205 1309 2434 1389 quarto
2483 1302 2626 1366 idus
2666 1302 2836 1387 julii,
2885 1302 3295 1389 pontificatus
3345 1301 3546 1366 nostri
3592 1322 3762 1365 anno
3809 1301 4036 1388 primo.

3059 1621 3311 1687 XXIV.

2914 1837 3109 1921 1255,
3160 1838 3246 1901 13
3292 1838 3449 1902 iulii.

2671 2051 2777 2116 Ex
2822 2050 3049 2115 eodem
3097 2060 3290 2134 tomo,
3340 2050 3480 2116 doc.
3529 2050 3686 2115 VII.

1538 2266 1915 2331 Alexander
1960 2265 2078 2330 IV.
2105 2265 2184 2331 (2)
2232 2265 2530 2330 Cirsacco
2579 2265 2905 2352 quondam
2949 2266 3195 2331 Abbati
3257 2266 3634 2330 monasterii
3694 2266 3774 2330 de
3836 2264 4246 2347 Nonantula‚
4296 2264 4558 2330 Ordinis
4615 2265 4822 2330 sancti
4867 2264 4986 2329 Be·

1360 2373 1623 2438 nedicti.

1536 2480 1874 2545 Intellecto
1922 2479 2185 2563 dudum,
2233 2479 2403 2565 quod
2448 2488 2540 2562 tu,
2588 2487 2916 2545 senectute
2975 2502 3051 2545 ac
3097 2480 3467 2545 infirmitate
3516 2479 3858 2545 incurabili
3905 2486 4355 2566 pregravatus,
4402 2480 4796 2544 insufficiens
4844 2501 4984 2543 eras

1357 2587 1654 2673 regimini
1701 2588 2072 2652 monasterii
2117 2586 2196 2651 de
2244 2587 2653 2670 Nonantula,
2703 2587 2875 2674 quod
2923 2588 3004 2652 ad
3052 2609 3387 2652 romanam
3433 2587 3793 2652 Ecclesiam
3841 2587 4019 2651 nullo
4066 2586 4347 2674 pertinet
4390 2586 4746 2669 mediante,
4795 2608 4985 2651 vene-

1357 2694 1547 2759 rabili
1593 2695 1779 2759 fratri
1825 2704 2042 2760 nostro
2074 2694 2396 2781 Episcopo
2429 2694 2723 2759 imolensi
2755 2701 2820 2760 et
2851 2695 3084 2759 dilecto
3118 2696 3248 2760 filio
3281 2696 3592 2781 magistro
3626 2693 3963 2759 Bernardo
3997 2694 4306 2758 canonico
4336 2694 4738 2777 bononiensi,
4777 2695 4986 2780 capel-

1355 2801 1505 2867 lano
1556 2812 1773 2866 nostro
1828 2802 2119 2867 dedimus
2167 2803 2402 2866 nostris
2450 2802 2652 2867 literis
2700 2803 2765 2867 in
2812 2802 3153 2883 mandatis,
3188 2810 3259 2867 ut
3305 2804 3359 2867 si
3407 2812 3497 2888 tu,
3533 2803 3848 2867 senectuti
3893 2824 3969 2867 ac
4001 2802 4213 2867 anime
4253 2810 4361 2867 tue
4394 2803 4754 2885 consulens,
4788 2803 4986 2867 velles

1356 2909 1583 2974 cedere
1630 2909 1929 2995 regimini
1976 2910 2347 2973 monasterii
2402 2911 2759 2994 memorati,
2809 2910 2962 2975 dicti
3010 2909 3369 2997 Episcopus
3417 2918 3482 2974 et
3527 2910 3939 2997 capellanus,
3973 2910 4112 2974 vice
4161 2916 4401 2991 nostra,
4436 2909 4805 2993 hujusmodi
4851 2930 4984 2974 ces·

1354 3018 1599 3082 sionem
1649 3017 2061 3082 admitterent
2107 3024 2171 3081 et
2217 3017 2505 3082 facerent
2552 3018 2673 3104 ipsi
2726 3019 3117 3082 monasterio
3164 3019 3244 3082 de
3293 3040 3570 3105 persona
3622 3018 3887 3100 idonea,
3938 3038 4132 3102 quam
4193 3017 4331 3081 sine
4390 3017 4674 3103 ipsorum
4721 3038 4988 3081 assensu

1354 3125 1731 3190 nolebamus
1779 3125 1953 3210 eligi,
1987 3124 2404 3189 decernentes
2437 3125 2491 3188 si
2538 3147 2721 3190 secus
2767 3125 2970 3209 fieret,
3019 3126 3271 3190 irritum
3320 3133 3384 3190 et
3425 3126 3637 3208 inane,
3673 3146 3789 3212 per
3820 3125 4200 3189 electionem
4233 3123 4608 3189 canonicam
4641 3124 4984 3211 provideri,

1353 3233 1731 3297 electionem
1778 3231 2147 3317 hujusmodi
2194 3254 2310 3319 pro
2358 3233 2796 3297 cofirmatione
2842 3235 3044 3320 ipsius
3091 3234 3451 3321 presentari
3499 3242 3718 3298 nostro
3765 3233 4135 3320 conspectui
4198 3232 4544 3315 facientes,
4594 3232 4986 3319 assignaturi

1353 3338 1470 3404 tibi
1519 3338 1596 3403 de
1644 3340 1830 3405 bonis
1876 3338 2077 3425 ipsius
2126 3341 2496 3405 monasterii
2541 3362 2658 3426 pro
2707 3341 3174 3406 sustentatione
3221 3347 3334 3405 tua
3371 3340 3805 3427 provisionem
3838 3361 4193 3425 congruam
4223 3347 4288 3404 et
4327 3339 4698 3423 honestam,
4733 3348 4984 3404 contra-

1347 3446 1622 3511 dictores
1670 3470 1786 3533 per
1833 3468 2170 3511 censuram
2218 3447 2741 3530 ecclesiasticam,
2790 3448 3224 3535 appellatione
3270 3449 3620 3535 posposita,
3662 3447 4145 3534 compescendo.
4181 3446 4345 3512 Cum
4376 3454 4594 3511 autem
4635 3448 4699 3511 in
4732 3469 4985 3511 eorum·

1338 3553 1483 3618 dem
1527 3554 1835 3641 Episcopi
1865 3562 1929 3619 et
1962 3553 2301 3641 Capellani
2332 3555 2629 3619 manibus
2662 3563 2890 3641 sponte
2924 3556 3191 3619 cesseris
3227 3556 3527 3641 regimini
3568 3555 3942 3621 monasterii
3974 3554 4312 3637 antedicti,
4346 3554 4584 3641 prefati
4615 3554 4978 3642 Episcopus

1339 3669 1404 3726 et
1451 3661 1846 3748 Capelianus
1891 3662 2260 3747 hujusmodi
2308 3661 2643 3725 literarum
2690 3663 3073 3727 auctoritate
3124 3663 3188 3727 in
3236 3662 3538 3727 trecentis
3588 3662 3769 3727 libris
3818 3662 4308 3727 bononenorum
4353 3683 4470 3748 pro
4514 3663 4980 3727 sustentatione

1338 3775 1451 3833 tua
1498 3769 1902 3853 exhibendis,
1952 3770 2068 3835 tibi
2116 3771 2450 3834 annuatim
2497 3770 2577 3835 de
2624 3770 2810 3835 bonis
2859 3770 3011 3835 dicti
3060 3770 3436 3835 monasterii
3481 3777 3544 3835 et
3593 3770 3673 3834 de
3721 3770 4120 3835 habitatione
4170 3769 4596 3856 quarumdam
4644 3769 4980 3834 domorum

1338 3884 1404 3942 et
1449 3900 1570 3941 usu
1617 3899 1920 3944 vasorum
1953 3877 2378 3965 quorumdam
2412 3878 2610 3965 ipsius
2644 3878 3018 3944 monasterii
3058 3878 3196 3962 tibi,
3231 3877 3445 3964 quoad
3477 3878 3743 3962 vixeris,
3776 3877 4198 3965 providerint,
4233 3884 4426 3965 prout
4457 3877 4522 3943 in
4555 3877 4981 3944 instrumento

1335 3985 1595 4071 publico
1644 3986 1937 4051 confecto
1987 3985 2221 4050 exinde
2268 3985 2503 4051 dicitur
2546 3986 2800 4072 plenius
2849 3987 3181 4051 contineri.
3227 3986 3361 4051 Nos
3411 3986 3628 4072 itaque
3675 3986 3804 4050 tuis
3856 3985 4435 4073 supplicationibus
4483 3986 4796 4069 inclinati,
4832 4009 4978 4073 pro-

1336 4093 1652 4156 visionem
1696 4093 2066 4176 hujusmodi
2113 4099 2321 4157 ratam
2369 4092 2681 4157 habentes
2729 4100 2794 4157 et
2841 4101 3115 4179 gratam,
3150 4093 3330 4158 illam
3377 4093 3762 4158 auctoritate
3811 4093 4166 4180 apostolica
4215 4093 4687 4175 confirmamus,
4731 4100 4795 4157 et
4836 4115 4979 4180 pre-

1337 4200 1537 4264 sentis
1584 4201 1806 4286 scripti
1851 4201 2212 4287 patrocinio
2266 4201 2753 4265 communimus.

1516 4307 1698 4371 Nulli
1743 4329 1899 4394 ergo
1948 4309 2206 4372 omnino
2255 4308 2585 4373 hominum
2632 4308 2827 4373 liceat
2892 4309 3058 4373 hanc
3120 4308 3428 4395 paginam
3488 4315 3705 4373 nostre
3766 4307 4267 4373 confirmationis
4330 4316 4395 4373 et
4455 4308 4974 4373 communitionis

1333 4414 1709 4501 infringere,
1758 4415 1861 4479 vel
1909 4415 1969 4480 ei
2016 4437 2179 4480 ausu
2224 4416 2566 4480 temerario
2614 4416 2954 4481 contraire.
3005 4415 3076 4480 Si
3124 4417 3267 4502 quis
3316 4423 3534 4480 autem
3592 4416 3714 4481 hoc
3762 4422 4080 4480 attentare
4128 4415 4627 4501 presumpserit,
4676 4414 4978 4500 indigna·

1332 4523 1575 4586 tionem
1620 4522 2074 4608 omnipotentis
2120 4523 2246 4587 Dei
2293 4544 2369 4587 ao
2414 4523 2753 4588 beatorum
2809 4523 2987 4588 Petri
3035 4531 3100 4588 et
3144 4523 3370 4606 Pauli,
3420 4523 3860 4609 apostolorum
3906 4523 4078 4608 ejus,
4127 4544 4195 4587 se
4244 4522 4495 4587 noverit
4542 4522 4970 4587 incursurum.

1514 4629 1758 4693 Datum
1803 4629 2128 4716 Anagnia,
2177 4631 2368 4695 tertio
2415 4630 2558 4694 idus
2606 4630 2765 4712 iulii,
2819 4630 3229 4717 pontificatus
3278 4630 3478 4695 nostri
3526 4652 3696 4695 anno
3742 4630 3970 4717 primo.

3042 4950 3257 5016 XXV.

2890 5169 3084 5253 1255,
3135 5169 3220 5231 13
3266 5169 3429 5233 iulii.

2619 5381 2725 5446 Ex
2772 5382 2998 5446 eodem
3045 5389 3255 5469 tomo,
3304 5382 3442 5447 doc.
3492 5382 3684 5447 VIII.

1508 5594 1886 5659 Alexander
1931 5595 2049 5659 IV.
2078 5595 2154 5660 (3)
2202 5596 2548 5660 conventui
2594 5596 2968 5660 monasterii
3014 5597 3220 5660 sancti
3267 5597 3527 5661 Proculi
3572 5597 4006 5661 bononiensis.

1509 5700 1672 5766 Cum
1717 5702 1796 5766 de
1842 5723 2120 5789 persona
2167 5702 2383 5767 dilecti
2431 5703 2547 5767 filii
2592 5703 2972 5785 Bonaoursi,
3022 5704 3344 5790 quondam
3391 5704 3668 5768 Abbatis
3715 5705 3947 5788 vestri,
3997 5705 4063 5769 in
4111 5704 4416 5769 abbatem
4461 5704 4838 5769 monasterii
4887 5703 4968 5768 de

1333 5808 1729 5892 Nonantula,
1780 5809 1949 5896 quod
1997 5810 2077 5873 ad
2127 5832 2459 5874 romanam
2506 5811 2868 5876 Ecclesiam
2914 5811 3091 5875 nullo
3140 5812 3349 5875 medio
3397 5812 3696 5898 pertinet,
3735 5813 4026 5877 vacantis
4059 5833 4176 5898 per
4208 5811 4561 5876 cessionem
4593 5811 4816 5877 dilecti
4849 5811 4965 5876 filii

1330 5915 1613 5980 Cirsacei
1662 5917 1985 6002 quondam
2035 5918 2289 5982 abbatis
2337 5917 2628 6003 ejusdem
2673 5919 2979 5982 canonice
3028 5919 3110 5983 sit
3155 5919 3518 6005 provisum,
3569 5941 3720 6002 nos,
3784 5920 4190 5984 attendentes
4255 5919 4398 6003 ejus
4457 5918 4842 5984 industriam
4900 5926 4967 5983 et

1327 6022 1703 6109 diligentem
1752 6025 2270 6108 sollicitudinem,
2321 6047 2394 6089 ac
2451 6026 2792 6090 sollicitam
2841 6025 3243 6111 diligentiam
3275 6049 3467 6114 quam
3515 6028 3716 6112 gessit
3762 6028 3932 6092 circa
3979 6029 4268 6113 regimen
4316 6027 4690 6092 monasterii
4737 6027 4962 6108 vestri,

1486 6295 1565 6359 (1)
1605 6293 1906 6347 Iuramenti
1946 6295 2183 6347 formula
2222 6296 2394 6348 deest.

1486 6386 1564 6451 (2)
1602 6386 1686 6437 Ex
1723 6403 1837 6456 reg.
1864 6387 1909 6439 1.
1937 6387 2237 6439 Alexandri
2278 6387 2402 6452 IV„
2432 6405 2518 6457 ep.
2557 6391 2678 6453 493,
2705 6387 2800 6439 sol.
2828 6390 2894 6439 ‘12
2928 6393 3089 6453 tergm,
3127 6404 3214 6439 an.
3253 6384 3548 6450 MCCLV.,
3582 6385 3741 6437 XIII.
3775 6386 3910 6438 iulii.

1482 6479 1561 6543 (3)
1602 6475 1684 6526 Ex
1725 6494 1835 6545 reg.
1872 6477 1915 6529 Ι.
1957 6477 2258 6534 Alexandri
2298 6477 2424 6544 IV„
2463 6478 2563 6530 sub
2610 6495 2694 6546 ep.
2724 6480 2846 6543 497,
2885 6478 2980 6529 fol.
3019 6479 3085 6528 72
3122 6483 3283 6542 temo,
3322 6493 3409 6527 an.
3450 6475 3744 6542 MCCLV.,
3783 6476 3942 6529 XIII.
3983 6477 4119 6529 iulii.
