5542 7775
1258 632 1419 703 -126
2845 649 3326 701 xoxnmu

1260 807 1577 892 ejusdem,
1628 807 1735 892 qui
1784 814 1936 871 tunc
1984 814 2193 889 erunt,
2242 814 2462 871 nostro
2510 814 2576 871 et
2620 828 3062 872 successorum
3111 814 3474 872 nostrorum
3531 816 3597 871 et
3643 807 3935 891 ejusdem
3981 829 4245 872 romane
4299 807 4587 873 Ecclesie
4651 810 4906 875 nomine

1260 914 1633 1001 recipientis
1680 924 1969 1001 prestare
2017 914 2303 979 habeant
2349 914 2721 999 hujusmodi
2760 916 3225 999 juramentum,
3273 915 3576 980 videlicet
3621 915 3794 1000 quod
3841 915 4024 979 nobis
4071 915 4385 1001 dictisque
4433 917 4908 981 successoribus

1261 1030 1326 1087 et
1374 1021 1585 1087 eidem
1632 1021 1923 1087 Ecclesie
1970 1022 2194 1086 fideles
2240 1028 2430 1086 erunt
2474 1044 2591 1108 pro
2655 1031 2946 1108 tempore
3009 1044 3138 1108 quo
3197 1023 3262 1086 in
3306 1021 3478 1086 dicta
3525 1022 3788 1087 civitate
3834 1022 4239 1108 stipendiarij
4297 1024 4797 1109 permanebunt,
4845 1034 4912 1089 et

1262 1130 1433 1216 quod
1482 1131 1537 1195 si
1583 1130 1910 1195 videretur
1956 1150 2224 1194 romano
2272 1129 2606 1209 Pontifici,
2656 1129 2766 1214 qui
2812 1130 2936 1193 erit
2983 1152 3100 1216 pro
3145 1138 3456 1216 tempore,
3505 1130 3631 1211 vel,
3681 1131 4038 1216 apostolica
4085 1130 4252 1194 Sede
4298 1142 4607 1213 vacante,
4654 1132 4907 1218 prefato

1262 1236 1575 1322 Collegio,
1620 1237 1902 1322 aliquem
1964 1236 2068 1300 vel
2130 1236 2382 1322 aliquos
2430 1236 2510 1300 de
2557 1236 2744 1301 dictis
2792 1237 3232 1323 stipendiarijs
3297 1237 3726 1301 amovendum
3789 1236 3895 1300 vel
3956 1237 4348 1302 amovendos
4395 1239 4476 1301 ad
4533 1239 4908 1303 mandatnm

1261 1342 1414 1407 dicti
1461 1344 1709 1408 romani
1756 1343 2110 1426 Pontificis,
2159 1344 2285 1427 vel,
2336 1344 2509 1408 dieta
2557 1343 2722 1408 Sede
2770 1352 3066 1427 vacante,
3110 1344 3347 1431 prefati
3395 1343 3694 1429 Collegij,
3729 1345 4096 1429 hujusmodi
4144 1345 4599 1431 stipendiarius
4647 1348 4750 1410 vel
4795 1348 4908 1411 sti·

1260 1450 1603 1538 pendiarij,
1638 1450 1873 1515 debeat
1907 1451 2011 1515 vel
2058 1450 2339 1515 debeant
2384 1452 2693 1533 amoveri,
2726 1460 2792 1515 et
2839 1452 2904 1515 in
2950 1451 3166 1516 locum
3213 1473 3436 1515 eorum
3484 1451 3598 1535 alij
3645 1452 3854 1515 eidem
3902 1474 4169 1517 romano
4215 1452 4535 1533 Pontifici,
4569 1454 4694 1535 vel,
4736 1454 4908 1519 dicta

1261 1558 1429 1624 Sede
1477 1568 1787 1641 vacante,
1838 1559 2090 1644 prefato
2136 1558 2451 1642 CollegiO,
2494 1559 2702 1644 magis
2748 1560 2999 1645 accepti
3057 1560 3359 1623 substitui
3423 1559 3524 1622 vel
3589 1560 3786 1623 etiam
3845 1560 4196 1644 surrogari.
4243 1560 4378 1624 Nos
4438 1562 4638 1625 etiam
4685 1562 4907 1646 hujus-

1260 1666 1433 1730 modi
1482 1666 1835 1752 capitulum
1884 1666 2075 1730 certis
2121 1687 2207 1729 ex
2253 1666 2464 1730 causis
2512 1666 3007 1731 rationabilibus
3051 1667 3270 1731 taliter
3309 1666 3706 1753 providimus
3741 1666 4202 1731 moderandum
4252 1689 4364 1731 seu
4409 1669 4908 1753 reformandum,

1261 1773 1563 1838 videlieet
1611 1773 1783 1859 quod
1829 1773 2231 1838 solummodo
2278 1772 2708 1838 Conistabiles
2758 1773 3326 1861 stipendiariorum
3375 1774 3654 1838 civitatis
3701 1774 4137 1856 bononiensis,
4170 1797 4440 1859 quorum
4475 1776 4742 1861 quilibet
4785 1777 4905 1841 sub

1263 1903 1383 1945 sua
1428 1881 1741 1945 banneria
1789 1882 1960 1945 ultra
2006 1901 2343 1945 numerum
2391 1881 2826 1966 quadraginta
2873 1881 3440 1967 stipendiariorum
3487 1881 3570 1944 ad
3618 1881 3764 1967 plus
3811 1892 4030 1945 tenere
4079 1904 4204 1946 non
4254 1883 4474 1967 possit,
4523 1884 4644 1947 soli
4683 1885 4906 1968 jurare

1263 1988 1547 2054 habeant
1594 1989 1660 2052 in
1706 1989 2003 2052 manibus
2058 1988 2250 2052 unius
2298 2010 2383 2052 ex
2428 1987 2768 2052 Judicibus
2833 1990 3379 2075 appellationum,
3428 2002 3490 2052 et
3556 1989 3728 2053 illins
3785 1989 3888 2052 vel
3951 1989 4204 2052 illorum
4263 1991 4374 2074 qui
4432 1990 4906 2056 administrabit

1261 2118 1378 2161 seu
1425 2096 1967 2160 administrabunt
2007 2097 2159 2181 jura
2206 2095 2665 2161 Universitatis
2728 2097 3008 2161 civitatis
3072 2098 3392 2182 predicte,
3442 2097 3666 2161 fideles
3725 2118 3866 2160 esse
3931 2118 4194 2161 romane
4251 2096 4542 2161 Ecclesie
4599 2099 4905 2184 quamdiu

1262 2211 1451 2269 erunt
1498 2203 1581 2267 ad
1628 2203 1948 2289 stipendia
1995 2203 2274 2267 civitatis
2320 2203 2633 2288 ejusdem,
2667 2212 2731 2267 et
2764 2204 2936 2290 quod
2985 2204 3262 2268 fideliter
3308 2227 3376 2267 se
3417 2204 3749 2269 habebunt
3796 2204 3861 2267 in
3909 2203 4330 2268 defendendis
4379 2206 4635 2289 juribus
4695 2206 4906 2270 eidem

1260 2311 1551 2375 Ecclesie
1598 2310 2112 2396 competentibus
2159 2311 2224 2373 in
2272 2310 2444 2375 dicta
2490 2311 2751 2375 civitate
2815 2312 3196 2375 bononiensi
3258 2324 3321 2375 et
3385 2312 3586 2397 ipsius
3648 2311 3888 2375 diocesi
3949 2320 4014 2375 et
4075 2311 4407 2393 districtu,
4456 2326 4520 2376 et
4581 2314 4776 2377 etiam
4839 2314 4904 2377 in

1262 2418 1421 2482 locis
1468 2418 1617 2503 alijs
1672 2418 1756 2482 ad
1812 2439 1936 2504 que
1992 2439 2107 2503 per
2153 2417 2598 2482 Bononienses
2656 2419 2721 2482 in
2766 2418 3127 2482 subsidium
3185 2419 3476 2503 ejusdcm
3537 2418 3830 2482 Ecclesie
3893 2419 4441 2499 transmittentur,
4491 2419 4790 2506 quodque
4841 2421 4904 2484 in

1263 2525 1635 2589 societatem
1683 2547 1867 2588 suam
1912 2524 2162 2589 nullum
2212 2525 2275 2588 in
2324 2525 2815 2611 stipendiarium
2861 2526 3140 2589 scienter
3200 2526 3512 2612 recipient
3575 2525 3898 2589 infidelem
3944 2524 4233 2609 ejusdem
4297 2547 4560 2591 romane
4613 2526 4904 2591 Ecclesie

1262 2632 1799 2713 transmittentur,
1848 2633 1952 2695 vel
2000 2632 2349 2714 rebellem,
2400 2640 2511 2695 aut
2559 2654 2701 2696 cum
2750 2633 3118 2697 infidelibus
3169 2633 3270 2696 vel
3320 2633 3666 2696 rebellibus
3715 2632 4236 2715 confederatum3
4285 2634 4666 2719 recipientes
4712 2636 4907 2698 etiam

1261 2739 1631 2825 hujusmodi
1680 2747 2157 2803 sacramentum
2202 2741 2425 2823 jurare
2474 2741 2806 2804 habebunt
2852 2742 2916 2804 in
2965 2741 3264 2804 manibus
3310 2741 3484 2804 illius
3531 2740 3633 2803 vel
3687 2740 3970 2821 illorum,
4020 2762 4208 2826 quem
4258 2742 4359 2805 vel
4416 2763 4576 2826 quos
4636 2764 4752 2807 nos
4801 2743 4902 2806 vel

1255 2868 1657 2911 successores
1690 2846 1911 2927 nostri,
1950 2847 2073 2929 vel,
2110 2847 2277 2910 Sede
2320 2855 2611 2929 vacante,
2643 2848 2970 2934 prefatum
3013 2848 3398 2932 Collegium,
3434 2847 3808 2910 duxerimus
3855 2847 4296 2934 deputandum
4343 2849 4446 2912 vel
4479 2849 4674 2912 etiam
4705 2850 4901 2935 depu-

1253 2955 1508 3032 tandos,
1542 2955 1714 3041 quod
1766 2957 2013 3019 nullum
2057 2955 2521 3020 Conistabilem
2570 2956 2653 3019 ad
2700 2956 3092 3043 stipendium
3143 2957 3345 3042 ipsius
3394 2957 3673 3020 civitatis
3724 2957 4002 3020 scienter
4046 2957 4377 3043 recipient,
4410 2957 4753 3040 infidelem,
4793 2959 4897 3022 vel

1254 3063 1562 3127 rebellem
1608 3062 1904 3128 Ecclesie
1952 3064 2269 3150 prelibate
2320 3072 2431 3127 aut
2474 3086 2618 3127 cum
2652 3064 3002 3128 rebellibus
3036 3064 3558 3135 confederatum;
3593 3072 3658 3127 et
3690 3064 3744 3126 si
3789 3085 3980 3148 quem
4013 3064 4207 3127 talem
4241 3064 4513 3128 forsitan
4544 3064 4626 3128 ad
4658 3067 4898 3151 stipen-

1256 3170 1433 3234 dium
1465 3170 1836 3254 hujusmodi
1869 3170 2221 3235 admissum
2258 3172 2697 3256 cognoverint,
2733 3194 2886 3235 mox
2920 3172 3129 3258 ipsum
3171 3170 3492 3258 stipendio
3545 3170 3892 3255 privabunt
3925 3180 3988 3235 et
4023 3171 4105 3234 ab
4148 3172 4288 3257 ipsa
4328 3172 4587 3235 civitate
4635 3173 4902 3258 ejusque

1254 3278 1548 3342 districtu
1595 3277 1946 3364 expellent,
1981 3278 2190 3365 ipsum
2240 3278 2509 3342 ulterius
2555 3279 2829 3343 durante
2877 3279 3229 3343 rebellione
3280 3278 3651 3362 hujusmodi
3697 3277 3781 3340 ad
3829 3277 3893 3340 id
3940 3278 4308 3342 nullatenus
4357 3281 4694 3364 recepturi.
4740 3280 4900 3344 Pre-

1252 3386 1463 3451 missis
1506 3385 1824 3471 siquidem
1858 3386 2031 3450 circa
2064 3384 2270 3450 dictos
2305 3385 2731 3449 Conistabiles
2764 3394 2828 3450 et
2861 3386 3316 3472 stipendiarios
3363 3396 3428 3449 et
3479 3385 3860 3470 recipientes
3908 3385 3991 3449 ab
4039 3386 4194 3471 ipsis
4241 3386 4741 3451 Conistabilibus
4788 3386 4904 3451 hu·

1248 3493 1531 3577 jusmodi
1574 3494 2017 3576 juramentum
2072 3494 2366 3573 servatis,
2416 3515 2532 3556 nos
2578 3502 2643 3557 et
2687 3514 3025 3556 romanam
3071 3493 3433 3557 Ecclesiam
3475 3513 3670 3577 super
3716 3491 3843 3576 hijs
3885 3493 4182 3556 volumus
4213 3515 4354 3557 esse
4387 3502 4740 3575 contentos,
4774 3516 4901 3559 non

1256 3600 1551 3665 obstante
1600 3601 1656 3663 si
1705 3601 1769 3664 in
1816 3599 2060 3665 eisdem
2125 3601 2326 3665 literis
2387 3623 2580 3687 super
2627 3601 2801 3664 dicta
2862 3602 3388 3665 reconciliatione
3437 3600 3746 3665 confectis
3794 3608 3858 3663 et
3904 3601 4245 3685 presertim
4292 3601 4356 3664 in
4401 3601 4572 3666 dicto
4620 3602 4900 3687 capitulo

1254 3707 1400 3794 plus
1448 3708 1551 3771 vel
1599 3708 1791 3771 aliter
1840 3708 2011 3772 circa
2058 3708 2510 3793 stipendiarios
2556 3708 2958 3793 disponatur.

1431 3815 1727 3902 Insuper,
1778 3816 2163 3880 auctoritate
2225 3815 2543 3902 predicta,
2602 3824 2826 3880 tenore
2875 3817 3291 3901 presentium,
3341 3816 3748 3881 declaramus
3813 3824 4029 3880 nostre
4091 3816 4463 3880 intentionis
4525 3838 4666 3880 esse
4728 3818 4899 3904 quod

1254 3922 1520 3987 Judices
1584 3923 2135 4010 appellationum,
2185 3925 2295 4010 qui
2357 3946 2744 4008 cognoscere
2807 3925 3152 3989 habuerint
3200 3924 3278 3988 de
3327 3925 3541 3988 causis
3589 3926 3730 3989 viee
3777 3932 3841 3989 et
3891 3925 4144 3989 nomine
4192 3945 4453 3988 romane
4499 3924 4788 3988 Ecclesie
4836 3926 4900 3990 in

1254 4032 1516 4096 civitate
1563 4032 1854 4118 predicta
1900 4034 2028 4096 sint
2075 4033 2247 4096 cives
2303 4041 2369 4097 et
2415 4033 2494 4096 de
2540 4033 3016 4098 habitatoribus
3064 4034 3344 4098 civitatis
3392 4034 3706 4117 ejusdem,
3740 4041 3804 4097 et
3851 4032 4022 4119 quod
4069 4033 4350 4096 habeant
4398 4039 4461 4095 et
4510 4033 4756 4118 possint
4798 4055 4901 4097 co-

1255 4162 1567 4225 gnoscere
1617 4140 1694 4204 de
1743 4141 1955 4205 causis
2005 4140 2132 4204 illis
2180 4140 2540 4222 dumtaxat,
2584 4142 2647 4205 in
2697 4142 2930 4226 quibus
2977 4163 3092 4227 per
3139 4163 3362 4205 eorum
3409 4149 3674 4222 statuta,
3724 4141 4086 4227 approbata
4139 4148 4202 4204 ct
4251 4140 4488 4203 diutius
4537 4141 4899 4223 observata,

1255 4255 1353 4312 est
1399 4248 1646 4311 licitum
1695 4248 2054 4334 appellare.

1430 4354 1856 4418 Declaramus
1904 4356 2100 4418 etiam
2146 4355 2346 4441 quod,
2396 4356 2593 4419 salvis
2641 4365 2703 4419 et
2752 4356 2951 4419 illesis
2997 4356 3407 4420 manentibus
3457 4357 3641 4420 nobis
3689 4363 3753 4419 et
3799 4376 4064 4420 romane
4109 4354 4398 4418 Ecclesie
4448 4355 4750 4434 domini0,
4801 4376 4902 4418 sa-

1255 4471 1583 4526 cramento
1631 4461 1980 4544 fidelitatis,
2016 4483 2192 4526 mero
2240 4471 2304 4526 et
2353 4464 2556 4528 mixto
2604 4463 2893 4549 imperio,
2933 4463 3382 4547 jurisdictione
3431 4471 3494 4526 et
3541 4463 4013 4547 superioritate,
4057 4469 4122 4525 et
4167 4461 4397 4526 horum
4445 4463 4901 4546 recognitione,

1253 4590 1329 4634 ac
1389 4569 1760 4633 officialium
1822 4569 1905 4633 ad
1961 4570 2478 4654 jurisdictionem
2539 4571 2912 4654 hujusmodi
2971 4569 3404 4635 exercendam
3464 4578 3528 4634 et
3590 4570 4128 4633 administratoris
4169 4570 4414 4652 jurium
4471 4579 4534 4633 et
4589 4570 4904 4633 bonorum

1250 4677 1689 4741 universitatis
1737 4676 2033 4761 ejusdem
2083 4699 2199 4762 per
2246 4677 2599 4741 Commune
2646 4686 2711 4741 et
2759 4678 3067 4763 populum
3117 4677 3548 4742 bononienses
3595 4676 4131 4741 nominandorum
4172 4686 4235 4740 et
4283 4698 4399 4762 per
4439 4677 4644 4762 ipsam
4693 4698 4901 4741 roma-

1250 4806 1403 4849 nam
1444 4784 1806 4849 Ecclesiam
1839 4784 2308 4869 eligendorum,
2343 4784 2807 4870 ponendorum,
2848 4784 3444 4849 constituendorum
3492 4806 3607 4848 seu
3651 4785 4164 4870 deputandorum
4198 4785 4530 4866 electione,
4565 4785 4902 4870 positione,

1249 4892 1707 4957 constitutione
1759 4899 1823 4955 et
1872 4892 2325 4979 deputatione,
2375 4899 2565 4977 prout
2614 4892 2675 4955 in
2724 4892 2914 4957 dictis
2962 4892 3163 4956 literis
3219 4893 3761 4957 reconciliationis
3809 4892 4098 4976 ejusdem
4147 4892 4528 4974 continetur,
4563 4890 4899 4972 faciendis,

1253 5021 1371 5063 nec
1431 5020 1557 5063 non
1621 5020 1849 5063 census
1916 5002 2374 5065 constitutione
2421 5008 2486 5063 et
2541 4999 2841 5081 datione,
2891 5021 2966 5063 ac
3013 5000 3329 5063 dictorum
3381 4999 3802 5063 ducentorum
3859 5000 4146 5084 equitum
4193 4998 4544 5078 bonorum,
4593 5000 4774 5084 equis
4839 5008 4904 5063 et

1256 5107 1453 5170 armis
1502 5107 1664 5170 bene
1713 5108 2127 5189 munitorum,
2179 5108 2260 5172 ad
2307 5108 2638 5171 servitium
2680 5108 2972 5191 ejusdem
3006 5128 3270 5171 romane
3304 5107 3594 5171 Ecclesie
3628 5106 4120 5192 prestandorum
4152 5127 4267 5192 per
4301 5106 4727 5171 bononienses
4761 5129 4905 5193 pre-

1256 5215 1446 5298 fatos,
1489 5215 1886 5300 obligatione
1934 5225 1999 5280 et
2049 5217 2345 5281 omnibus
2394 5217 2541 5300 alijs
2583 5216 2839 5301 juribus
2903 5216 3025 5300 ipsi
3086 5238 3349 5280 romane
3409 5215 3697 5280 Ecclesie
3761 5217 3826 5278 in
3890 5214 4076 5278 dictis
4138 5215 4433 5294 civitate,
4483 5216 4793 5279 comitatu
4838 5225 4904 5280 et

1251 5323 1549 5387 districtu
1596 5323 2101 5390 bononiensibus
2149 5325 2696 5410 competentibus,
2748 5344 2877 5387 non
2927 5323 3048 5387 fuit
3095 5345 3214 5387 nec
3260 5331 3358 5387 est
3405 5324 3777 5387 intentionis
3825 5330 4041 5386 nostre
4105 5321 4276 5407 quod
4323 5344 4438 5407 per
4485 5322 4703 5407 aliqua
4752 5345 4904 5386 con-

1252 5439 1429 5494 tenta
1479 5432 1543 5493 in
1593 5431 1835 5494 eisdem
1883 5432 2086 5496 literis
2137 5454 2332 5518 super
2380 5432 2549 5494 dic-ta
2600 5430 3122 5494 reconciliatione
3172 5432 3515 5510 confectiS,
3560 5432 3710 5515 jura
3758 5445 3822 5494 et
3867 5431 4040 5494 bona
4085 5429 4525 5493 universitatis
4572 5439 4636 5493 et
4684 5431 4904 5515 singu-
4959 5427 4970 5434 “

1254 5538 1493 5602 larium
1537 5561 1962 5625 personarum
2008 5540 2309 5620 civitatis,
2359 5540 2699 5603 comitatus
2748 5547 2814 5602 et
2862 5538 3190 5602 districtus
3237 5538 3671 5624 predictorum
3720 5548 3785 5602 et
3833 5539 4117 5624 ipsorum
4157 5538 4401 5622 jurium
4458 5545 4522 5601 et
4566 5538 4903 5622 bonorum,

1252 5645 1626 5726 dominium,
1662 5646 2115 5710 admnistratio
2156 5655 2221 5710 et
2267 5646 2622 5731 dispositiO,
2660 5646 3006 5709 reservatis
3056 5668 3310 5731 semper
3356 5646 3640 5732 predicte
3687 5645 3978 5710 Ecclesie
4027 5645 4323 5708 omnibus
4370 5652 4434 5708 et
4482 5645 4753 5730 singulis
4801 5668 4906 5709 su-

1255 5753 1563 5839 pradictis
1628 5753 1867 5817 fuerint
1917 5754 2019 5817 vel
2068 5754 2195 5817 sint
2243 5754 2326 5816 ab
2374 5754 2796 5817 universitate
2844 5760 2908 5817 et
2955 5754 3245 5838 personis
3294 5754 3535 5817 eisdem
3583 5753 3882 5816 abdicata
3939 5761 4003 5816 et
4051 5774 4314 5816 romane
4361 5751 4649 5815 Ecclesie
4698 5753 4904 5838 appli-

1246 5869 1430 5942 cata,
1482 5882 1599 5925 nec
1648 5861 1816 5946 quod
1870 5862 1934 5923 in
1984 5861 2139 5947 ipsis
2184 5861 2439 5946 juribus
2497 5870 2561 5923 et
2618 5861 2839 5942 bonis,
2890 5860 3209 5940 dominio,
3258 5859 3815 5924 administratione
3866 5867 3929 5923 et
3976 5860 4393 5945 dispositione
4439 5880 4662 5923 eorum
4709 5859 4903 5924 fuerit

1248 5967 1353 6032 vel
1401 5969 1485 6031 sit
1530 5967 1775 6054 aliquid
1826 5968 2267 6049 immutatum,
2320 5969 2672 6052 quinimmo
2721 5968 3020 6031 volumus
3068 5967 3240 6052 quod
3286 5968 3745 6052 possessioniS,
3793 5976 3859 6031 et
3914 5967 4134 6052 quasi,
4185 5967 4468 6030 omnium
4509 5966 4789 6050 jurium,
4840 5977 4907 6031 et

1247 6076 1585 6157 bonorum,
1636 6076 1867 6160 quibus
1915 6075 2124 6139 dictus
2171 6076 2592 6161 predecessor
2632 6084 2696 6138 et
2747 6096 2861 6138 nos
2911 6096 2987 6138 ac
3035 6095 3304 6138 romana
3349 6074 3642 6139 Ecclesia
3692 6075 3931 6138 fuimus
3978 6074 4268 6160 spoliati,
4317 6074 4720 6138 restitutione
4767 6075 4903 6160 ple·

1250 6184 1435 6247 naria
1482 6184 1669 6248 nobis
1715 6193 1779 6247 et
1827 6184 2037 6248 eidem
2083 6184 2376 6248 Ecclesie
2432 6205 2545 6247 seu
2593 6204 2867 6269 persone
2922 6183 3026 6246 vel
3076 6184 3369 6269 personis
3417 6182 3565 6267 alijs
3614 6183 3873 6246 nomine
3923 6190 4142 6246 nostro
4189 6192 4254 6245 et
4291 6181 4582 6266 ejusdem
4613 6181 4904 6246 Ecclesie

1248 6291 1427 6378 prius
1475 6291 1685 6373 facta,
1734 6294 2054 6377 possessio
2103 6299 2167 6355 ct
2215 6291 2402 6376 quasi
2442 6291 2686 6373 jurium
2746 6298 2812 6354 et
2856 6290 3172 6354 bonorum
3220 6291 3659 6354 universitatis
3707 6289 3996 6373 ejusdem
4045 6311 4160 6375 per
4207 6311 4354 6353 eum
4401 6289 4507 6352 vel
4553 6311 4692 6370 eos,
4742 6311 4904 6374 quos

1248 6421 1444 6486 super
1492 6400 1619 6484 hijs
1667 6399 2041 6463 duxerimus
2089 6398 2525 6485 deputandos,
2574 6399 2955 6462 restituatur
3001 6419 3116 6462 seu
3164 6399 3497 6461 relaxetur
3544 6398 3946 6461 universitati
3997 6397 4226 6478 eidem,
4274 6419 4391 6461 seu
4437 6397 4531 6461 illi
4587 6398 4688 6461 vel
4735 6397 4902 6480 illis,

1250 6508 1358 6594 qui
1406 6507 1955 6571 administraverit
2012 6508 2113 6571 vel
2164 6507 2760 6571 administraverint
2800 6508 2954 6592 jura
3011 6513 3077 6570 et.
3121 6507 3292 6571 bona
3339 6506 3779 6570 universitatis
3828 6505 4078 6591 prefate
4124 6527 4241 6591 per
4287 6526 4397 6570 eos
4439 6505 4585 6589 jure
4640 6506 4901 6591 proprio
