5542 7775
1369 618 1401 685 1
1420 619 1460 684 3
1475 618 1516 686 2
2944 638 3424 689 uommnwrx

1348 801 1499 857 tunc
1547 801 1807 879 sperata
1854 794 2375 858 reconciliatione
2426 793 2707 879 ipsorum
2756 795 3006 859 litteras
3054 796 3234 858 bulla
3281 803 3501 859 nostra
3549 796 3829 860 munitas
3860 797 4001 860 fieri
4030 797 4302 861 fecimus
4335 796 4417 860 ad
4449 805 4826 884 perpetuam
4859 820 4995 862 me-

1350 902 1619 963 moriam
1667 901 2145 987 premissorum,
2181 923 2452 988 quarum
2487 902 2740 987 copiam
2771 902 2891 966 sub
2922 902 3103 966 bulla
3152 910 3374 968 nostra
3419 903 3556 986 tibi,
3590 910 3662 967 ut
3692 925 3886 989 super
3919 904 4012 967 eis
4045 903 4296 990 plenius
4329 904 4688 986 instruaris,
4723 905 4995 969 fecimus

1352 1008 1692 1092 assignari.

1530 1116 1773 1180 Verum
1824 1117 1976 1201 quia
2022 1116 2451 1197 Universitas,
2486 1117 2764 1203 populus
2811 1126 2874 1181 et
2923 1118 3277 1182 Commune
3324 1119 3560 1205 prefati
3607 1126 3909 1182 contenta
3959 1120 4022 1184 in
4069 1120 4310 1183 eisdem
4350 1120 4581 1184 litteris
4615 1121 4993 1207 adimplere,

1349 1231 1539 1309 prout
1587 1223 1994 1306 tenebantur,
2044 1223 2214 1288 infra
2259 1225 2605 1287 terminum
2655 1224 2738 1288 ad
2783 1226 2905 1289 hoe
2953 1225 3017 1289 in
3066 1226 3255 1290 dictis
3325 1226 3555 1289 litteris
3617 1227 3710 1290 eis
3771 1228 4090 1312 prefixum
4139 1227 4399 1291 minime
4455 1234 4876 1310 curaverunt,
4929 1228 4993 1292 iu

1348 1352 1570 1394 omnes
1619 1352 1821 1417 penas
1868 1337 1934 1395 et
1980 1332 2376 1414 sententias,
2427 1331 2659 1417 quibus
2706 1339 2971 1419 propter
3017 1354 3238 1397 eorum
3287 1354 3592 1397 excessus
3638 1340 3704 1397 et
3751 1334 3976 1420 culpas
4037 1342 4187 1398 autc
4255 1334 4572 1399 dictarum
4631 1335 4995 1399 litterarum

1347 1437 1815 1502 confectionem
1862 1438 2249 1503 tenebantur
2296 1440 2561 1521 astricti,
2609 1440 2913 1505 recidisse
2963 1448 3334 1523 noscuntur,
3371 1462 3486 1504 nos
3525 1441 3720 1504 etiam
3770 1442 3942 1528 ipsos
3990 1443 4052 1505 in
4102 1463 4302 1528 penas
4350 1448 4414 1506 et
4446 1443 4799 1506 sententias
4831 1443 4993 1506 reci-

1346 1545 1516 1609 disse
1565 1545 1888 1632 predictas
1935 1568 2052 1633 per
2096 1568 2434 1632 processus
2484 1556 2756 1629 nostros,
2793 1569 2987 1633 super
3026 1548 3146 1612 hoc
3193 1548 3561 1634 specialiter
3591 1548 3870 1631 habitos,
3906 1570 4022 1635 per
4052 1549 4341 1613 diversas
4375 1549 4594 1614 mundi
4627 1551 4993 1637 provincias

1350 1652 1619 1717 fecimus
1689 1654 2028 1740 publicari.
2077 1653 2355 1719 Demum
2404 1677 2556 1718 vero
2621 1655 3063 1737 Universitas,
3113 1656 3390 1742 populus
3438 1664 3500 1719 ct
3550 1655 3903 1720 Commune
3959 1656 4193 1743 prefati
4254 1656 4551 1721 eumdem
4611 1659 4995 1743 magistrum

1352 1760 1619 1824 Petrum
1666 1761 1745 1825 de
1792 1762 2187 1848 Bompetris,
2238 1784 2354 1826 nec
2404 1784 2529 1825 nou
2578 1763 2959 1847 magistrum
3007 1763 3536 1828 Bonaventuram
3583 1763 3918 1846 Jacobini,
3966 1765 4172 1828 civem
4219 1765 4713 1849 bononiensem,
4763 1788 4994 1851 procu-

1349 1876 1595 1932 ratores
1643 1876 1709 1932 et
1755 1869 2033 1934 sindicos
2081 1870 2488 1951 eorumdem,
2538 1870 2621 1933 ad
2683 1879 2970 1933 nostram
3034 1871 3427 1955 presentiam
3481 1872 3920 1953 destinarunt,
3970 1872 4155 1936 nobis
4204 1894 4318 1957 per
4364 1894 4475 1936 eos
4539 1894 4654 1937 nec
4703 1895 4829 1937 non
4877 1896 4995 1960 per

1350 1976 1735 2039 sindicatum
1767 1985 1832 2041 et
1864 1977 2377 2063 procuratorium
2410 1978 2804 2059 eorumdem,
2833 1978 3005 2063 quod
3038 1980 3103 2042 in
3136 1979 3423 2043 archivio
3456 2000 3721 2043 romane
3747 1979 4035 2043 Ecclesie
4069 1979 4340 2044 facimus
4366 1982 4757 2061 conservari,
4786 1981 4994 2045 humi·

1348 2084 1495 2147 liter
1543 2085 2001 2170 supplicanteS,
2052 2093 2121 2149 ut
2169 2107 2312 2148 cum
2361 2084 2788 2149 Universitati
2835 2086 3120 2171 predicte
3167 2108 3278 2150 seu
3329 2086 3534 2172 ipsam
3583 2087 3957 2171 regentibus
4013 2087 4077 2151 in
4124 2086 4366 2150 eisdem
4423 2088 4653 2151 litteris
4717 2087 4994 2173 quedam

1348 2192 1627 2255 existere
1675 2192 1900 2274 dubia,
1949 2193 2227 2279 quedam
2274 2214 2426 2256 vero
2475 2193 2789 2257 contineri
2837 2194 3376 2277 inobservabilis,
3424 2204 3488 2257 et
3536 2194 3810 2279 quedam
3859 2194 4057 2259 fuisse
4121 2195 4354 2258 omissa
4404 2195 4600 2259 etiam
4645 2195 4993 2277 videretur,

1348 2299 1714 2383 huiusmodi
1762 2299 1959 2363 dubia
2007 2300 2360 2382 declarare,
2410 2301 2668 2386 aliaque
2716 2301 3058 2384 moderari,
3108 2309 3172 2365 et
3219 2302 3509 2389 predicta
3554 2303 3790 2366 omissa
3837 2301 4160 2388 supplere,
4203 2324 4442 2388 cosque
4490 2302 4573 2366 ad
4622 2303 4995 2367 reconcilia-

1349 2406 1541 2469 tionis
1603 2407 1882 2491 gratiam
1944 2407 2222 2492 benigne
2285 2409 2571 2493 recipere
2636 2408 3075 2493 dignaremur.
3136 2410 3397 2495 Nosque
3448 2410 3510 2472 in
3559 2409 3855 2473 omnibus
3902 2417 4212 2494 quantum
4262 2432 4406 2473 eum
4457 2409 4594 2473 Deo
4650 2432 4994 2496 possumus

1348 2514 1854 2577 misericordiam
1903 2515 2386 2600 amplectentes,
2420 2537 2643 2579 corum
2692 2517 3271 2603 supplicationibus
3321 2517 3631 2599 inclinati,
3681 2517 4025 2581 nonnullas
4073 2516 4543 2581 declarationes
4590 2526 4653 2581 et
4699 2517 4995 2581 modera-

1346 2622 1555 2684 tiones
1604 2623 1774 2685 circa
1822 2623 2158 2708 premissa,
2205 2631 2269 2686 et
2316 2624 2629 2708 quasdam
2678 2624 3117 2709 suppletiones
3167 2631 3502 2687 contentas
3552 2625 3613 2688 in
3664 2624 4048 2710 quibusdam
4097 2625 4329 2688 litteris
4363 2626 4597 2688 nostris
4629 2626 4999 2711 specialiter

1348 2749 1541 2813 super
1590 2729 1715 2813 hijs
1764 2730 2093 2811 confectiS,
2129 2752 2288 2815 quas
2324 2731 2440 2794 tibi
2473 2731 2654 2794 bulla
2702 2740 2922 2795 nostra
2963 2732 3243 2796 bullatas
3278 2733 3771 2817 assignavimus,
3806 2732 4106 2795 duximus
4140 2732 4490 2796 faciendas.
4525 2732 4624 2797 De
4656 2741 4764 2797 tue
4799 2734 4999 2818 igitur

1351 2837 1943 2921 circumspectionis
1985 2837 2300 2900 industria
2334 2838 2397 2900 in
2433 2840 2686 2922 magnis
2720 2846 2785 2902 et
2818 2838 3035 2902 arduis
3069 2847 3340 2925 experta
3373 2839 3588 2923 negoti
3590 2840 3673 2922 js,
3709 2847 3772 2902 et
3803 2839 4218 2902 laudabiliter
4250 2839 4687 2924 comprobata,
4719 2840 4999 2925 fideique

1349 2944 1713 3007 constantia
1762 2945 2021 3028 plenam
2070 2945 2132 3007 in
2180 2944 2459 3009 Domino
2507 2947 2806 3009 fiduciam
2856 2946 3239 3029 obtinenteS,
3287 2946 3679 3009 fraternitati
3727 2954 3835 3009 tue
3869 2968 3983 3032 per
4015 2947 4370 3031 apostolica
4419 2947 4658 3032 scripta
4707 2948 4996 3011 commit·

1350 3052 1542 3114 timus
1591 3062 1652 3114 et
1704 3051 2104 3133 mandamuS,
2156 3060 2496 3137 quatenus,
2529 3055 2833 3140 predictis
2869 3055 3099 3117 litteris
3146 3055 3383 3118 nostris
3431 3054 3776 3137 diligenter
3806 3054 4130 3139 inspectiS,
4166 3060 4357 3139 teque
4393 3054 4474 3117 ad
4508 3055 4858 3136 civitatem,
4895 3077 4999 3118 co-

1351 3158 1644 3222 mitatum
1696 3166 1759 3221 et
1806 3158 2165 3223 districtum
2213 3160 2640 3224 bononienses
2688 3162 3115 3246 personaliter
3157 3162 3514 3243 conferens,
3548 3161 3862 3246 dictisque
3909 3160 4356 3243 Universitati,
4392 3161 4730 3225 Communi
4769 3170 4833 3225 et
4882 3184 4994 3248 po·

1348 3267 1502 3352 pulo
1551 3267 1832 3330 civitatis
1880 3267 2188 3349 ciusdem,
2222 3269 2490 3354 prefatis
2540 3269 2769 3332 litteris
2815 3269 3163 3355 publicatis
3211 3269 3584 3332 solemniter
3616 3275 3680 3333 et
3727 3270 4036 3355 expositis
4085 3269 4451 3351 diligenter,
4486 3270 4785 3354 factaque
4818 3269 4998 3355 prius

1350 3396 1466 3460 per
1511 3396 1622 3438 eos
1671 3375 2033 3457 actualiter,
2086 3377 2458 3440 realiter-ct
2504 3377 2926 3461 corporaliter
2970 3376 3374 3440 restitutione
3423 3383 3487 3440 et
3534 3377 3972 3461 assignatione
4021 3377 4374 3462 corporalis
4423 3378 4886 3463 possessionis,
4936 3385 4998 3440 et

1351 3483 1557 3567 quasi,
1609 3483 1908 3565 civitatis,
1961 3484 2301 3547 comitatus
2350 3490 2413 3546 et
2461 3484 2788 3547 districtus
2838 3484 3270 3569 predictorum
3315 3504 3389 3547 ac
3438 3484 3597 3548 meri
3645 3492 3710 3547 ct
3755 3484 3942 3547 mixti
3988 3484 4242 3570 imperij
4290 3491 4356 3548 et
4402 3484 4763 3548 omnimode
4812 3485 5000 3548 iuris-

1350 3590 1646 3653 dictionis
1696 3597 2184 3675 ceterorumque
2248 3590 2479 3653 iurium
2543 3589 2915 3654 eorumdem
2979 3591 3293 3673 civitatiS,
3343 3592 3686 3654 comitatus
3733 3599 3795 3654 et
3844 3591 4170 3654 districtus
4236 3591 4317 3654 ad
4384 3613 4497 3654 nos
4553 3599 4617 3655 ct
4665 3613 4997 3655 romanam

1348 3697 1709 3761 Ecclesiam
1757 3698 1949 3782 pleno
1998 3698 2136 3761 iure
2183 3698 2631 3783 spectantium,
2667 3698 2785 3760 tibi
2831 3699 3164 3784 recipienti
3213 3707 3432 3762 nostro
3480 3706 3543 3762 et
3584 3720 4026 3762 successorum
4074 3706 4438 3763 nostrorum
4472 3720 4546 3761 ac
4580 3720 4845 3762 romane
4879 3699 5000 3763 Ec·

1349 3806 1542 3869 clesie
1592 3806 2028 3892 predictorum
2074 3806 2352 3886 nomine,
2388 3827 2462 3869 ac
2494 3827 2609 3892 per
2642 3812 2703 3869 te
2738 3807 2996 3869 nomine
3030 3806 3398 3893 supradicto
3432 3806 3801 3891 hujusmodi
3832 3806 3995 3869 reali
4027 3816 4088 3870 et
4124 3806 4444 3893 corporali
4477 3807 4904 3892 possessione,
4939 3815 4998 3870 ct

1350 3914 1555 3999 quasi,
1591 3921 1871 3999 recepta,
1908 3915 2314 4000 apprehensa
2362 3922 2423 3977 et
2473 3914 2695 3977 habita
2742 3915 3006 3999 pacifice
3054 3922 3116 3977 et
3166 3915 3403 3999 quiete,
3439 3914 3626 3979 factis
3660 3915 3855 3978 etiam
3888 3936 4003 4001 per
4036 3917 4498 3978 constituentes
4531 3915 4788 3979 eosdem
4825 3937 5000 3979 reco-

1349 4021 1768 4106 gnitionibus,
1796 4022 2349 4103 ratificationibuS,
2379 4022 2949 4107 acceptationibus,
2985 4022 3539 4104 affirmationibus,
3574 4022 4187 4103 confirmationibus,
4222 4023 4824 4107 emologationibus,
4855 4045 4998 4086 cum

1352 4130 1859 4192 iuramentorum
1907 4129 2431 4214 prestationibus,
2467 4129 2972 4214 obligationibus
3019 4150 3273 4214 quoque
3323 4151 3517 4215 super
3564 4152 3759 4194 censu
3808 4139 3870 4193 et
3921 4130 4068 4214 alijs
4110 4131 4404 4193 omnibus
4438 4139 4502 4193 et
4533 4130 4807 4214 singulis
4851 4152 5000 4193 con-

1348 4236 1541 4298 tentis
1592 4237 1656 4299 in
1705 4236 1892 4300 dictis
1942 4237 2171 4300 litteris
2220 4236 2538 4318 distincte,
2572 4237 2939 4322 specialiter
2977 4245 3042 4300 et
3088 4258 3414 4322 expresse,
3450 4259 3524 4302 ac
3571 4238 3901 4324 premissis
3949 4239 4245 4301 omnibus
4293 4239 4475 4302 iuxta
4521 4237 4998 4324 promissiones,

1351 4343 1780 4427 obligationes
1830 4350 1893 4406 et
1941 4343 2301 4407 iuramenta
2350 4344 2502 4406 dicti
2552 4344 2780 4408 sindici
2844 4366 2918 4407 ac
2975 4344 3328 4408 secundum
3377 4344 3672 4426 modum,
3721 4345 3994 4409 formam
4043 4353 4107 4409 et
4156 4345 4447 4408 ordinem
4495 4346 4558 4408 in
4608 4344 4850 4408 eisdem
4901 4345 4999 4408 lit-

1350 4450 1503 4513 teris
1552 4451 1786 4513 nostris
1835 4471 2179 4536 expressos
2230 4451 2398 4514 infra
2460 4451 2773 4514 kalendas
2840 4453 3076 4515 mensis
3142 4451 3523 4537 septembris
3587 4453 3880 4537 proximo
3946 4452 4196 4516 futuras
4260 4452 4473 4516 debite
4536 4460 4600 4516 et
4655 4453 5000 4516 efficaciter

1351 4558 1717 4643 adimpletis
1766 4559 1949 4621 iuxta
1998 4558 2429 4644 predictarum
2480 4557 2752 4622 formam
2802 4567 2862 4621 et
2913 4560 3145 4623 seriem
3193 4560 3573 4641 litterarum,
3608 4566 3671 4624 et
3705 4560 3784 4623 de
3816 4560 3943 4643 hijs
3977 4560 4273 4624 omnibus
4305 4567 4369 4624 et
4402 4560 4673 4644 siugulis
4707 4558 5000 4623 confecto

1350 4665 1607 4750 publico
1660 4665 2084 4728 instrumento
2131 4665 2519 4747 tabellionis,
2555 4666 2816 4752 publica
2864 4688 3054 4729 manu
3104 4667 3363 4752 scripte,
3408 4657 3593 4730 nobis
3629 4667 3795 4730 infra
3829 4667 4142 4731 kalendas
4187 4668 4466 4754 proximi
4515 4666 4714 4730 futuri
4761 4668 5000 4730 mensis

1350 4772 1628 4835 octobris
1677 4772 1951 4836 fideliter
1999 4772 2379 4836 destinando
2429 4780 2494 4836 et
2538 4773 2802 4836 realiter
2863 4774 3289 4858 assignand03
3340 4781 3406 4837 tu
3468 4774 3759 4859 predicta
3825 4775 4040 4838 omnia
4098 4776 4425 4860 postulata
4486 4780 4550 4837 et
4612 4775 4814 4860 petita
4881 4796 4996 4859 per

1350 4877 1591 4942 (lictum
1639 4878 1954 4942 sindicum
2004 4880 2355 4943 secundum
2405 4879 2888 4965 dispositionem
2948 4889 3233 4944 nostram
3281 4880 3346 4943 in
3395 4881 3625 4945 litteris
3675 4880 3941 4967 prefatis
3990 4903 4398 4968 expressam,
4449 4902 4522 4944 ac
4571 4881 4768 4943 etiam
4818 4881 4998 4944 iuxta

1351 4985 1856 5068 declarationes,
1907 4987 2380 5050 moderationes
2429 4993 2493 5051 et
2553 4987 2993 5072 suppletiones
3054 4988 3412 5073 predictaS,
3463 4989 3704 5052 eisdem
3753 4988 4125 5071 Communi,
4175 4987 4599 5053 Universitati
4648 4994 4713 5051 et
4760 4988 5001 5074 populo

1348 5094 1470 5157 uisi
1519 5101 1836 5178 quatenus
1881 5116 1997 5180 per
2044 5095 2328 5158 litteram
2376 5102 2665 5158 nostram
2712 5116 2837 5179 que
2887 5096 3142 5180 incipit:
3198 5120 3226 5150 «
3281 5095 3582 5174 Quoniam
3631 5098 3784 5159 sicut
3819 5118 3940 5180 per
3985 5099 4142 5160 viros
4189 5104 4461 5180 expertos
4507 5103 4611 5159 etc.
4651 5120 4680 5152 »
4737 5096 4856 5159 tibi
4907 5095 4997 5158 di·

1348 5207 1591 5263 rectam
1640 5222 1833 5285 super
1880 5201 2205 5287 aliquibus
2251 5222 2336 5265 ex
2381 5200 2752 5286 hujusmodi
2803 5201 3143 5287 postulatis
3191 5208 3255 5265 et
3303 5202 3519 5288 petitis
3567 5223 3682 5288 per
3729 5201 3970 5265 dictum
4032 5202 4349 5264 sindicum
4409 5201 4655 5287 aliquid
4711 5202 5002 5266 extiterit

1349 5306 1776 5389 immutatum,
1812 5309 2167 5394 apostolica
2210 5309 2593 5372 auctoritate
2641 5307 2957 5372 concedas
3009 5329 3154 5371 cum
3204 5309 3499 5372 omnibus
3547 5309 4040 5390 conditionibus,
4073 5308 4426 5372 honoribus
4470 5318 4534 5372 et
4566 5309 4894 5391 oneribuS‚
4929 5330 5001 5371 ac

1348 5415 1552 5478 modis
1602 5424 1663 5478 et
1713 5414 1935 5478 formis
1987 5417 2304 5479 enarratis
2354 5415 2417 5478 in
2465 5415 2652 5479 dictis
2702 5416 2934 5479 litteris
2979 5416 3306 5502 predictis,
3342 5416 3906 5496 declarationibus,
3944 5415 4490 5480 moderationibus
4538 5421 4603 5478 et
4648 5416 4999 5501 suppletio-

1350 5523 1537 5585 nibus
1590 5523 1824 5586 nostris
1871 5523 1934 5586 in
1985 5523 2289 5610 predictis
2339 5523 2635 5587 omnibus
2682 5524 2974 5611 plenarie
3023 5524 3417 5605 observatiS,
3467 5523 3546 5587 de
3595 5529 3814 5588 nostra
3862 5532 3926 5587 et
3973 5524 4174 5609 ipsius
4224 5521 4410 5586 Sedis
4456 5523 4670 5608 gratia
4716 5523 5000 5608 speciali,

1348 5651 1422 5692 ac
1469 5628 1827 5714 predictam
1874 5631 2259 5694 sententiam
2310 5631 2668 5714 interdicti,
2719 5632 2821 5695 cui
2870 5632 3134 5712 civitas,
3186 5630 3527 5694 comitatus
3574 5638 3639 5694 et
3684 5631 4012 5694 districtus
4059 5630 4333 5717 predicti
4396 5651 4472 5693 ac
4529 5629 5002 5694 Universitates

1347 5743 1411 5799 ct
1460 5737 1844 5800 Communia
1890 5737 2261 5800 eorumdem
2310 5745 2576 5823 propter
2624 5739 2937 5824 premissa
2983 5738 3318 5801 subiacere
3368 5746 3737 5819 noscuntur,
3774 5759 4123 5823 omnesque
4158 5738 4510 5801 sententias
4559 5744 4752 5823 atque
4799 5758 4999 5823 penas

1348 5865 1464 5931 per
1510 5844 1716 5908 dictos
1766 5866 2105 5930 processus
2153 5852 2218 5909 et
2266 5866 2703 5931 quoscumque
2753 5847 2915 5909 alios
2963 5846 3045 5910 ob
3092 5846 3444 5931 premissa,
3493 5847 3597 5909 vel
3657 5867 3880 5909 eorum
3938 5846 4274 5910 occasione
4321 5845 4728 5932 postmodum
4780 5845 4999 5908 subse·

1344 5958 1548 6032 catos,
1599 5960 1662 6015 et
1710 5952 2200 6016 constitutiones
2249 5953 2455 6016 felicis
2504 5953 2966 6017 recordationis
3014 5952 3339 6036 Bonifacij
3387 5975 3554 6039 pape
3596 5953 3806 6017 octavi
3840 5952 4312 6039 predecessoris
4345 5953 4549 6015 nostri
4583 5973 4706 6037 que
4739 5952 4996 6038 incipit:

1355 6087 1381 6114 «
1434 6059 1658 6124 Felicis
1704 6085 1764 6144 ι»,
1815 6068 1879 6125 et
1926 6060 2087 6124 alios
2136 6082 2418 6125 canones
2469 6083 2543 6125 ac
2592 6060 3019 6147 provincialia
3066 6069 3129 6124 et
3193 6061 3510 6125 sinodalia
3572 6068 3816 6125 statuta
3878 6069 4104 6126 contra
4160 6060 4364 6124 dictos
4414 6061 4764 6141 civitatem,
4815 6059 4999 6123 Com-

1342 6189 1555 6249 mune,
1592 6168 2101 6233 Universitatem
2136 6175 2200 6232 et·
2230 6169 2539 6256 populum
2575 6168 3027 6250 bononienses,
3063 6190 3138 6232 ac
3172 6170 3548 6232 comitatum
3579 6176 3644 6233 et
3677 6168 4036 6232 districtum
4071 6169 4357 6254 ipsorum
4388 6174 4521 6231 tam
4553 6189 4748 6254 super
4787 6168 4999 6253 priva-

1345 6277 1518 6340 tione
1571 6276 1784 6361 Studij
1834 6277 2160 6362 generalis
2209 6277 2487 6341 civitatis
2535 6276 2853 6358 eiusdem,
2905 6276 3317 6361 omniumque
3365 6276 3891 6362 privilegiorum,
3941 6276 4490 6362 indulgentiarum
4537 6283 4603 6339 et
4648 6275 5000 6360 gratiarum

1341 6384 1847 6470 apostolicarum
1895 6392 1958 6448 et
2011 6385 2445 6472 imperialium
2501 6391 2564 6448 et
2613 6383 2695 6447 ab
2745 6383 2892 6467 alijs
2942 6383 3451 6469 quibuscumque
3498 6407 3946 6448 concessorum
3996 6385 4259 6465 eisdem,
4295 6405 4487 6469 quam
4537 6383 4699 6446 alias
4740 6402 4999 6468 quomo-

1342 6491 1587 6555 dolibet
1636 6493 1972 6557 occasione
2022 6492 2336 6558 dictorum
2388 6513 2775 6556 excessuum
2826 6491 3292 6576 promulgatas,
3330 6492 3716 6555 auctoritate
3766 6492 4056 6578 predicta
4105 6492 4363 6555 omnino
4411 6489 4686 6572 relaxes,
4720 6489 4910 6553 tollas
4941 6494 5002 6550 et
