5542 7775
1231 626 1384 698 320

1220 802 1305 868 D.
1354 801 1627 888 Egidius
1675 801 1755 866 de
1802 801 2013 883 Fisco,
2061 800 2345 865 thesaur.
2397 798 2462 864 8.
2502 796 2837 863 Gauferin.
2885 819 2992 862 ca-

1438 909 1851 974 meracensis.

1220 1017 1304 1083 D.
1350 1015 1624 1102 Egidius
1671 1016 1751 1081 de
1798 1015 2162 1099 Foscardis,
2209 1015 2435 1081 (166161
2480 1014 2908 1080 (16616161616.

1220 1125 1305 1192 D.
1352 1125 1669 1191 Euchitus
1716 1123 2062 1191 Cateluxii.

1216 1234 1395 1320 Mag.
1446 1233 1659 1298 Fortis
1706 1233 1787 1298 (16
1834 1234 2077 1316 Monte,
2107 1232 2277 1296 filius
2309 1230 2552 1296 domini
2587 1229 2854 1315 Singriti
2904 1228 2986 1294 (16

1431 1341 1677 1427 Monte,
1724 1341 1949 1407 doctor
1994 1341 2236 1426 legum.

1214 1451 1391 1538 Mag.
1440 1450 1829 1515 Franciscus
1877 1449 2154 1536 Gregus,
2202 1447 2550 1513 canonicus
2602 1446 2983 1533 parmensis.

1215 1560 1300 1625 D.
1351 1558 1683 1624 Gerardus
1744 1557 1824 1622 (16
1886 1556 2301 1638 Cornazano,
2350 1554 2698 1620 canonicus
2766 1561 2986 1619 torna-

1433 1666 1664 1731 censis.

1213 1776 1298 1842 D.
1327 1774 1658 1841 Gerardus
1688 1773 1768 1838 de
1794 1772 2097 1855 Aboleto,
2123 1771 2471 1837 canonicus
2498 1768 2981 1835 valentinensis.

1213 1884 1296 1949 D.
1348 1882 1754 1964 Geonardus,
1799 1880 2147 1946 canonicus
2195 1880 2651 1944 cesenatensis.

1210 1991 1294 2057 D.
1345 1990 1672 2072 Gifredus,
1717 1988 2213 2053 archidiaconus
2259 1987 2688 2052 beluacensis.

1209 2098 1294 2164 D.
1346 2097 1674 2163 Gufredus
1721 2096 1801 2161 de
1848 2096 2201 2161 Pecuraria
2249 2095 2329 2160 (16
2376 2094 2741 2173 Placentia,
2792 2114 2981 2158 cano-

1427 2205 1608 2269 nicus
1654 2203 2082 2269 turnacensis.

1210 2313 1387 2400 Mag.
1438 2312 1652 2378 861116
1699 2312 1779 2376 (16
1824 2311 2066 2394 Ρ11666,
2115 2310 2285 2374 filius
2332 2309 2577 2374 domini
2620 2308 2823 2373 Petri.

1209 2422 1387 2508 Mag.
1437 2420 1824 2485 Guillelmus
1872 2419 2110 2483 Vitalis
2155 2417 2590 2502 Bardegalen.

1208 2530 1292 2595 D.
1343 2529 1732 2594 Guillelmus
1778 2527 1858 2592 (16
1904 2527 2261 2592 Tambatra
2293 2525 2495 2590 frater
2526 2525 2769 2590 (1616161
2800 2524 2974 2589 Bosi.

1210 2638 1293 2703 D.
1351 2637 1738 2702 Guillelmus
1806 2634 2181 2722 Raymundi
2247 2634 2416 2698 filius
2484 2632 2726 2697 domini
2794 2630 2976 2696 Petri

1423 2743 1799 2831 Raymundi
1844 2743 2064 2806 militis
2111 2741 2190 2806 de
2239 2748 2463 2805 666616
2511 2739 2843 2815 Quintino.

1208 2853 1293 2919 D.
1345 2852 1732 2918 Guillelmus
1779 2850 1859 2914 (16
1920 2849 2370 2929 Μ6666161116,
2420 2848 2768 2912 666661666
2829 2869 2974 2913 ren-

1426 2960 1655 3025 censis.

1208 3070 1294 3135 D.
1343 3069 1731 3135 Guillelmus
1769 3067 1848 3132 de
1881 3067 2313 3149 Monasteriis‚
2348 3066 2693 3130 canonicus
2725 3086 2975 3130 remen-

1425 3177 1514 3242 sis
1562 3183 1627 3240 et
1671 3174 2106 3240 landonensis.

1207 3284 1292 3349 D.
1339 3284 1592 3366 Helias,
1642 3283 1989 3348 canonicus
2035 3281 2447 3346 zamorensis.

1202 3392 1382 3478 Mag.
1428 3390 1754 3456 Henricus
1805 3388 2139 3474 Sangler.,
2188 3388 2536 3453 canonicus
2582 3388 2918 3452 utinensis.

1210 3500 1295 3566 D.
1342 3498 1690 3580 Henricus,
1738 3497 2085 3562 canonicus
2132 3496 2550 3583 pataviensis.

1207 3608 1294 3673 D.
1343 3606 1667 3671 Henricus
1714 3604 1795 3669 (16
1842 3603 2077 3687 Flisco,
2127 3603 2474 3668 canonicus
2520 3603 2915 3690 parisiensis.

1209 3714 1295 3780 D.
1342 3714 1669 3779 Henricus
1715 3712 1795 3776 (16
1840 3711 2173 3777 Verduno.

1210 3822 1295 3889 D.
1342 3822 1643 3887 Hervens
1690 3819 1771 3884 de
1819 3818 2169 3883 Trembeta
2216 3818 2468 3884 Scotus.

1209 3931 1389 4018 Mag.
1435 3930 1645 3995 Hervi
1689 3929 1860 3992 filius
1905 3927 2149 3993 domini
2196 3927 2496 4013 Gregorii
2540 3928 2785 3993 electus
2833 3951 2975 3994 cur-

1422 4036 1729 4120 tenensis‚
1763 4041 1828 4100 et
1873 4034 2220 4100 canonicus
2267 4036 2538 4100 ecclesie
2583 4037 2790 4101 sancti
2836 4037 2975 4102 An-

1423 4145 1575 4209 dree
1623 4144 1704 4208 de
1752 4143 1992 4208 Scotia.

1207 4254 1385 4339 Mag.
1432 4252 1634 4339 Hugo
1684 4251 1983 4336 Sangler,
2032 4251 2380 4315 canonicus
2426 4253 2848 4316 carnotensis.

1207 4362 1293 4428 D.
1326 4361 1690 4447 Huguccio,
1738 4359 2055 4446 plebanus
2102 4358 2518 4444 Castiglionis
2557 4358 2768 4424 Castri
2815 4366 2971 4426 rect.

1207 4468 1291 4534 D.
1340 4468 1628 4534 Jacobus
1674 4466 2014 4531 Martialis.

1207 4575 1291 4641 D.
1340 4575 1384 4641 J
1387 4575 1628 4640 6661166
1673 4574 1843 4638 filius
1905 4573 2148 4637 domini
2195 4573 2579 4658 Guarnecii,
2625 4576 2973 4641 canonicus

1419 4681 1903 4748 darmaciensis.

1176 4782 1288 4857 ΑΒ.
1337 4791 1672 4857 ,161166666
1718 4789 1798 4854 (16
1844 4788 2245 4855 Altomonte.

1203 4899 1286 4965 D.
1319 4899 1656 4966 ,1611611666
1688 4896 1768 4961 de
1800 4896 2091 4983 Broglio,
2118 4896 2465 4961 canonicus
2496 4897 2967 4965 aurivialensis.

1201 5006 1286 5072 D.
1333 5006 1669 5072 Johannes
1717 5005 1887 5069 filius
1935 5004 2260 5091 quondam
2306 5003 2548 5068 domini
2587 5004 2860 5070 Roberti
2890 5006 2970 5072 de

1416 5113 1748 5178 Bucimler
1793 5112 1873 5176 (16
1920 5112 2220 5177 Francia.

1199 5221 1284 5286 D.
1333 5221 1377 5287 J
1381 5222 1669 5286 ohannes
1715 5220 1795 5285 de
1845 5219 2312 5306 Guizimburgo
2359 5221 2685 5307 quondam
2724 5222 2971 5289 domini

1417 5327 1698 5410 Genidii,
1745 5328 2092 5392 canonicus
2139 5327 2549 5393 umaciensis.

1199 5435 1284 5502 D.
1333 5435 1668 5501 Johannes
1715 5434 1966 5517 Alvari,
2017 5435 2229 5499 Castri
2274 5436 2576 5501 Arnetini
2622 5445 2855 5504 rector.

1199 5544 1283 5610 D.
1332 5543 1667 5609 Johannes
1714 5543 1965 5625 Alvari,
2012 5542 2215 5606 abbas
2261 5543 2646 5610 fusabensis.

1199 5651 1283 5716 D.
1331 5651 1667 5717 Johannes
1715 5651 1795 5715 (16
1843 5650 2127 5733 Canuto,
2175 5652 2523 5716 canonicus
2570 5652 2745 5717 beati
2790 5653 2964 5719 Mar·

1413 5759 1533 5823 tini
1577 5758 1656 5823 de
1703 5758 1956 5822 Lauda.

1196 5865 1282 5931 D.
1328 5865 1694 5931 Mancellus
1738 5865 1819 5930 (16
1865 5873 2091 5929 666616
2137 5864 2338 5931 Julia.

1196 5972 1279 6038 D.
1327 5973 1762 6037 Marchisinus
1824 5973 2095 6038 clericus
2157 5979 2223 6038 61
2284 5976 2630 6040 666661666
2692 5977 2964 6042 66616616

1410 6081 1617 6144 666611
1666 6080 1981 6167 Stephani
2028 6081 2093 6145 in
2125 6080 2329 6165 Pane,
2363 6090 2622 6148 curator
2653 6084 2961 6169 ipsorum.

1193 6187 1277 6254 D.
1324 6188 1644 6253 Martinus
1692 6189 2022 6275 hispanus.

1318 6441 1397 6506 (1)
1439 6439 1544 6492 Sic.

1318 6531 1398 6597 (2)
1437 6530 1525 6581 An
1566 6528 1826 6583 civitella.

2612 642 3041 695 SCHOLABES
3094 643 3500 695 ILLUSTRES

3121 797 3298 884 Mag.
3348 798 3629 864 Michael
3675 799 3755 864 de
3800 800 4053 866 Domde
4104 801 4354 866 Scotus.

3119 905 3204 971 D.
3249 906 3530 972 Michael
3579 908 3829 992 Garsie,
3873 910 4315 995 porcionarius
4362 910 4788 997 placentinus.

3118 1013 3202 1078 D.
3249 1013 3506 1080 Natalis
3551 1015 3844 1081 Rainerii
3890 1017 3970 1082 de
4017 1016 4447 1104 Perpiniano,
4495 1018 4713 1104 legum
4766 1019 4879 1084 do·

3331 1131 3490 1188 ctor.

3116 1228 3198 1294 D.
3246 1229 3555 1295 Nicolaus
3601 1232 3846 1297 domini
3891 1233 4144 1320 Tigrini
4189 1234 4269 1299 de
4314 1235 4516 1299 Luca.

3114 1336 3198 1404 D.
3249 1338 3440 1404 Ο(1116
3487 1339 3567 1405 (16
3613 1340 3953 1406 Minzonis.

3113 1443 3195 1511 D.
3245 1445 3486 1533 Opizus
3534 1447 3613 1512 de
3659 1448 3965 1530 castelle,
4012 1450 4237 1515 doctor
4283 1450 4722 1537 decretorum,
4771 1474 4875 1517 ca·

3322 1556 3591 1619 nonicus
3637 1557 4059 1622 tornacensis.

3110 1662 3194 1728 D.
3244 1661 3610 1728 0116116666
3656 1665 3735 1729 (16
3781 1665 4159 1748 Placentia,
4207 1669 4554 1733 canonicus
4602 1672 4876 1737 suessio·

3325 1792 3563 1836 666616.

3109 1858 3193 1924 D.
3239 1859 3635 1946 Palmerius‚
3685 1861 3956 1927 clericus
4001 1864 4282 1929 vicarius
4344 1864 4612 1930 ecclesie
4671 1868 4875 1934 flexu-

3319 1969 3593 2034 lane(1).

3108 2074 3190 2140 D.
3224 2076 3457 2141 Petrus
3504 2078 3583 2143 (16
3629 2078 3811 2143 Μ616
3855 2080 4025 2144 filius
4072 2080 4314 2146 domini
4360 2082 4750 2168 Raymundi.

3107 2183 3190 2249 D.
3222 2185 3457 2250 Petrus
3505 2185 3739 2252 Boneti
3785 2187 4009 2252 doctor
4055 2187 4481 2253 decretorum.

3105 2291 3190 2356 D.
3222 2293 3459 2358 Petrus
3506 2294 3839 2359 Guillclmi
3887 2295 3966 2359 (16
4017 2296 4378 2361 Μ116116116.

3107 2399 3190 2465 D.
3224 2401 3457 2466 Petrus
3505 2401 3584 2466 de
3633 2402 3840 2485 Saltu,
3875 2411 4085 2468 rector
4131 2403 4403 2468 ecclesie
4437 2405 4516 2469 de
4551 2405 4872 2471 Guibelle.

3107 2508 3190 2574 D.
3221 2509 3455 2575 Petrus
3503 2511 3582 2576 de
3634 2511 3840 2594 Saltu,
3875 2520 4084 2576 rector
4129 2514 4399 2577 ecclesie
4439 2512 4628 2579 beate
4660 2514 4868 2580 Marie

3320 2619 3400 2684 de
3446 2619 3863 2686 Avitella(2).

3105 2725 3189 2791 D.
3229 2726 3571 2814 Philippus
3603 2728 3927 2812 quondam
3960 2729 4204 2793 domini
4235 2729 4276 2794 J
4283 2730 4490 2812 acobi,
4525 2732 4872 2795 canonicus

3318 2836 3525 2900 sancti
3572 2836 3834 2902 Andree
3880 2837 4387 2922 guarnaciensis.

3101 2941 3185 3006 D.
3230 2942 3503 3008 Pontius
3551 2943 3630 3009 de
3678 2943 4032 3009 Villamun.

3101 3050 3185 3116 D.
3233 3050 3660 3137 Raymundus
3707 3052 3785 3115 (16
3832 3052 4122 3135 Rufiaco,
4172 3053 4663 3118 archidiaconus
4721 3076 4871 3119 san-

3317 3159 3403 3222 cti
3451 3158 3690 3223 Seneni
3736 3159 3804 3223 in
3850 3160 4123 3224 ecclesia
4171 3162 4607 3246 quaturcensi.

3102 3263 3186 3329 D.
3233 3265 3662 3352 Raymundus
3709 3265 3788 3330 (16
3834 3266 4193 3332 Duroforti.

3101 3372 3184 3437 D.
3231 3372 3638 3437 Rolandinus
3685 3373 3763 3438 de
3812 3374 4158 3456 Acarixiis,
4193 3374 4564 3440 faventinus
4607 3378 4871 3442 canoni-

3315 3501 3427 3545 cus
3473 3502 3549 3546 ac
3594 3482 3790 3545 etiam
3837 3483 4258 3547 romanensis.

3102 3586 3184 3652 D.
3234 3587 3527 3653 Teditius
3575 3589 3655 3654 de
3702 3589 3916 3654 Fisco.

3100 3695 3184 3760 D.
3234 3696 3545 3762 Ted1xius
3590 3698 3670 3762 de
3716 3697 4107 3763 Maloxellis.

3101 3803 3185 3868 D.
3233 3804 3590 3869 Thedixius
3636 3805 3715 3870 de
3762 3805 3998 3871 Flisc0.

3100 3911 3185 3976 D.
3231 3911 3616 3978 Zavarixius
3663 3914 3904 3979 domini
3965 3916 4207 3981 Ubaldi
4268 3915 4348 3981 de
4409 3915 4874 3980 Anteminellis

3317 4018 3397 4084 de
3444 4019 3644 4086 Luca.

3719 4289 4249 4356 MCCLXXXII.

3101 4554 3280 4641 Mag.
3325 4556 3542 4621 Adam
3587 4557 3667 4622 de
3713 4558 3962 4623 Lendio
3985 4559 4084 4624 (3).
4181 4628 4190 4635 ,

3100 4665 3277 4752 Mag.
3321 4666 3534 4732 Adam
3565 4667 3646 4733 (16
3677 4668 3928 4734 Laudic
3947 4669 4025 4734 (4)
4043 4669 4122 4733 de
4155 4668 4508 4751 Abrebato,
4544 4669 4713 4734 filius
4747 4668 4869 4734 do-

3314 4776 3472 4840 mini
3519 4777 3819 4842 Simonis.

3096 4882 3274 4970 Mag.
3322 4884 3539 4949 Adam
3583 4885 3665 4951 de
3713 4885 3916 4950 Soliol
3960 4893 4196 4951 scotus.

3097 4990 3272 5078 Mag.
3321 4992 3704 5079 Aymericus
3750 4993 3958 5058 dictus
4008 4993 4340 5079 Sangleni,
4373 4993 4720 5058 canonicus
4761 5015 4871 5058 re-

3312 5102 3699 5188 mengensis.

3094 5207 3273 5294 Mag.
3322 5208 3574 5273 Alanus
3621 5208 3702 5273 de
3746 5208 4081 5274 Aldriche.

3093 5315 3179 5382 D.
3225 5317 3590 5382 Almericus
3638 5316 3888 5398 Garsie,
3937 5316 4140 5381 abbas
4188 5316 4393 5380 sancti
4438 5314 4802 5382 MichaeliS.

3092 5424 3175 5489 D.
3223 5426 3554 5490 Arnaldus
3601 5424 3942 5490 Bernardi.

3092 5533 3175 5599 D.
3223 5534 3554 5600 Arnaldus
3597 5535 3855 5600 Morini.

3090 5641 3174 5706 D.
3222 5642 3617 5726 Auliverius,
3666 5642 4012 5707 canonicus
4060 5640 4515 5707 claudatensiS.

3090 5748 3172 5814 D.
3221 5750 3613 5815 Beltrandus
3657 5748 4131 5834 Elovrengarii,
4164 5749 4342 5835 prior
4385 5746 4465 5811 de
4507 5745 4861 5811 AmixanO.

3088 5858 3172 5923 D.
3205 5857 3605 5923 Bertrandus
3637 5857 3807 5922 filius
3840 5857 4081 5922 domini
4116 5855 4475 5920 Guillielmi
4507 5853 4861 5940 Raymand

3305 5966 3384 6031 de
3408 5966 3731 6051 Bregava‚
3758 5966 3961 6030 abbas
3993 5965 4072 6030 de
4096 5965 4385 6029 Pessano
4418 5963 4482 6027 in
4507 5961 4858 6043 Vascovia,

3304 6075 3612 6139 auxitano
3659 6073 3952 6138 diocesis.

3090 6182 3174 6247 D.
3222 6183 3622 6248 Bertrandus
3668 6184 3748 6248 (16
3798 6184 4003 6248 86116.

3215 6441 3293 6505 (3)
3333 6439 3421 6490 An
3461 6437 3675 6490 Leode'O.

3212 6534 3290 6599 (4)
3331 6532 3437 6584 Sic.
