5542 7775
1227 547 1324 619 38
2805 565 3285 615 MONUMENTA

1222 741 1307 784 ex
1351 720 1444 785 eis
1493 725 1712 784 secuta
1759 725 1907 783 sunt
1954 718 2057 782 vel
2106 718 2187 783 ob
2236 739 2334 782 ea.
2371 717 2698 805 Captivos,
2734 718 2842 803 qui
2885 717 3220 780 occasione
3253 716 3446 800 hujus
3479 715 3793 780 discordie
3827 715 3998 802 capti
4030 721 4180 779 sunt
4211 736 4355 778 cum
4389 714 4572 778 bonis
4605 736 4848 797 eorum,

1221 836 1287 891 et
1333 827 1462 892 alia
1510 848 1634 912 que
1681 826 2016 892 occasione
2065 826 2265 912 ipsius
2310 825 2626 891 discordie
2673 833 2865 911 capta
2911 833 3060 888 sunt
3109 824 3212 888 vel
3259 824 3541 907 detenta,
3573 823 3935 904 restituant,
3970 823 4060 886 ita
4107 822 4276 909 quod
4310 822 4693 886 adherentes
4725 823 4849 909 ipsi
4946 909 4952 916 .

1222 933 1595 1019 imperatori
1642 933 1937 997 similiter
1980 933 2073 998 eis
2118 932 2363 998 faciant
2410 941 2474 996 et
2507 931 2870 996 observent.
2903 931 3039 996 Alii
3070 939 3286 995 autem
3320 930 3557 1018 captivi
3588 930 3941 995 secundum
3966 930 4075 1015 jus
4107 929 4371 1016 Imperii
4403 931 4845 1013 restituantur,

1221 1062 1366 1104 cum
1414 1040 1550 1127 ipse
1598 1040 1947 1126 imperator
1992 1040 2281 1126 legatum
2327 1061 2515 1103 suum
2563 1040 2627 1104 in
2674 1037 3136 1102 Lombardiam
3180 1059 3298 1124 pro
3345 1059 3504 1124 pace
3548 1037 3960 1102 reformanda
4006 1037 4174 1101 inter
4219 1037 4543 1101 discordes
4589 1036 4850 1101 duxerit

1218 1146 1705 1230 destinandum3
1742 1148 2228 1212 constitutiones
2275 1168 2450 1229 vero,
2500 1146 2678 1232 leges
2726 1153 2792 1210 et
2836 1153 3080 1210 statuta
3126 1145 3208 1209 ab
3256 1145 3530 1210 ecclesia
3575 1165 3843 1209 romana
3887 1153 3952 1208 et
3999 1144 4279 1208 romanis
4327 1144 4844 1230 imperatoribus,

1217 1263 1283 1318 et
1329 1254 1694 1340 specialiter
1740 1254 1823 1318 ab
1871 1253 2009 1341 ipso
2056 1254 2443 1340 imperatore
2492 1260 2716 1316 contra
2762 1252 3110 1334 hereticos,
3147 1258 3598 1336 receptatores,
3632 1250 4023 1332 defensores,
4072 1250 4404 1315 credentes
4452 1257 4516 1314 et
4560 1250 4847 1314 fautores

1215 1382 1440 1426 eorum
1485 1362 1798 1427 hactenus
1844 1361 2276 1448 promulgata,
2310 1361 2413 1424 vel
2462 1360 2860 1446 inposterum
2907 1358 3400 1445 promulganda,
3433 1358 3748 1444 recipiant
3794 1365 3858 1422 et
3906 1357 4248 1423 observent
4293 1357 4750 1421 inviolabiliter
4781 1367 4846 1422 et

1216 1467 1560 1533 efficaciter
1605 1475 2030 1554 exequantur,
2065 1466 2628 1531 constitutionibus
2677 1465 3195 1552 municipalibus,
3229 1465 3415 1529 editis
3455 1471 3680 1530 contra
3717 1465 3902 1546 tales,
3938 1464 4348 1529 nihilominus
4394 1465 4460 1529 in
4508 1465 4640 1528 suis
4686 1465 4845 1529 locis

1215 1575 1482 1640 firmiter
1530 1575 1969 1640 observandis.
2003 1575 2367 1639 Potestates
2415 1580 2652 1655 autem,
2688 1573 3000 1638 Consules
3045 1579 3110 1637 et
3155 1572 3465 1637 Rectores
3511 1573 3864 1655 civitatum,
3899 1572 4298 1658 aliorumque
4346 1572 4653 1654 locorum,
4687 1593 4845 1658 quo·

1215 1704 1489 1769 cumque
1536 1684 1794 1749 nomine
1842 1689 2246 1764 censeantur,
2274 1683 2497 1767 jurent
2544 1681 2716 1767 quod
2763 1680 2877 1744 illa
2923 1680 3199 1745 fideliter
3245 1679 3702 1762 observabunt,
3735 1679 3927 1765 idque
3974 1701 4123 1744 suos
4163 1680 4386 1764 jurare
4428 1679 4672 1744 faciant
4703 1701 4845 1744 suc-

1214 1812 1522 1874 cessores,
1554 1799 1868 1878 ponentes
1915 1813 2026 1856 eas
2074 1791 2138 1855 in
2185 1790 2443 1854 statutis
2490 1790 2846 1871 civitatum,
2881 1789 3281 1873 aliorumque
3329 1788 3630 1869 locorom,
3666 1787 3777 1851 illa
3810 1787 3958 1852 inde
3991 1807 4400 1874 nequaquam
4447 1787 4843 1873 inposterum

1214 1897 1508 1963 deleturi.
1559 1898 1817 1963 Statuta
1864 1898 2080 1963 omnia
2125 1897 2488 1963 communia
2535 1905 2600 1961 et
2645 1896 3084 1982 particularia,
3126 1895 3298 1959 facta
3346 1901 3570 1959 contra
3633 1895 3936 1959 ecclesias
3983 1902 4048 1959 et
4094 1894 4596 1959 ecclesiasticam
4651 1894 4841 1959 liber·

1215 2012 1450 2089 tatem,
1496 2006 1753 2093 penitus
1800 2013 2139 2086 revocent,
2188 2005 2268 2069 de
2331 2004 2463 2068 suis
2526 2003 3088 2068 constitutionibus
3149 2002 3443 2083 deleant,
3492 2010 3556 2066 et
3603 2023 3682 2066 ea
3730 2003 3832 2066 vel
3894 2003 3987 2066 eis
4043 2002 4278 2065 similia
4324 2001 4403 2066 de
4451 2011 4666 2066 cetero
4715 2023 4839 2066 non

1210 2122 1560 2178 resumant.
1608 2112 2066 2177 Lateranensis
2114 2133 2367 2198 quoque
2417 2118 2659 2175 statuta
2706 2110 2981 2192 concilii,
3025 2117 3088 2174 et
3136 2110 3622 2174 constitutiones
3668 2131 3707 2172 a
3755 2109 3959 2193 nobis,
3992 2117 4057 2173 et
4101 2109 4280 2194 leges
4327 2108 4409 2172 ab
4457 2109 4598 2195 ipso
4645 2109 4843 2195 impe-

1212 2227 1427 2284 ratore
1475 2241 1668 2306 super
1713 2220 1791 2283 iis
1837 2219 2063 2300 editas,
2098 2220 2442 2284 observent
2488 2225 2554 2282 et
2593 2219 2816 2302 jurent
2863 2218 3256 2303 inposterum
3306 2216 3670 2299 observare,
3713 2237 3989 2302 suosque
4031 2217 4253 2300 jurare
4300 2216 4544 2280 faciant
4590 2237 4841 2281 succes-

1212 2348 1409 2391 sores.
1457 2326 1662 2391 Porro
1708 2327 2028 2412 predictos
2078 2325 2585 2412 quadringentos
2630 2325 2867 2388 milites
2915 2324 2981 2387 in
3029 2323 3260 2405 eunde,
3294 2322 3625 2405 morando,
3659 2322 3984 2387 reduendo
4032 2323 4150 2387 sub
4199 2331 4418 2387 nostra
4466 2331 4531 2388 et
4577 2322 4842 2409 speciali

1212 2434 1562 2521 apostolice
1612 2433 1797 2498 Sedis
1844 2434 2241 2521 protectione
2288 2433 2691 2519 suscipimus,
2731 2453 2875 2496 cum
2910 2431 3204 2495 omnibus
3238 2430 3421 2494 bonis
3454 2430 3606 2512 suis,
3641 2430 3962 2516 iidemque
3994 2437 4337 2495 teneantur
4383 2431 4476 2495 ire
4525 2431 4588 2494 in
4638 2430 4839 2516 ipsius

1211 2541 1616 2628 imperatoris
1662 2541 1985 2628 passagio,
2035 2561 2161 2626 quo
2210 2541 2291 2604 ab
2340 2561 2416 2604 eo
2463 2545 2776 2603 statutum
2824 2547 2922 2602 est
2968 2545 3032 2601 et
3077 2558 3118 2600 a
3163 2558 3431 2601 romana
3491 2536 3785 2602 Ecclesia
3845 2538 4293 2623 approbatum.
4344 2537 4628 2623 Ideoque
4676 2537 4838 2601 Uni·

1208 2648 1502 2712 versitati
1546 2655 1759 2712 vestre
1805 2669 1920 2734 per
1966 2647 2321 2733 apostolica
2366 2646 2606 2732 scripta
2652 2644 3033 2709 mandamus
3091 2650 3284 2730 atque
3345 2644 3768 2730 precipimus,
3818 2652 4133 2730 quatenus
4193 2644 4564 2729 supradicta
4624 2643 4840 2709 omnia

1203 2776 1321 2842 pro
1368 2761 1554 2842 parte
1601 2762 1823 2819 nostra
1872 2754 2254 2819 inconcussa
2300 2753 2591 2836 servetis,
2627 2774 2701 2816 ac
2749 2774 2944 2838 super
2992 2752 3112 2816 hoc
3159 2751 3344 2815 nobis
3391 2758 3456 2815 et
3502 2751 3624 2837 ipsi
3669 2751 4043 2838 imperatori
4084 2752 4277 2834 juxta
4322 2758 4632 2833 tenorem,
4667 2751 4837 2836 quod

1203 2863 1387 2926 vobis
1434 2863 1958 2944 transmittimus,
2007 2867 2256 2925 vestras
2304 2869 2598 2948 patentes
2643 2860 2866 2923 literas
2914 2880 3117 2945 usque
3165 2859 3249 2922 ad
3295 2858 3656 2944 proximam
3704 2858 4088 2922 dominicam
4135 2859 4433 2923 instantis
4480 2858 4838 2944 quadrege-

1204 2969 1363 3033 sime
1411 2970 1883 3052 transmittatis,
1919 2991 2033 3056 per
2082 2990 2344 3032 manum
2391 2968 2715 3054 publicam
2761 2967 3055 3052 scriptas,
3098 2973 3162 3030 et
3209 2966 3408 3029 vestri
3454 2986 3529 3030 ac
3577 2964 3810 3052 prefati
3863 2965 4249 3030 marchionis
4296 2974 4360 3030 et
4407 2965 4839 3052 quarumlibet

1209 3077 1544 3140 civitatum
1590 3076 1669 3141 de
1716 3077 1858 3162 ipsa
1906 3076 2228 3141 Societate
2276 3074 2636 3161 sigillorum
2682 3073 3077 3160 appensione
3126 3072 3425 3136 munitas.

1382 3184 1625 3248 Datum
1674 3181 1983 3247 Laterani
2030 3182 2217 3246 nonis
2259 3181 2566 3265 januarii,
2616 3180 3025 3267 pontificatus
3077 3179 3276 3243 nostri
3325 3199 3494 3243 anno
3540 3178 3900 3242 undecimo.

2897 3499 3148 3564 XXIV.

2711 3715 2907 3797 1:227,
2955 3714 2996 3775 5
3043 3715 3342 3778 ianuarii.

2158 3929 2262 3993 Ex
2308 3928 2535 3993 eodem
2581 3936 2755 3993 tomo
2801 3927 3155 4010 XXXVI„
3205 3949 3377 3991 num.
3426 3927 3772 3991 LXXVII.
3807 3927 3885 3992 (1)

1376 4144 1712 4211 Honorius
1758 4144 1888 4209 III.
1933 4143 2169 4208 illustri
2213 4142 2657 4207 Romanorum
2704 4142 3078 4228 imperatori
3123 4164 3376 4228 semper
3429 4149 3705 4227 augusto
3767 4148 3832 4206 et
3891 4142 4032 4226 regi
4094 4142 4330 4207 Sicilie.
4377 4142 4539 4227 Ejus
4595 4144 4826 4227 locum,

1198 4255 1350 4321 licet
1397 4255 1719 4337 immeriti,
1755 4254 2117 4319 obtinentes
2158 4254 2226 4318 in
2270 4253 2478 4335 terris,
2513 4274 2636 4338 que
2683 4274 2816 4338 pax
2864 4260 3083 4317 nostra
3129 4251 3282 4316 fecit
3328 4260 3599 4336 utraque
3647 4273 3864 4334 unum,
3900 4252 4060 4315 duos
4103 4252 4382 4338 parietes
4422 4252 4754 4317 venientes
4795 4275 4831 4318 e

1198 4363 1454 4428 diverso
1502 4363 1902 4447 conjungens
1950 4361 2014 4425 in
2062 4382 2131 4425 se
2178 4361 2317 4447 ipso
2366 4360 2578 4446 lapide
2626 4360 2948 4445 angulari,
2996 4359 3407 4424 nascentibus
3455 4358 3762 4422 debemus
3810 4358 4073 4423 obviare
4120 4359 4477 4442 discordiis,
4511 4368 4576 4424 et
4624 4360 4831 4425 inten-

1197 4470 1350 4535 dere
1412 4470 1684 4534 sollicite
1745 4490 1819 4533 ac
1876 4468 2219 4554 diligenter
2266 4468 2350 4532 ad
2395 4489 2507 4548 ea,
2555 4489 2679 4554 que
2727 4474 2877 4532 sunt
2924 4466 3261 4531 concordie
3327 4466 3592 4530 unitatis
3641 4472 3706 4530 et
3749 4466 3946 4551 pacis.
3998 4464 4161 4529 Cum
4208 4486 4363 4551 ergo
4411 4487 4615 4552 nuper
4663 4469 4832 4532 inter

1196 4586 1259 4642 te
1316 4599 1391 4642 ac
1451 4576 1841 4642 Societatem
1883 4574 2311 4658 Lombardie,
2359 4574 2780 4657 Romaniole,
2829 4581 3022 4660 atque
3070 4573 3357 4638 Marchie
3405 4572 3727 4638 discordia
3775 4578 3915 4636 orta
3962 4580 4167 4655 esset,
4219 4594 4371 4654 nos,
4421 4575 4826 4639 attendentes

1197 4684 1368 4771 quod
1414 4706 1538 4767 res,
1588 4684 1711 4747 nisi
1759 4683 2177 4748 obsisteretur
2222 4682 2572 4768 principiis,
2622 4682 2937 4746 afferebat
2985 4680 3510 4766 impedimentum
3556 4680 3815 4764 negotio
3863 4686 4033 4743 terre
4082 4686 4342 4761 sancte,
4393 4702 4509 4765 pro
4558 4702 4684 4766 quo
4732 4690 4842 4746 est

1194 4798 1376 4855 tanto
1437 4798 1725 4876 tempore
1785 4789 2185 4872 laboratum,
2232 4788 2501 4873 dignum
2561 4788 2864 4852 duximus
2927 4787 3334 4872 interponere
3399 4794 3616 4871 partes
3679 4792 3949 4850 nostras
4000 4785 4093 4850 Te
4141 4786 4342 4870 igitur
4399 4792 4464 4850 et
4523 4787 4827 4872 predictis

1193 4905 1401 4963 totum
1448 4898 1661 4984 ipsum
1706 4896 2037 4982 negotium
2084 4896 2148 4960 in
2198 4904 2417 4960 nostra
2463 4904 2527 4960 et
2572 4895 2847 4959 fratrum
2896 4901 3258 4977 nostrorum
3305 4893 3710 4979 providentia
3742 4899 3807 4956 et
3837 4892 4254 4979 dispositione
4297 4893 4497 4958 libere
4532 4915 4606 4958 ac
4640 4895 4828 4960 abso·

1191 5006 1327 5070 lute
1376 5005 1798 5092 ponentibus,
1848 5003 2040 5090 idque
2106 5003 2583 5068 declarantibus
2645 5024 2761 5087 per
2810 5003 3030 5066 literas
3077 5009 3140 5065 et
3186 5000 3448 5087 publica
3495 5001 3919 5064 instrumenta
3983 5022 4102 5064 nec
4163 5022 4287 5064 non
4348 5022 4462 5087 per
4508 5002 4828 5067 solemnes

1193 5119 1644 5199 procuratores
1702 5118 1768 5176 et
1830 5111 2088 5175 nuntios
2150 5117 2413 5197 propter
2473 5111 2594 5174 hoc
2660 5109 2742 5173 ab
2790 5115 3062 5194 utraque
3110 5116 3294 5193 parte
3343 5107 3426 5171 ad
3473 5114 3758 5172 nostram
3807 5108 4196 5192 presentiam
4243 5107 4633 5191 destinatos,
4683 5132 4829 5174 cum

1191 5220 1359 5284 inter
1409 5227 1624 5285 cetera
1671 5219 1899 5283 fuisset
1948 5240 2032 5282 ex
2079 5225 2262 5304 parte
2317 5225 2431 5281 tua
2489 5216 2925 5303 propositum,
2975 5215 3182 5301 quod,
3232 5215 3623 5302 impediente
3688 5214 4009 5279 Societate
4069 5214 4393 5299 predicta,
4443 5215 4827 5301 nequiveras

1188 5328 1381 5412 juxta
1427 5326 1828 5414 propositum
1875 5333 2056 5390 tuum
2103 5324 2451 5411 procedere
2499 5331 2722 5389 contra
2771 5324 3158 5410 pravitatem
3204 5323 3584 5405 hereticam,
3633 5343 3756 5407 que
3803 5330 4022 5407 partes
4070 5321 4217 5385 illas
4264 5321 4496 5386 dicitur
4541 5325 4828 5407 graviter

1193 5434 1513 5516 infecisse,
1553 5455 1629 5497 ac
1676 5433 1968 5498 relevare
2015 5432 2383 5496 libertatem
2430 5431 2952 5513 ecclesiasticam,
2988 5452 3111 5516 que
3159 5429 3396 5493 ibidem
3435 5429 3871 5514 multipliciter
3904 5428 4315 5492 asserebatur
4348 5450 4675 5515 oppressa,
4710 5452 4828 5495 nec

1193 5563 1543 5628 procurare
1595 5540 1953 5605 subsidium
1998 5548 2166 5604 terre
2213 5548 2455 5621 sancte,
2489 5547 2753 5626 propter
2801 5538 2972 5625 quod
3019 5537 3385 5624 specialiter
3431 5536 3514 5600 ad
3559 5543 3775 5621 partes
3821 5537 3993 5621 ipsas
4040 5536 4321 5600 duxeras
4368 5536 4825 5620 accedendum,

1194 5650 1498 5736 quodque
1550 5648 1790 5735 captivi
1836 5648 1953 5712 tibi
2000 5655 2223 5713 contra
2264 5649 2373 5732 jus
2419 5655 2483 5712 et
2527 5647 2839 5711 honorem
2885 5645 3140 5731 imperii
3185 5645 3444 5708 fuerant
3490 5643 3810 5728 denegati,
3848 5665 3966 5708 nos
4000 5644 4076 5707 iis
4109 5651 4174 5708 et
4206 5644 4369 5725 aliis,
4405 5666 4528 5729 que
4565 5644 4828 5710 fuerunt

1191 5757 1342 5821 hinc
1391 5756 1539 5821 inde
1587 5756 1936 5843 proposita,
1987 5755 2239 5841 plenius
2287 5754 2648 5837 intellectis,
2698 5754 2778 5817 de
2826 5753 3231 5840 providentia
3278 5752 3369 5815 sic
3415 5750 3718 5814 duximus
3766 5751 4205 5841 statuendum,
4256 5758 4326 5814 ut
4373 5759 4476 5832 tu,
4527 5751 4826 5817 videlicet

1189 5886 1308 5953 pro
1358 5864 1723 5928 reverentia
1771 5862 2076 5927 Crucifixi
2123 5870 2189 5926 et
2235 5862 2493 5947 negotio
2542 5870 2711 5926 terre
2758 5868 2979 5925 sancte
3026 5868 3137 5924 tuo
3184 5866 3248 5923 et
3295 5859 3408 5922 filii
3463 5859 3558 5923 tui
3620 5880 3696 5922 ac
3757 5858 4006 5943 imperii
4062 5859 4346 5941 nomine,
4395 5858 4474 5922 iis
4520 5861 4630 5944 qui
4678 5868 4827 5923 sunt

1184 5973 1269 6036 de
1320 5972 1642 6037 Societate
1685 5972 1824 6055 jam
1866 5971 2059 6053 dicta,
2093 5971 2544 6035 universaliter
2590 5970 2863 6056 singulis
2911 5977 2975 6033 et
3022 5968 3437 6054 singulariter
3483 5967 3800 6030 universis
3845 5968 4133 6030 remittas
4181 5988 4434 6030 omnem
4467 5988 4824 6048 rancorem,

1187 6080 1717 6163 malivolentiam,
1754 6078 2026 6163 injurias
2073 6086 2139 6143 et
2185 6079 2483 6159 offensas,
2518 6078 2733 6143 omnia
2765 6098 3018 6164 quoque
3051 6077 3292 6158 banna,
3325 6073 3841 6156 constitutiones,
3876 6073 4225 6138 sententias
4258 6082 4322 6138 et
4355 6074 4823 6157 ordinamenta,

1187 6208 1311 6273 que
1360 6186 1569 6250 fecisti
1618 6186 1721 6250 vel
1768 6186 2126 6273 imposuisti
2173 6208 2290 6272 per
2335 6192 2398 6249 te
2446 6184 2550 6249 vel
2598 6206 2714 6271 per
2760 6184 2995 6265 alium,
3041 6181 3292 6246 aliusve
3339 6201 3456 6266 pro
3513 6187 3575 6244 te
3625 6179 3934 6244 Societati
3981 6179 4086 6243 vel
4133 6180 4324 6244 alicui
4371 6180 4449 6243 de
4500 6180 4824 6246 Societate

1347 6420 1425 6485 (l)
1466 6418 1547 6469 Ex
1588 6418 1824 6487 Registr.
1854 6416 1919 6468 V.
1960 6416 2186 6468 Honorii
2212 6414 2346 6481 111.,
2375 6415 2533 6484 epist.
2561 6418 2682 6481 442,
2710 6415 2804 6467 fol.
2837 6415 2953 6479 157,
2992 6412 3409 6479 MCCXXVII„
3437 6411 3504 6464 V.
3536 6413 3795 6480 januarii.
3823 6491 3831 6511 .
