5542 7775
1287 633 1387 705 60
2865 652 3346 703 MONUMENTA

1285 809 1550 893 diolani,
1583 811 1649 874 in
1698 809 2027 897 presentia
2072 809 2476 873 dominorum
2524 808 2851 873 Leonardi
2897 808 3111 894 Longi
3158 808 3237 872 (16
3283 808 3598 874 Viridono
3645 815 3829 896 porte
3874 808 4191 892 Ucelline‚
4223 814 4288 873 et
4324 807 4571 873 Prioris
4602 807 4926 873 Antiano·

1286 940 1431 982 rum
1478 918 1714 1004 Populi
1759 916 2134 1000 Mediolani,
2182 924 2248 980 et
2293 917 2502 981 Zanni
2547 916 2626 980 de
2673 916 2978 1002 Birizago
3021 916 3418 1003 jurisperiti3
3467 924 3532 980 et
3577 917 3833 981 Alberti
3880 916 3960 980 de
4009 915 4312 1000 Osenago
4358 924 4542 1002 porte
4589 915 4923 996 Romane,

1288 1027 1399 1112 qui
1446 1033 1595 1089 sunt
1640 1025 1719 1088 (16
1768 1024 2081 1089 Anzianis
2126 1024 2363 1111 Populi
2409 1023 2797 1106 Mediolani,
2847 1031 2912 1088 et
2975 1023 3335 1110 Guasparri
3395 1023 3567 1088 Selle
3631 1031 3814 1109 porte
3880 1023 4261 1106 Ticinensis,
4310 1023 4595 1087 omnium
4642 1023 4926 1087 civitatis

1287 1133 1662 1216 Mediolani,
1709 1133 1971 1196 testium
2017 1139 2391 1217 rogatorum
2440 1138 2504 1195 61
2549 1136 2947 1213 vocatorum,
2997 1131 3294 1196 dominus
3338 1130 3783 1195 Bernardinus
3829 1130 3909 1195 de
3955 1130 4276 1213 Pollenta,
4330 1130 4629 1194 Potestas
4676 1129 4926 1195 Medio-

1286 1240 1451 1324 lani,
1499 1246 1563 1304 et
1611 1239 1907 1304 dominus
1954 1239 2289 1304 Johannes
2337 1238 2416 1303 de
2466 1238 2831 1324 Pergolinis
2879 1239 3017 1302 eius
3060 1238 3266 1324 judex
3313 1247 3377 1303 et
3424 1259 3732 1321 assessor,
3779 1245 4206 1325 preceperunt
4251 1237 4410 1302 mihi
4454 1237 4794 1302 Manfredo
4842 1237 4926 1302 (16

1290 1348 1619 1434 86166316,
1669 1346 1921 1412 6616116
1970 1347 2382 1433 infrascripto
2429 1345 2710 1410 civitatis
2756 1345 3131 1428 Mediolani,
3180 1354 3251 1410 ut
3296 1345 3601 1411 debe‘rem
3644 1346 4042 1410 66166116616
4089 1352 4154 1410 61
4200 1345 4527 1409 1661116616
4581 1352 4645 1409 61
4691 1344 4757 1409 16
4801 1366 4925 1432 pu-

1286 1456 1524 1521 blicam
1570 1463 1635 1521 et
1682 1455 2122 1520 authenticam
2170 1454 2445 1518 formam
2502 1453 2797 1538 redigere
2843 1452 3322 1540 infrascriptam
3381 1453 3769 1518 sententiam
3825 1459 3889 1517 et
3954 1453 4366 1540 infrascripta
4414 1452 4657 1535 omnia,
4706 1453 4796 1516 ita
4854 1461 4928 1517 ut

1284 1571 1599 1651 perpetuo
1646 1563 1959 1627 valeant.
1995 1611 2010 1626 .
2049 1610 2062 1624 .
2100 1611 2114 1626 .
2151 1584 2167 1644 3
2216 1567 2402 1625 tenor
2448 1562 2634 1646 cujus
2681 1561 2997 1625 sententie
3044 1568 3109 1624 et
3156 1582 3428 1647 quorum
3475 1560 3760 1625 omnium
3805 1561 3955 1625 talis
4002 1567 4132 1626 est:

1466 1671 1542 1735 In
1592 1671 1850 1735 nomine
1896 1668 2181 1734 Domini.
2235 1669 2445 1754 Super
2492 1668 2833 1756 petitione,
2883 1668 3067 1752 cujus
3115 1675 3301 1732 tenor
3345 1668 3495 1732 talis
3541 1677 3671 1732 est:
3721 1668 3800 1732 In
3848 1667 4104 1732 nomine
4149 1668 4434 1751 Domini,
4473 1689 4692 1732 coram
4734 1667 4924 1733 161116

1287 1778 1637 1843 Guillelmo
1672 1776 2008 1842 Advocato
2056 1776 2421 1841 honorabili
2465 1776 2799 1840 Potestate
2831 1775 3184 1840 Mediolani
3215 1783 3280 1840 et
3312 1775 3585 1840 dominis
3617 1775 3995 1862 Napoleone
4027 1783 4093 1840 et
4124 1775 4471 1840 Francisco
4504 1775 4583 1839 de
4616 1776 4680 1839 la
4713 1776 4924 1840 Turre

1285 1886 1627 1952 comitibus
1673 1885 1971 1949 Venafrii
2035 1891 2099 1948 et
2159 1884 2574 1970 Sapientibus
2621 1890 2686 1949 et
2733 1883 3018 1948 Consilio
3063 1883 3452 1966 Mediolani,
3508 1883 3808 1971 proponit
3869 1883 4340 1969 querimoniose
4398 1882 4781 1948 Guilielmus
4843 1883 4926 1948 de

1284 1993 1587 2057 Pusterla
1650 1992 1808 2056 civis
1855 1998 2088 2073 vester,
2138 1989 2437 2076 qualiter,
2479 1989 2618 2077 ipso
2676 1989 2995 2054 existente
3057 1988 3391 2053 Potestate
3454 1990 3787 2054 civitatum
3833 1990 4126 2054 Bononie
4181 1995 4246 2054 et
4291 1989 4524 2054 Ymole
4585 1990 4811 2072 simul,
4860 1998 4928 2054 et

1286 2101 1578 2186 regimen
1625 2100 1837 2185 ipsum
1882 2098 2097 2164 debite
2145 2104 2209 2162 et
2256 2097 2531 2162 fideliter
2576 2104 2960 2180 exercente,
3008 2097 3173 2161 sicut
3232 2118 3350 2183 per
3405 2119 3657 2161 menses
3705 2097 3997 2184 proxime
4044 2098 4301 2183 elapsos
4347 2104 4676 2182 gesserat,
4724 2105 4926 2161 terra·

1287 2229 1430 2272 rum
1477 2208 1735 2271 illarum
1783 2206 1977 2289 cives,
2027 2206 2184 2270 ortis
2231 2205 2657 2270 seditionibus
2706 2205 3062 2288 intestinis,
3113 2205 3236 2270 sibi
3281 2205 3567 2290 regimen
3620 2205 3828 2291 ipsum
3876 2206 4171 2291 nequiter
4217 2205 4676 2288 turbaverunt,
4724 2205 4925 2291 impe·

1287 2314 1541 2379 dierunt
1590 2313 1851 2396 furiose,
1886 2321 1951 2378 et
1987 2313 2066 2377 de
2113 2335 2189 2377 eo
2238 2313 2448 2399 ipsum
2498 2313 2816 2377 violenter
2862 2319 2926 2377 et
2971 2313 3488 2400 vituperabiliter
3533 2314 3898 2397 ejecerunt3
3932 2334 4008 2377 ac
4049 2314 4308 2378 detento
4350 2313 4472 2377 sibi
4514 2313 4751 2376 salario
4783 2332 4923 2394 666,

1287 2421 1459 2508 666(1
1505 2428 1645 2486 6161
1694 2421 2005 2485 librarum
2053 2421 2178 2485 tria
2225 2421 2405 2484 milia
2453 2427 2710 2484 centum
2744 2419 3216 2506 quinquaginta
3263 2441 3302 2484 a
3351 2420 3626 2485 0616661
3655 2419 3968 2503 Β666616,
4003 2427 4067 2485 61
4111 2419 4275 2484 libre
4317 2420 4667 2506 quingente
4715 2441 4754 2483 a
4801 2419 4925 2484 Co·

1290 2530 1468 2593 muni
1509 2529 1745 2593 Ymole
1794 2535 2048 2592 monete
2096 2527 2546 2610 bononiensis,
2596 2528 2675 2591 (16
2724 2549 2852 2613 666
2900 2535 3149 2591 tantum
3192 2528 3329 2612 jam
3377 2549 3416 2590 a
3466 2527 3739 2592 0616661
3797 2527 4091 2592 Bononie
4138 2527 4338 2591 libras
4385 2528 4560 2591 mille
4612 2528 4926 2613 quinqua-

1287 2638 1469 2723 ginta
1516 2644 1581 2701 et
1628 2657 1666 2699 a
1715 2635 1988 2700 Comuni
2032 2635 2267 2699 Ymole
2316 2634 2514 2698 libras
2580 2642 2939 2699 trecentum
3001 2635 3270 2720 triginta
3334 2643 3464 2699 tres
3525 2643 3588 2699 et
3645 2634 3860 2699 soldos
3907 2656 4024 2699 sex
4078 2643 4142 2699 et
4204 2634 4503 2699 denarios
4557 2642 4700 2699 6616
4748 2656 4925 2699 rece-

1289 2752 1518 2832 perat,
1567 2767 1641 2808 ac
1691 2744 1843 2808 lesis
1906 2751 1969 2808 et
2017 2743 2372 2807 vulneratis
2435 2742 2616 2828 equis
2674 2743 2808 2806 suis
2855 2764 2972 2828 per
3018 2743 3190 2806 cives
3239 2743 3384 2807 illos
3431 2743 3496 2806 in
3543 2742 3767 2826 bellis,
3818 2743 3902 2807 ad
3948 2764 4072 2828 666
4117 2742 4464 2807 dividenda
4518 2750 4583 2808 et
4640 2742 4929 2808 sedanda

1290 2853 1574 2934 miserat,
1623 2853 1702 2916 de
1751 2873 1877 2937 quo
1926 2851 2009 2915 ad
2056 2850 2527 2914 restitutionem
2575 2849 2888 2913 librarum
2938 2849 3204 2935 triginta
3254 2850 3536 2935 quinque
3584 2857 3886 2915 tenentur
3931 2850 4162 2933 eidem,
4194 2871 4270 2915 66
4317 2850 4586 2937 prestito
4633 2872 4750 2938 per
4792 2849 4933 2914 An-

1288 2961 1511 3024 zianos
1544 2960 1679 3024 sive
1712 2957 2160 3042 Ministr[ale]s
2192 2958 2429 3044 Populi
2460 2957 2776 3038 Bononie,
2805 2958 3175 3040 juramento
3210 2979 3427 3021 661661
3460 2957 3718 3021 (1616166
3751 2957 4062 3022 Α6661616
4096 2958 4176 3021 (16
4208 2958 4461 3040 Alzate,
4495 2965 4560 3022 et
4592 2958 4730 3045 ipso
4763 2957 4934 3022 ordi·

1287 3074 1483 3131 nante
1517 3067 1596 3131 de
1639 3065 1952 3130 salvando
1987 3065 2126 3151 ipso
2159 3064 2417 3129 domino
2454 3064 2802 3128 Guilielmo
2836 3086 2911 3127 66
2945 3063 3137 3127 161166
3171 3064 3324 3146 6616,
3359 3086 3434 3128 66
3468 3086 3616 3128 6661
3649 3086 3794 3129 66111
3828 3064 4019 3128 161166
4066 3065 4197 3128 6616
4245 3087 4468 3129 666616
4515 3064 4934 3130 666(16666(16

1288 3197 1491 3261 66666
1540 3175 1621 3239 6(1
1672 3175 1999 3239 6111161661
2045 3173 2259 3258 Regii,
2296 3174 2434 3259 ipso
2477 3174 2847 3258 juramento
2898 3172 3215 3257 neglect0,
3250 3173 3423 3237 cives
3471 3172 3591 3260 ipsi
3638 3173 4013 3259 interposite
4061 3180 4126 3237 et
4171 3180 4661 3259 presumptuose
4709 3180 4936 3237 contra

1289 3281 1502 3346 Deum
1550 3289 1614 3345 61
1654 3281 1975 3366 justitiam
2022 3287 2087 3343 et
2133 3280 2432 3344 meritum
2482 3280 2820 3361 irruentes,
2870 3301 3019 3342 eum
3069 3280 3270 3361 lectis,
3321 3280 3629 3362 vestibus,
3675 3280 4077 3362 utensilibus,
4111 3279 4284 3344 vasis
4331 3280 4679 3365 argenteis,
4729 3280 4934 3366 equis,

1292 3389 1523 3472 armis,
1572 3389 1847 3475 pecunia
1890 3395 1953 3452 et
2001 3387 2194 3451 rebus
2243 3386 2820 3451 innumerabilibus
2870 3386 3309 3450 crudelissime
3357 3386 3736 3472 spoliarunt.
3785 3387 3864 3451 In
3912 3409 4039 3473 qua
4086 3386 4470 3474 spoliatione
4526 3387 4936 3452 abstulerunt

1291 3496 1413 3560 sibi
1462 3518 1565 3561 res
1612 3495 1880 3560 inferius
1926 3494 2287 3578 denotatas,
2336 3502 2609 3581 postque
2656 3494 2940 3580 oportuit
2987 3493 3195 3580 ipsum
3246 3493 3664 3558 Guilielmum
3705 3516 3904 3580 equos
3951 3501 4016 3559 et
4055 3517 4159 3559 res
4191 3494 4500 3582 plurimas
4543 3495 4933 3576 mendicare,

1289 3612 1354 3668 61
1401 3603 1481 3668 ad
1531 3603 1795 3690 propria
1842 3624 1988 3666 cum
2038 3601 2368 3666 laboribus
2416 3610 2482 3666 et
2526 3602 2831 3687 expensis
2877 3601 3171 3687 plurimis
3221 3600 3639 3666 obbrobriose
3685 3623 3995 3666 remeare.
4043 3601 4130 3666 Et
4175 3624 4322 3667 6661
4369 3602 4685 3667 06616616
4731 3609 4937 3667 terra·

1288 3733 1434 3776 rum
1481 3710 1775 3792 illarum,
1826 3731 1940 3774 seu
1987 3709 2274 3774 06111666
2321 3717 2387 3774 61
2433 3710 2726 3774 116611666
2786 3709 3081 3773 Bononie
3128 3729 3247 3794 pro
3293 3729 3362 3772 se
3409 3714 3474 3773 et
3522 3709 3691 3774 dicto
3739 3709 4013 3774 Comuni
4059 3709 4324 3793 Ymole,
4374 3710 4608 3796 quibus
4661 3710 4938 3775 06616111

1289 3826 1355 3884 61
1386 3818 1754 3883 hominibus
1784 3816 2080 3881 Bononie
2113 3817 2336 3882 subest
2370 3816 2658 3882 06166116
2698 3816 2957 3900 Ymole,
2993 3837 3108 3903 per
3153 3836 3268 3880 166
3316 3822 3380 3880 61
3426 3816 3909 3882 ambaxiatores
3953 3823 4203 3882 vestros
4249 3817 4676 3883 amicabiliter
4722 3819 4935 3906 requi-

1288 3929 1413 3992 sita
1459 3927 1700 3991 fuerint
1748 3947 1942 4011 super
1988 3925 2066 3990 iis
2112 3926 2483 4011 providere,
2533 3932 2597 3990 et
2643 3925 3115 3990 restitutionem
3179 3931 3243 3988 et
3304 3925 3822 3989 emendationem
3878 3926 4164 3990 debitam
4211 3926 4424 3992 facere
4473 3934 4935 4014 procurarent,

1289 4035 1432 4122 ipsi,
1476 4034 1816 4100 obstinatis
1863 4034 2093 4098 animis
2143 4040 2207 4097 et
2249 4034 2630 4119 contemptis
2678 4032 2978 4120 precibus
3025 4032 3277 4115 vestris,
3311 4054 3390 4096 ea
3436 4032 3652 4097 facere
3707 4034 4021 4098 tirannice
4068 4034 4492 4119 denegarunt.
4538 4034 4756 4109 Quare
4803 4057 4936 4099 me-

1288 4150 1576 4208 moratus
1626 4141 2013 4207 Guilielmus
2059 4141 2144 4205 ad
2190 4141 2316 4206 Dei
2358 4141 2679 4225 justitiam
2726 4148 2791 4206 et
2837 4146 3124 4205 vestrum
3171 4139 3528 4204 subsidium
3573 4142 3903 4206 humiliter
3948 4141 4315 4223 declinans,
4364 4164 4404 4205 a
4451 4141 4634 4206 vobis
4693 4143 4938 4230 suppli-

1290 4252 1451 4316 citer
1496 4250 1786 4335 requirit,
1837 4256 1906 4312 ut
1953 4249 2164 4312 eidem
2213 4248 2583 4331 Guilielmo,
2618 4249 2745 4312 civi
2792 4258 3028 4332 vestre,
3063 4271 3256 4337 super
3303 4251 3500 4315 tantis
3548 4249 3820 4331 damnis,
3856 4249 4173 4313 obrobriis
4218 4257 4283 4313 et
4331 4250 4604 4335 injuriis,
4646 4272 4938 4335 compas-

1289 4358 1489 4423 sionis
1547 4358 1833 4421 animum
1896 4356 2278 4420 exhibentes
2327 4364 2391 4419 et
2452 4363 2587 4420 tam
2650 4356 2872 4442 iniqua
2928 4364 2993 4421 et
3054 4357 3390 4422 horribilia
3452 4363 3516 4422 61
3563 4357 3916 4420 1611661666
3962 4357 4207 4421 6661616
4252 4359 4575 4444 patienter
4621 4358 4937 4421 sustinere

1291 4487 1420 4529 non
1466 4465 1795 4546 valentes,
1847 4464 2062 4528 saltim
2123 4464 2246 4528 sibi
2303 4463 2655 4528 concedere
2702 4465 3076 4529 solemniter
3121 4465 3371 4547 velitis,
3412 4472 3483 4528 ut
3531 4464 3916 4551 ubicumque
3965 4465 4044 4529 (16
4089 4466 4381 4552 1161661116
4429 4471 4493 4530 61
4539 4466 4733 4530 rebus
4781 4465 4936 4529 6111-

1290 4580 1497 4637 161616
1546 4573 1805 4637 illarum
1853 4579 1918 4636 et
1966 4572 2370 4636 districtuum
2418 4593 2643 4636 earum
2689 4572 2980 4636 invenire
3027 4573 3292 4658 poterit,
3342 4572 3558 4658 capiat
3603 4579 3668 4636 61
3712 4572 3998 4636 (16116661
4046 4594 4165 4636 666
4221 4574 4604 4638 66616111616
4665 4581 4729 4637 61
4792 4570 4944 4637 cum'

1292 4682 1516 4745 nuntio
1562 4688 1625 4744 et
1674 4681 1811 4744 sine
1876 4679 2101 4744 nuntio
2160 4679 2465 4744 Comunis
2512 4701 2715 4765 usque
2764 4679 2847 4743 ad
2896 4680 3404 4744 satisfactionem
3450 4679 3603 4743 dicti
3665 4679 3884 4743 salarii
3933 4680 4034 4744 sui
4080 4690 4145 4745 61
4191 4680 4628 4745 extimationis
4673 4679 4937 4744 lesionis

1291 4809 1604 4874 equorum
1652 4810 1914 4852 6661661
1963 4795 2026 4850 61
2074 4808 2289 4851 161661
2336 4787 2703 4851 61116161661
2756 4787 2968 4852 61(1661
3029 4795 3094 4852 61
3149 4787 3391 4851 familie
3441 4809 3584 4870 sue,
3633 4809 3748 4851 seu
3810 4787 4302 4852 extimationum
4367 4795 4430 4852 et
4477 4787 4937 4874 redemptionis

1289 4918 1513 4960 661661
1577 4902 1642 4959 61
1704 4895 2085 4958 damnorum
2149 4902 2214 4958 et
2276 4893 2585 4959 interesse
2649 4902 2713 4958 et
2758 4917 3105 4959 usurarum
3171 4902 3235 4959 et
3283 4895 3585 4981 expensis
3641 4895 3932 4982 preteriti
3994 4896 4300 4982 temporis
4362 4902 4427 4960 et
4488 4894 4723 4978 futuri,
4772 4893 4938 4958 sicut

1290 5003 1560 5068 inferius
1617 5010 1715 5067 est
1776 5008 2068 5066 notatum
2117 5023 2192 5066 66
2243 5022 2445 5088 66666
2494 5001 2577 5065 6(1
2627 5002 3139 5067 satisfactionem
3186 5002 3406 5067 decem
3455 5001 3702 5065 milium
3748 5001 4062 5066 librarum
4108 5009 4363 5067 monete
4408 5002 4936 5084 mediolanensis,

1289 5112 1353 5175 in
1406 5111 1639 5197 quibus
1688 5109 1960 5195 injurias
2006 5131 2157 5173 suas
2204 5116 2470 5195 propter
2515 5131 2618 5174 res
2665 5111 2935 5174 amissas
2984 5110 3255 5174 extimat
3303 5116 3367 5174 et
3414 5109 3650 5173 damna
3698 5131 3834 5173 sua.
3877 5109 3964 5173 Et
4011 5110 4120 5196 qui
4164 5110 4420 5195 quidem
4454 5109 4750 5174 dominus
4785 5108 4939 5173 Gui-

1289 5219 1546 5284 lielmus
1594 5226 1816 5281 mutuo
1866 5218 2118 5304 accepit
2165 5216 2363 5280 libras
2412 5224 2821 5281 octocentum
2865 5217 3352 5281 bononenorum
3397 5238 3515 5302 pro
3571 5216 3961 5282 redimendis
4003 5217 4387 5302 quibusdam
4435 5239 4520 5281 ex
4565 5217 4759 5281 rebus
4806 5217 4939 5281 suis

1286 5347 1327 5390 a
1382 5326 1640 5390 domino
1687 5325 1961 5390 Alberto
2011 5324 2455 5408 CazanimicO,
2499 5324 2583 5389 ad
2629 5332 3004 5412 computum
3047 5324 3461 5388 denariorum
3505 5324 3700 5389 trium
3745 5347 3862 5410 1116
3910 5325 4076 5388 111116
4123 5324 4188 5389 16
4253 5346 4500 5408 616666,
4551 5346 4666 5411 1116
4729 5332 4937 5411 116116.

1286 5433 1419 5497 Res
1466 5454 1622 5497 1616
1670 5438 1819 5495 6661
1869 5431 2023 5495 iste:

1467 5540 1545 5604 In
1592 5539 1816 5625 primis
1864 5538 2132 5602 brachia
2181 5539 2558 5624 octuaginta
2604 5538 2683 5603 de
2732 5539 3067 5603 stamforte
3115 5560 3231 5625 pro
3280 5538 3567 5602 vestibus
3617 5538 3911 5621 militum,
3946 5538 4184 5604 valoris
4233 5540 4542 5604 librarum
4589 5538 4934 5625 sexaginta

1289 5646 1894 5711 bononenorum(¹).
1944 5646 2115 5710 Item
2161 5668 2359 5711 unum
2409 5648 2842 5734 copertorium
2888 5647 2967 5711 de
3016 5646 3346 5732 vermegio
3394 5653 3458 5710 et
3504 5646 3786 5729 blaveto,
3834 5647 4143 5730 listatum‚
4191 5647 4518 5711 fodratum
4562 5646 4642 5712 de
4691 5648 4937 5712 zanetis

1290 5755 1530 5820 valoris
1563 5755 1877 5818 librarum
1925 5754 2289 5840 sexaginta.
2325 5754 2489 5818 Item
2541 5776 2740 5818 unum
2789 5755 3213 5819 matarazium
3252 5754 3331 5818 (16
3364 5754 3594 5819 samito
3627 5754 3867 5818 valoris
3899 5754 4211 5818 librarum
4244 5753 4735 5841 quinquaginta.
4769 5755 4938 5820 Item

1289 5863 1497 5927 cultra
1544 5884 1673 5926 una
1723 5862 1802 5926 de
1852 5862 2127 5926 zendato
2176 5862 2467 5947 usmegio
2516 5862 2755 5925 valoris
2803 5862 3118 5926 librarum
3155 5862 3518 5947 sexaginta.
3553 5861 3720 5926 Item
3754 5862 4184 5948 copertorium
4215 5884 4414 5926 unum
4447 5862 4526 5927 de
4559 5863 4840 5928 scarlata
4873 5871 4938 5927 61

1288 5977 1564 6053 1661616,
1601 5970 1910 6051 1161616111,
1947 5969 2271 6034 fodratum
2306 5969 2386 6033 de
2421 5969 2625 6052 16116,
2659 5970 2900 6033 1616116
2932 5970 3243 6034 librarum
3275 5976 3532 6033 centum
3564 5969 3796 6054 viginti
3829 5977 3993 6034 octo,
4041 5969 4207 6035 Item
4243 5969 4370 6034 duo
4402 5970 4586 6056 paria
4633 5969 4939 6034 robarum

1285 6100 1402 6165 1116
1453 6078 1809 6143 domicellis
1858 6078 1936 6142 de
1986 6078 2250 6163 grisello
2299 6085 2362 6141 et
2411 6077 2617 6141 viride
2665 6077 3076 6141 brachiorum
3126 6077 3357 6161 viginti
3404 6076 3708 6162 quinque,
3754 6078 3995 6141 valoris
4051 6077 4362 6141 librarum
4410 6078 4639 6162 viginti
4699 6098 4815 6141 sex
4875 6085 4940 6141 et

1287 6186 1616 6251 soldorum
1680 6186 1983 6272 quinque.
2036 6186 2202 6250 Item
2251 6186 2377 6249 duo
2426 6186 2732 6272 capitalia
2782 6206 2980 6249 unum
3027 6185 3106 6249 de
3157 6185 3386 6249 samito
3434 6191 3498 6249 et
3544 6207 3743 6249 unum
3788 6186 3867 6250 (16
3913 6207 4080 6271 gasu
4125 6185 4365 6249 valoris
4411 6185 4721 6249 librarum
4770 6192 4934 6251 6616.

1285 6293 1455 6358 Item
1501 6315 1633 6357 una
1681 6315 1867 6358 sarza
1916 6294 2116 6358 rubea
2168 6294 2406 6359 valoris
2455 6293 2766 6358 librarum
2815 6292 3173 6358 duodecim.
3223 6292 3390 6357 Item
3448 6292 3573 6356 due
3629 6293 3990 6379 bragonere
4061 6293 4376 6380 complete
4440 6300 4505 6357 et
4565 6314 4694 6357 una
4758 6293 4938 6357 falda

1448 6510 1527 6575 (1)
1567 6507 1777 6561 Giulini
1817 6510 1967 6562 addit
2007 6526 2037 6559 α
2077 6510 2412 6561 tertiolorum
2452 6525 2513 6573 »3
2553 6508 2813 6576 deinceps
2851 6524 3068 6576 semper
3106 6507 3270 6560 hasce
3309 6511 3555 6559 monetas
3593 6507 3715 6559 loeo
3752 6507 4026 6558 librarum
4064 6506 4459 6559 bononenorum
4497 6509 4668 6577 ponit.
