5542 7775
1219 558 1372 627 244
2802 576 3287 628 uonmnn

1213 732 1454 795 rustico
1503 752 1628 796 non
1679 738 2086 795 remanerent
2135 753 2294 795 xxx.
2329 732 2555 795 corbes
2603 731 2911 797 frumenti
2962 754 3078 819 pro
3124 732 3331 797 tribus
3365 731 3658 817 partibus
3691 732 3993 797 laborerii
4028 732 4221 796 boum
4258 731 4431 796 illius
4464 708 4636 814 anni,
4670 732 4867 796 dedu·

1212 839 1332 903 ctis
1366 838 1697 902 laboribus
1727 846 1790 902 et
1824 838 2129 924 expensis
2162 839 2336 901 circa
2367 838 2588 920 boves,
2619 848 2684 903 et
2716 860 2918 925 opera
2950 840 3222 926 predicti
3268 838 3575 904 laborerii
3624 848 3891 926 propter
3934 839 4345 904 sterilitatem
4380 839 4487 904 vel
4533 839 4865 905 infirmita-

1213 954 1342 1010 tem
1389 946 1612 1010 rustici
1664 945 1766 1009 vel
1813 944 2018 1027 bovis,
2055 945 2159 1009 vel
2193 944 2322 1009 alio
2356 966 2511 1009 casu
2545 946 2835 1028 fortuit0,
2870 946 3039 1032 quod
3076 968 3201 1010 non
3236 953 3536 1011 teneatur
3570 946 3779 1010 dictus
3820 947 4119 1011 rusticus.
4155 946 4279 1011 Sed
4313 954 4529 1012 tamen
4572 954 4867 1011 teneatur

1214 1075 1333 1140 pro
1368 1060 1531 1133 rata,
1565 1060 1630 1118 et
1663 1053 1717 1116 si
1749 1052 1948 1117 nichil
1981 1053 2267 1117 lucretur
2301 1053 2364 1116 in
2401 1052 2711 1117 nichilum
2759 1062 3081 1135 teneatur,
3114 1054 3228 1119 sed
3262 1062 3563 1119 teneatur
3594 1054 3895 1118 dominus
3928 1054 4199 1119 reddere
4231 1055 4354 1119 sibi
4384 1055 4867 1120 extimationem

1216 1180 1558 1245 operarum
1607 1158 1847 1222 laboris
1893 1157 2049 1222 dicti
2093 1159 2339 1242 rustici,
2384 1166 2448 1222 et
2496 1158 2805 1223 laborerii
2851 1181 2970 1246 pro
3018 1166 3251 1245 quarta
3296 1168 3513 1246 parte,
3561 1160 3617 1223 si
3666 1159 3941 1225 rusticus
3988 1160 4373 1246 perdidisset
4418 1182 4651 1247 operas
4693 1183 4864 1245 suas,

1212 1274 1276 1331 et
1326 1288 1443 1354 pro
1490 1265 1660 1330 dicta
1714 1265 1989 1352 probare
2037 1274 2336 1331 teneatur
2382 1267 2661 1331 rusticus
2708 1288 2826 1353 per
2872 1266 3035 1330 duos
3080 1266 3283 1331 bonos
3324 1274 3390 1331 et
3420 1266 3667 1352 legales
3708 1267 3882 1331 viros
3913 1288 4064 1332 suos
4096 1267 4365 1349 vicinos,
4399 1268 4509 1353 qui
4535 1269 4757 1352 jurent
4786 1269 4866 1334 de

1215 1373 1619 1454 credulitate,
1669 1381 1734 1438 et
1782 1373 1918 1460 ipse
1969 1373 2138 1439 idem
2185 1374 2463 1438 rusticus
2506 1375 2684 1458 juret
2731 1373 2905 1460 quod
2952 1374 3037 1437 ita
3088 1374 3173 1438 sit
3218 1375 3313 1439 rei
3355 1374 3620 1439 veritas.

1392 1480 1572 1545 Talis
1621 1480 1744 1545 fnit
1800 1480 2134 1545 confessus
2197 1480 2502 1547 habuisse
2547 1502 2586 1545 a
2635 1481 2751 1545 tali
2800 1504 2867 1545 x.
2914 1480 3117 1545 libras
3166 1488 3671 1546 ravennatorum
3719 1480 3803 1545 ad
3852 1480 4277 1545 laborandum
4323 1480 4389 1545 in
4434 1480 4553 1545 tali
4599 1488 4738 1547 arte
4782 1482 4867 1547 ad

1217 1596 1517 1674 quartam
1562 1596 1816 1674 partem
1861 1587 2045 1669 lucri,
2092 1594 2158 1652 et
2207 1609 2333 1651 non
2381 1588 2557 1653 dices
2605 1588 2694 1653 ibi
2741 1588 2823 1652 de
2872 1588 3153 1674 dampno
3202 1587 3453 1669 addito,
3502 1596 3567 1651 et
3614 1609 3761 1653 cum
3807 1587 4001 1651 fuerit
4049 1587 4134 1651 ad
4178 1587 4427 1671 locum,
4476 1589 4589 1653 ubi
4633 1588 4866 1654 dicitur

1214 1694 1597 1782 promittens
1643 1695 1984 1760 restituere
2030 1694 2240 1761 eidem
2287 1694 2526 1760 dictam
2573 1696 2846 1782 pecunie
2895 1695 3325 1781 quantitatem
3372 1716 3517 1759 cum
3582 1694 3755 1759 dicta
3818 1702 4051 1779 quarta
4110 1702 4295 1781 parte
4358 1696 4559 1776 lucri,
4606 1696 4743 1761 sive
4786 1718 4865 1762 eo

1217 1804 1429 1869 minus
1475 1812 1784 1889 quantam
1833 1803 2028 1869 fuerit
2077 1812 2308 1889 quarta
2355 1802 2620 1890 dampni
2666 1804 2863 1886 dices,
2896 1804 3034 1867 sive
3068 1824 3144 1869 eo
3178 1804 3389 1867 minus
3422 1812 3733 1890 quantum
3775 1803 3968 1868 fuerit
4014 1812 4222 1868 totum
4263 1803 4615 1891 dampnum
4646 1805 4863 1870 divino

1200 1911 1447 1995 judicio
1495 1910 1598 1975 vel
1646 1932 1802 1975 casu
1847 1910 2114 1976 fortuito
2161 1911 2300 1975 sine
2346 1911 2548 1997 ipsius
2593 1911 2903 1976 debitoris
2952 1910 3143 1997 culpa
3189 1911 3295 1976 vel
3341 1910 3490 1975 dolo
3546 1912 3613 1975 in
3668 1910 3841 1975 dicta
3903 1911 4296 1975 mercatione
4358 1920 4673 1977 secutum.
4718 1911 4862 1998 Ego

1215 2026 1372 2106 puto
1419 2017 1822 2082 addendum:
1856 2028 1920 2082 et
1969 2040 2046 2083 eo
2094 2019 2304 2082 minus
2353 2026 2666 2104 quantum
2712 2018 2909 2083 fuerit
2949 2018 3121 2104 quod
3166 2018 3247 2083 de
3293 2039 3411 2082 suo
3457 2018 3765 2105 expendit
3798 2039 3913 2104 pro
3948 2026 4181 2103 quarta
4224 2026 4409 2104 parte
4456 2025 4523 2083 et
4553 2026 4863 2105 quantum

1213 2126 1388 2213 capit
1435 2136 1668 2212 quarta
1715 2147 1867 2213 pars
1913 2126 2353 2191 extimationis
2401 2147 2765 2212 operarum.
2800 2126 2926 2190 Vel
2960 2126 3086 2207 sic;
3118 2134 3183 2191 et
3229 2147 3307 2192 eo
3357 2127 3568 2191 minus
3614 2134 3929 2211 quantum
3976 2125 4187 2212 capiet
4236 2134 4469 2212 quarta
4514 2147 4668 2213 pars
4712 2149 4863 2214 ope·

1215 2255 1434 2298 rarum
1480 2242 1546 2298 et
1592 2255 2028 2320 expensarum
2073 2232 2154 2297 de
2199 2254 2316 2297 suo
2363 2232 2684 2298 factarum
2731 2234 2905 2299 circa
2952 2234 3467 2319 negociationem
3511 2254 3657 2298 cum
3703 2232 3875 2298 dicta
3920 2233 4197 2319 pecunia
4244 2233 4697 2299 exercendam.
4736 2234 4861 2299 Vel

1215 2362 1344 2405 non
1391 2362 1595 2427 ponas
1645 2340 1805 2405 illud
1855 2340 2143 2421 verbum,
2185 2341 2458 2405 scilicet:
2508 2341 2728 2405 divino
2768 2342 3037 2426 judicio,
3070 2341 3175 2405 vel
3222 2362 3377 2406 casu
3426 2341 3712 2406 fortuito.
3762 2339 3891 2404 Sed
3938 2340 4117 2405 dicas
4162 2340 4293 2404 sic:
4343 2341 4481 2405 sive
4526 2362 4605 2405 eo
4653 2342 4863 2406 minus

1218 2456 1534 2533 quantum
1565 2448 1760 2513 fuerit
1791 2455 1997 2512 totum
2030 2448 2403 2534 dampnum,
2437 2448 2576 2512 sine
2623 2449 2825 2534 ipsius
2870 2448 3178 2512 debitoris
3226 2448 3419 2534 culpa
3464 2447 3570 2512 vel
3615 2446 3765 2511 dolo
3810 2447 3877 2511 in
3919 2448 4093 2512 dicta
4125 2447 4518 2513 mercatione
4548 2458 4862 2531 secutum,

1214 2566 1277 2620 et
1325 2556 1416 2619 sic
1465 2556 1700 2642 poterit
1747 2556 2080 2620 laborator
2123 2555 2440 2619 deducere
2488 2556 2978 2620 extimationem
3024 2576 3369 2641 operarum
3414 2563 3479 2620 et
3526 2554 3854 2642 impendia
3902 2576 4029 2642 que
4075 2555 4157 2619 de
4203 2577 4323 2620 suo
4368 2554 4544 2620 feeit.

2964 2876 3120 2941 VII.

2796 3090 3051 3155 Saeculo
3098 3088 3211 3154 XI
3224 3088 3296 3154 Γ.

1215 3301 1322 3366 Ex
1367 3323 1563 3389 opere
1611 3304 1712 3367 cui
1761 3304 1860 3369 tit.
1893 3303 1962 3367 F
1959 3306 2116 3368 Iores
2165 3306 2431 3368 ret-itatis
2468 3307 2929 3390 yramnmticae,
2962 3326 3001 3367 a
3034 3304 3344 3390 magistro
3376 3303 3738 3368 Bertolutio
3770 3304 4125 3390 composito
4156 3324 4327 3368 saec.
4360 3302 4546 3367 XIV.
4570 3353 4588 3385 ,
4622 3303 4687 3367 in
4718 3302 4862 3368 eod.

1397 3411 1526 3474 iam
1573 3411 1747 3498 apud
1795 3411 2043 3476 clariss.
2077 3411 2173 3476 Io.
2209 3411 2521 3477 Chrisost.
2563 3411 2940 3494 Trombelli,
2989 3412 3292 3476 abbatem
3338 3412 3547 3475 sancti
3605 3411 3987 3493 salvatoris,
4038 3432 4207 3476 nunc
4254 3411 4319 3475 in
4368 3410 4541 3475 Bibl.
4592 3410 4871 3476 Univer-

1395 3519 1607 3582 sitatis
1653 3518 1894 3584 bonon.
1929 3518 2098 3583 inter
2142 3518 2327 3583 codd.
2360 3540 2412 3583 s.
2449 3518 2663 3601 Salsa,
2698 3519 2819 3583 sub
2867 3541 3043 3583 num.
3077 3522 3274 3601 2619,
3324 3540 3455 3584 car.
3490 3521 3530 3583 3
3579 3541 3669 3601 r.,
3700 3520 3789 3583 20
3835 3540 3888 3582 r.
3920 3527 3985 3583 et
4034 3520 4115 3583 21
4169 3540 4231 3583 r.
4264 3526 4329 3582 et
4378 3520 4465 3582 34
4510 3540 4573 3582 v.
4600 3518 4681 3582 (¹)

1391 3737 1497 3808 αἴ
1523 3732 1594 3798 Si
1655 3740 1872 3798 autem
1921 3732 2248 3819 loquimur
2300 3733 2381 3798 de
2427 3734 2823 3816 accusativo,
2871 3734 2980 3820 qui
3028 3733 3278 3819 regitur
3322 3755 3407 3798 ex
3455 3741 3641 3820 parte
3701 3741 3867 3820 post,
3915 3740 4067 3797 tunc
4116 3740 4215 3798 est
4258 3732 4523 3819 triplex,
4568 3754 4647 3797 eo
4693 3732 4867 3819 quod

1214 3848 1312 3904 est
1359 3839 1463 3905 vel
1511 3840 1822 3906 terminus
1869 3841 2320 3928 specificantis,
2367 3841 2474 3906 vel
2519 3850 2618 3908 est
2665 3842 2979 3908 terminus
3024 3841 3444 3924 transitionis,
3475 3840 3583 3907 vel
3628 3850 3729 3906 est
3772 3841 4087 3906 terminus
4130 3840 4380 3907 localis.
4424 3839 4496 3906 Si
4540 3839 4865 3927 loquimur

1213 3948 1296 4012 de
1329 3949 1602 4013 termino
1648 3950 2082 4036 specificante,
2117 3959 2270 4015 tunc
2301 3951 2392 4015 sic
2426 3950 2712 4015 dicatur:
2749 3950 2953 4036 Cujus
2983 3972 3173 4015 casus
3204 3951 3557 4015 accusativi
3588 3950 3901 4036 queritur,
3934 3950 4047 4037 qui
4086 3949 4426 4035 asignatur
4454 3971 4573 4036 per
4602 3949 4865 4014 modum

1215 4056 1646 4143 specificantis
1693 4079 1836 4122 esse
1884 4059 2303 4145 importatum
2347 4080 2468 4145 per
2511 4058 2783 4123 verbum
2832 4058 2936 4122 vel
2982 4080 3098 4145 per
3142 4058 3555 4145 participium
3602 4058 3667 4122 in
3714 4058 4070 4144 suppositO,
4102 4057 4207 4121 vel
4244 4057 4309 4121 in
4350 4057 4644 4142 subjecto
4674 4078 4865 4121 accu-

1215 4164 1410 4228 sativi
1440 4185 1650 4244 casus,
1685 4174 1756 4230 ut
1797 4192 1828 4226 ‹
1859 4165 2112 4230 Petrum
2159 4187 2282 4231 eme
2323 4166 2548 4230 bonum
2583 4191 2646 4246 υ,
2678 4175 2744 4229 et
2786 4191 2819 4224 ‹
2854 4166 3109 4230 Petrum
3142 4174 3337 4230 enim
3366 4165 3591 4228 bonum
3626 4190 3687 4229 ›.
3710 4168 3817 4240 (Π
3837 4164 3909 4229 Si
3946 4186 4103 4229 vero
4133 4163 4459 4250 loquimur
4486 4164 4569 4229 de
4600 4185 4865 4229 aecusa-

1218 4271 1374 4352 tivo,
1422 4271 1534 4358 qui
1579 4280 1678 4336 est
1726 4273 2038 4337 terminus
2085 4273 2506 4354 transitionis,
2539 4285 2692 4338 tunc
2739 4274 2833 4337 sic
2878 4272 3093 4337 dicere
3139 4272 3469 4337 debemus.
3518 4271 3721 4357 Cujus
3766 4293 3957 4336 casus
4003 4271 4359 4336 accusativi
4402 4270 4713 4358 queritur,
4753 4271 4865 4357 qui

1218 4379 1558 4464 asignatur
1597 4401 1716 4465 per
1747 4379 2008 4443 modum
2051 4380 2310 4444 termini
2355 4381 2422 4444 in
2470 4401 2662 4467 quem
2709 4380 2962 4465 aliquid
3000 4380 3254 4462 transit,
3294 4379 3400 4444 vel
3430 4379 3542 4465 qui
3573 4379 3913 4465 asignatur
3941 4400 4059 4466 per
4088 4378 4349 4443 modum
4380 4378 4527 4442 finis
4556 4379 4865 4443 transitus

1219 4499 1423 4552 actus.
1455 4489 1564 4561 αἴ
1593 4486 1662 4551 Si
1709 4508 1864 4551 vero
1910 4487 2232 4573 loquimur
2277 4487 2358 4551 de
2405 4489 2683 4552 termino
2729 4487 2814 4551 ad
2860 4508 3053 4574 quem
3098 4487 3344 4573 aliquid
3396 4493 3693 4551 movetur
3736 4486 3843 4550 vel
3890 4486 4255 4567 ordinatur,
4302 4495 4457 4550 tunc
4503 4485 4597 4550 sic
4648 4485 4865 4551 dicere

1217 4592 1563 4657 debemus:
1613 4595 1800 4679 cnjus
1855 4615 2044 4658 casus
2093 4595 2448 4659 accusativi
2495 4595 2805 4681 queritur,
2840 4596 2951 4681 qui
2994 4595 3333 4680 asignatur
3379 4616 3497 4681 per
3534 4594 3794 4659 modum
3826 4594 4089 4658 termini
4116 4593 4343 4658 localis
4375 4593 4481 4658 vel
4516 4594 4751 4675 finalis,
4782 4593 4866 4657 ad

1217 4723 1412 4787 quem
1457 4701 1703 4787 aliquid
1749 4710 2046 4766 movetur
2091 4702 2196 4765 vel
2245 4702 2601 4767 ordinatur.
2631 4707 2738 4779 (Π
2766 4703 2853 4766 Et
2902 4711 3057 4767 nota
3102 4701 3274 4788 quod
3320 4701 3633 4766 terminus
3678 4701 3765 4765 ad
3817 4723 4011 4788 quem
4070 4709 4285 4787 potest
4344 4700 4597 4766 duobus
4658 4700 4866 4765 modis

1221 4809 1558 4895 importari
1603 4831 1734 4873 uno
1783 4808 1974 4874 modo
2019 4831 2136 4895 per
2181 4831 2384 4874 unum
2427 4809 2690 4874 modum
2733 4810 3177 4895 significandi,
3224 4820 3291 4875 et
3334 4809 3487 4874 talis
3534 4810 3943 4875 aecusativus
3988 4808 4128 4872 sine
4173 4808 4611 4895 prepositione
4656 4817 4867 4895 pote&

1219 4937 1262 4980 a
1307 4916 1508 4980 verbo
1555 4916 1934 5002 imperfecto
1979 4916 2142 5000 regi,
2189 4925 2262 4981 ut
2307 4927 2464 5004 puta
2511 4917 2921 4982 accusativus
2966 4917 3203 5004 supini,
3236 4926 3307 4981 ut
3364 4943 3393 4974 c
3430 4917 3582 4980 mdo
3623 4925 3901 4981 σηιαΐιωι
3935 4941 3997 4980 ι.
4040 4915 4112 4981 Si
4142 4935 4303 4980 vero
4336 4916 4719 5002 importetur
4746 4937 4864 5002 per

1217 5023 1382 5088 duos
1429 5022 1672 5104 modos,
1706 5033 1778 5088 ut
1821 5045 1941 5110 per
1986 5024 2486 5110 prepositionem
2533 5034 2600 5088 et
2643 5024 2991 5088 terminum
3038 5025 3102 5087 in
3150 5046 3365 5110 quem,
3397 5031 3463 5088 et
3497 5031 3649 5088 tunc
3681 5033 3780 5088 est
3810 5045 3929 5109 per
3957 5023 4482 5110 prepositionem,
4516 5031 4587 5086 ut
4634 5048 4665 5080 c
4714 5023 4867 5086 mdo

1216 5132 1306 5195 ad
1349 5129 1696 5195 Bononiam
1749 5157 1820 5212 ο,
1866 5143 1932 5195 et
1979 5131 2072 5195 sic
2118 5130 2200 5195 de
2245 5131 2583 5196 similibus.
2613 5133 2720 5207 C
2749 5130 2919 5196 Item
2968 5143 3141 5212 nota,
3182 5131 3355 5216 quod
3402 5131 3483 5195 de
3530 5130 3923 5210 accusativo,
3969 5131 4083 5216 qui
4126 5139 4225 5195 est
4271 5131 4585 5195 terminus
4628 5130 4862 5193 transi-

1217 5239 1434 5320 tionis,
1476 5239 1625 5302 talis
1671 5239 1864 5303 datur
1909 5239 2172 5324 regula:
2203 5259 2392 5303 omne
2437 5239 2714 5304 verbum
2757 5238 2863 5304 vel
2910 5239 3321 5325 participium
3366 5238 3741 5323 significans
3784 5260 3905 5325 per
3942 5238 4203 5302 modum
4242 5238 4637 5302 transeuntis
4672 5238 4741 5302 in
4769 5237 4863 5301 al·

1217 5356 1430 5411 terum
1477 5367 1763 5432 congrue
1809 5347 2206 5411 construitur
2251 5367 2398 5410 eum
2443 5346 2815 5411 accusativo
2861 5348 2972 5434 qui
3017 5346 3423 5431 significatur
3478 5366 3597 5431 per
3656 5346 3921 5410 modum
3966 5345 4225 5410 termini
4269 5345 4337 5409 in
4384 5366 4577 5431 quem
4621 5344 4867 5431 aliquid

1209 5454 1442 5519 transit
1481 5500 4861 5519 ...................................................

1391 5667 1514 5752 [In
1567 5669 1858 5750 inferiori
1891 5673 2162 5753 infirme
2199 5672 2496 5755 mar-fine,
2527 5679 2582 5733 et
2615 5673 2678 5732 in
2711 5669 3125 5754 subsequentis
3153 5672 3461 5754 suffr-fori
3487 5670 3654 5746 haec,
3686 5691 3761 5733 e:
3788 5670 3913 5732 alio
3942 5671 4143 5753 oper&
4170 5669 4369 5733 codice
4399 5668 4617 5732 adama
4644 5664 4865 5748 suuis]

1397 5776 1566 5841 Item
1615 5789 1800 5859 nota,
1848 5776 2022 5863 quod
2067 5776 2327 5863 quando
2373 5776 2566 5841 datur
2611 5776 2831 5841 thema
2876 5799 2994 5864 per
3040 5777 3447 5863 participium
3515 5776 3687 5862 quod
3748 5797 3877 5841 non
3938 5776 4299 5858 invenitur,
4346 5785 4501 5840 tunc
4562 5775 4871 5839 debemus

1221 5906 1552 5950 recurrere
1599 5885 1682 5948 ad
1731 5885 2050 5949 infinitum
2095 5884 2278 5949 verbi
2327 5884 2500 5949 illius
2544 5885 2873 5971 participij
2920 5907 3067 5948 cum
3112 5884 3235 5948 hoc
3280 5885 3481 5948 verbo
3525 5907 3687 5954 suin,
3732 5905 3813 5954 es,
3859 5893 3984 5962 (εἰς
4022 5893 4087 5948 et
4132 5884 4255 5948 hoc
4300 5883 4665 5970 dupliciter,
4697 5882 4869 5969 quod

1380 6173 1460 6234 (l)
1497 6170 1582 6222 De
1620 6171 1826 6222 codicis
1863 6169 2136 6237 seriptum
2173 6169 2253 6221 sie
2291 6169 2363 6220 cl.
2391 6168 2564 6221 Sui-ti:
2591 6187 2622 6219 e
2649 6170 2895 6236 Scriptus
2918 6176 2993 6220 est
3098 6176 3147 6220 d
3184 6169 3421 6218 fidicula
3458 6171 3569 6220 sine
3606 6169 3705 6218 ⁸710
3739 6170 4133 6234 grammaticae
4168 6176 4457 6236 prame
4503 6183 4641 6234 qm
4684 6169 4741 6217 in
4776 6165 4873 6217 kur

1221 6261 1356 6311 adeo
1389 6263 1648 6312 emsa-tub
1681 6267 1730 6310 et
1768 6261 1911 6310 inter
1945 6275 2002 6310 se
2037 6259 2304 6324 compr-‘s
2339 6259 2516 6311 men-is
2559 6267 2616 6309 ut
2661 6261 2756 6310 τίκ
2790 6260 2997 6310 alieubi
3100 6260 3273 6310 codice
3310 6260 3628 6314 traduntur.
3650 6261 3899 6326 quant-is
3920 6275 4101 6308 eorum
4130 6260 4335 6309 Auctor
4366 6257 4741 6309 velden-inm
4766 6271 4871 6322 pr

1223 6350 1330 6414 ἶφι·
1355 6353 1542 6417 paneis.
1578 6351 1685 6401 Sed
1719 6350 1786 6400 dr
1821 6349 1924 6398 λοι·
1957 6348 2280 6410 difficultate
2313 6365 2404 6398 ner
2429 6349 2568 6398 .ιέᾸί
2591 6366 2684 6399 ια*
2711 6350 2815 6399 κΙΙε·
2838 6351 3001 6399 alteri
3104 6367 3167 6402 ω
3206 6355 3445 6415 tea-pun
3482 6348 3790 6400 haberent.
3828 6348 3921 6400 Et
3946 6350 4147 6415 punct}
4184 6364 4323 6414 que
4366 6348 4522 6399 nodo
4563 6347 4873 6413 speci-rim}

1229 6439 1514 6490 edendum
1537 6456 1858 6506 maynoptrv
1877 6445 2126 6494 eant-um.
2149 6441 2334 6502 ιιι-ἰωὴ
2358 6438 2620 6494 detinens.
2640 6441 2817 6505 inepta
2834 6440 2999 6504 plum
3108 6439 3219 6490 loce
3250 6439 3587 6503 sabaei-ms,
3620 6439 3687 6490 de
3722 6440 3947 6489 ecem-is
3980 6439 4287 6502 day-diam·
4318 6438 4485 6501 focile
4514 6439 4711 6504 punit
4748 6454 4799 6487 s.
