5542 7775
1214 610 1248 679 1
1268 611 1302 680 1
1319 611 1361 680 8
2776 629 3257 680 MONUMENTA

1205 783 1577 870 supradicta
1625 783 1968 848 sindicario
2016 790 2081 848 et
2126 783 2571 869 procuratorio
2619 783 2878 847 nomine
2926 784 3452 848 constituentium
3507 785 3973 871 predictorum,
4023 786 4484 850 constituentes
4532 787 4656 874 ipsi
4703 796 4845 853 rata

1205 897 1271 955 et
1316 897 1506 977 grata
1553 891 1867 955 haberent
1914 899 2227 978 perpetuo
2278 898 2342 955 et
2387 898 2702 973 tenerent,
2739 890 3161 955 observarent
3207 898 3272 955 et
3318 892 3766 979 adimplerent,
3800 900 3864 956 et
3912 892 4083 979 quod
4132 900 4356 958 contra
4402 915 4481 958 ea
4525 895 4631 959 vel
4671 896 4840 982 ipso·

1206 1020 1348 1062 rum
1396 999 1658 1085 aliquod
1705 998 1883 1063 nullo
1931 1005 2222 1085 tempore
2268 997 2559 1062 facerent
2619 998 2725 1061 vel
2772 997 3069 1062 venirent
3131 998 3351 1084 aliqua
3411 999 3697 1083 ratione,
3747 1001 4117 1083 occasione,
4164 1000 4379 1066 colore
4438 1002 4545 1066 vel
4606 1024 4837 1088 causa,

1204 1105 1472 1192 ipsaque
1522 1105 1737 1170 omnia
1784 1111 1849 1169 et
1897 1104 2154 1191 singula
2201 1127 2399 1192 supra
2445 1112 2511 1169 et
2557 1105 2970 1190 infrascripta
3016 1105 3477 1170 constituentes
3509 1106 3749 1193 prefati
3780 1107 3949 1171 infra
3981 1107 4219 1171 dictam
4253 1108 4662 1173 medietatem
4694 1132 4840 1197 pro·

1203 1214 1379 1277 xime
1426 1220 1579 1277 tunc
1626 1213 2081 1296 futurfflunc
2126 1213 2420 1299 proxime
2464 1212 2793 1299 proterite,
2843 1211 3336 1299 quadragesime
3383 1213 3452 1282 in
3497 1215 3822 1300 presentia
3870 1215 4089 1300 nuncij
4138 1237 4251 1280 seu
4300 1217 4681 1281 nunciorum
4727 1239 4838 1283 no-

1204 1321 1321 1384 stri
1381 1321 1486 1383 vel
1548 1326 1946 1402 nostrorum,
1997 1341 2189 1405 quem
2249 1320 2353 1384 vel
2416 1342 2576 1406 quos
2638 1319 2720 1383 ad
2769 1320 2891 1385 hoc
2938 1319 3395 1406 deputaremus
3443 1328 3508 1386 et
3569 1321 3652 1385 ad
3714 1322 4043 1387 civitatem
4103 1323 4398 1387 eamdem
4457 1324 4837 1390 duceremus

1200 1436 1544 1515 propterea
1591 1428 2045 1492 destinandum
2098 1428 2206 1492 vel
2252 1427 2690 1510 destinandos,
2725 1448 2801 1491 ac
2850 1428 2914 1491 in
2963 1448 3187 1492 eorum
3233 1430 3525 1514 generali
3573 1428 3856 1494 Consilio
3905 1430 3986 1494 ad
4033 1431 4155 1495 hoc
4203 1432 4572 1516 specialiter
4604 1454 4837 1498 convo-

1203 1536 1409 1601 cando
1458 1543 1521 1600 et
1568 1535 1863 1600 faciendo
1914 1535 1979 1599 in
2026 1535 2286 1599 civitate
2332 1535 2608 1621 prefata,
2643 1542 2714 1598 ut
2760 1542 2860 1598 est
2905 1535 3102 1598 moris
3149 1535 3287 1599 fieri
3342 1543 3407 1600 et
3454 1536 3786 1601 observari
3834 1537 3898 1601 in
3947 1538 4166 1602 arduis
4213 1546 4278 1603 et
4325 1540 4680 1624 majoribus
4727 1562 4838 1604 ne·

1202 1644 1395 1730 gotiis
1442 1643 1721 1708 civitatis
1770 1643 2081 1727 ejusdem,
2130 1643 2546 1724 affirmarent,
2595 1641 3069 1725 confirmarent,
3118 1643 3514 1707 ratificarent
3560 1649 3624 1708 et
3671 1645 4115 1730 emologarent
4170 1645 4500 1732 specifice,
4550 1647 4836 1733 singula·

1201 1752 1357 1816 riter
1404 1758 1469 1815 et
1515 1772 1841 1837 expresse,
1890 1758 1955 1814 et
2000 1771 2079 1814 ea
2126 1750 2322 1814 etiam
2370 1750 2492 1836 ipsi
2540 1749 3001 1814 constituentes
3048 1750 3441 1834 solemniter,
3473 1752 3888 1836 singulariter
3933 1760 3998 1817 et
4043 1774 4349 1839 expresse
4388 1755 4836 1839 promitterent

1201 1866 1267 1924 et
1307 1860 1623 1944 jurarent,
1674 1864 1738 1921 et
1784 1857 1868 1920 ad
1916 1857 2131 1921 omnia
2178 1863 2243 1921 et
2288 1856 2547 1942 singula
2592 1856 2906 1943 premissa
2956 1856 3361 1921 observanda
3406 1865 3471 1922 et
3517 1858 3898 1945 complenda
3944 1880 4013 1923 se
4061 1859 4432 1925 solemniter
4470 1861 4836 1947 obligarent

1200 1967 1320 2031 sub
1368 1973 1544 2030 certa
1588 1985 1758 2051 pena
1806 1985 2069 2028 romane
2116 1964 2385 2028 ecclesie
2419 1970 2484 2027 et
2529 1964 2671 2047 ejus
2722 1962 2994 2027 Camere
3041 1964 3230 2028 toties
3278 1965 3733 2029 committenda
3780 1972 3846 2029 et
3891 1966 4319 2051 persolvenda
4365 1968 4617 2054 quoties
4657 1969 4833 2033 veni—

1198 2082 1344 2138 rent
1388 2080 1614 2137 contra
1659 2071 1974 2158 premissa
2019 2072 2124 2135 vel
2169 2070 2428 2156 aliquod
2478 2070 2961 2157 premissorum.

1378 2180 1654 2266 Insuper
1701 2178 1984 2243 sindicus
2031 2186 2096 2243 et
2139 2185 2517 2264 procurator
2566 2177 2926 2264 predictae,
2976 2178 3320 2244 sindicario
3369 2186 3433 2243 et
3482 2181 3924 2266 procuratorio
3987 2182 4244 2246 nomine
4306 2182 4832 2247 constituentium

1199 2287 1653 2374 predictorum,
1688 2286 1872 2350 nobis
1913 2285 2241 2349 humiliter
2288 2286 2696 2371 supplicavit,
2729 2292 2802 2349 ut
2854 2286 3168 2372 premissa
3213 2286 3428 2351 omnia
3475 2294 3540 2351 et
3585 2289 3842 2373 singula
3888 2310 4003 2375 per
4048 2310 4194 2352 eum
4228 2290 4484 2354 nomine
4517 2289 4832 2353 dictorum

1199 2393 1725 2460 constituentium
1772 2393 2125 2477 recognita,
2159 2392 2495 2479 promissa,
2532 2394 2831 2459 restituta
2863 2404 2927 2459 et
2960 2395 3377 2479 reintegrata,
3411 2401 3596 2479 gesta
3628 2402 3692 2459 et
3717 2397 3939 2479 jurata
3985 2414 4062 2459 ac
4109 2396 4349 2479 oblata,
4382 2396 4536 2460 data
4577 2403 4642 2460 et
4682 2419 4831 2462 con-

1199 2503 1423 2566 stituta
1468 2501 1654 2566 nobis
1709 2507 1773 2565 et
1819 2500 2297 2565 successoribus
2345 2501 2578 2564 nostris
2624 2503 2908 2566 romanis
2955 2501 3363 2589 pontificibus
3411 2508 3476 2565 et
3521 2501 3731 2566 eidem
3762 2524 4026 2567 romane
4059 2504 4328 2568 ecclesie
4361 2525 4476 2590 per
4508 2526 4656 2568 eum
4688 2525 4834 2569 cum

1195 2609 1633 2696 predictarum
1679 2608 2042 2692 adjectione
2090 2628 2404 2693 penarum
2451 2609 2737 2694 recipere
2787 2617 2852 2673 et
2897 2617 3256 2695 acceptare,
3296 2630 3372 2673 ac
3418 2617 3563 2673 rata
3610 2631 3684 2674 ac
3733 2617 3924 2694 grata
3970 2610 4211 2676 habere
4253 2619 4317 2675 et
4349 2619 4591 2694 tenere,
4624 2633 4829 2697 eaque

1195 2717 1549 2803 apostolico
1597 2716 1824 2780 fulcire
1873 2715 2152 2801 presidio
2204 2715 2267 2778 in
2315 2727 2733 2801 perpetuum,
2783 2724 2848 2780 et
2894 2717 3206 2781 nonnulla
3252 2717 3382 2780 alia
3427 2717 3755 2802 postulata
3800 2739 3918 2803 per
3962 2739 4109 2781 eum
4155 2719 4413 2783 nomine
4460 2719 4830 2806 supradicto

1190 2825 1283 2888 eis
1331 2823 1415 2887 ad
1461 2823 1941 2909 beneplacitum
1978 2821 2164 2886 Sedis
2220 2822 2512 2906 ejusdem
2558 2822 2900 2887 dumtaxat
2947 2823 3319 2905 concedere,
3361 2845 3437 2888 ac
3484 2845 3841 2906 commune,
3876 2825 4361 2889 universitatem
4408 2834 4474 2890 et
4517 2826 4828 2913 populum

1184 2929 1588 3016 supradictos
1637 2950 1782 2993 cum
1829 2928 2041 2993 cordis
2104 2929 2485 2993 contritione
2550 2950 2625 2992 ac
2681 2930 3038 3015 penitentia
3085 2936 3151 2994 et
3196 2930 3624 2994 amaritudine
3671 2931 3932 3013 mentis,
3983 2938 4053 2996 ut
4099 2931 4306 2996 dictus
4353 2931 4635 2997 sindicus
4683 2955 4828 3019 pre-

1184 3034 1532 3118 tendebat,
1581 3035 1838 3098 veniam
1886 3041 1951 3098 et
1998 3034 2500 3098 misericordiam
2551 3035 3000 3121 implorantes,
3051 3043 3114 3099 et
3162 3035 3244 3099 ad
3292 3035 3584 3120 ejusdem
3648 3036 3917 3100 ecclesie
3979 3036 4285 3101 mandata
4347 3038 4676 3102 humiliter
4732 3061 4831 3103 re·

1186 3142 1481 3225 deuntes,
1530 3142 1613 3206 ad
1662 3142 1862 3228 ipsius
1910 3141 2179 3205 ecclesie
2227 3141 2545 3226 gremium
2590 3142 2899 3228 recipere,
2948 3164 3024 3206 ac
3070 3164 3181 3206 eos
3228 3164 3345 3207 nec
3393 3164 3520 3207 non
3569 3144 3944 3207 comitatum
3989 3151 4054 3208 et
4108 3144 4468 3208 districtum
4524 3167 4600 3210 ac
4661 3167 4829 3210 com-

1186 3271 1415 3332 mune,
1466 3256 1530 3313 et
1590 3249 2046 3313 universitates
2109 3256 2172 3313 et
2232 3249 2595 3335 singulares
2645 3271 2955 3336 personas
3003 3251 3288 3337 ipsorum
3338 3250 3710 3315 obedientes
3772 3251 3941 3316 dicto
4000 3253 4357 3335 communi,
4405 3274 4516 3317 seu
4568 3254 4830 3318 obedire

1182 3358 1479 3422 volentes
1541 3379 1617 3422 ac
1658 3359 1992 3443 juranteS,
2043 3359 2476 3444 approbantes
2540 3364 2605 3422 et
2660 3359 3054 3423 ratificantes
3101 3360 3316 3423 omnia
3362 3367 3428 3424 et
3474 3360 3732 3445 singula
3779 3360 4149 3446 supradicta
4196 3362 4279 3425 ab
4328 3362 4625 3426 omnibus
4681 3384 4826 3449 pro-

1186 3465 1475 3529 cessibus
1524 3472 1749 3530 contra
1797 3487 1907 3529 eos
1956 3473 2021 3529 et
2067 3486 2289 3529 eorum
2338 3466 2689 3550 quemlibet
2736 3488 2852 3552 per
2899 3487 3016 3530 nos
3071 3473 3136 3530 et
3181 3467 3377 3531 etiam
3423 3488 3539 3553 per
3585 3467 3828 3531 dictum
3868 3468 4241 3554 episcopum
4274 3469 4640 3552 ostiensem,
4675 3477 4823 3534 tunc

1180 3572 1506 3658 Legatum
1554 3572 1764 3655 factiS,
1799 3594 1918 3637 nec
1952 3594 2080 3637 non
2130 3573 2312 3658 penis
2362 3594 2477 3658 per
2525 3574 3048 3638 constitutionem
3081 3574 3185 3660 pie
3217 3575 3523 3639 memorie
3556 3574 3878 3639 Bonifacii
3909 3596 4076 3661 pape
4111 3576 4322 3639 octavi
4355 3576 4826 3662 predecessoris

1182 3681 1406 3763 nostri,
1442 3701 1566 3766 que
1617 3680 1880 3766 incipit:
1926 3705 1957 3739 ι
1993 3680 2212 3744 Felicis
2244 3706 2306 3763 »,
2339 3687 2563 3744 contra
2610 3682 2938 3745 civitatem
2984 3681 3279 3745 eamdem
3312 3704 3387 3745 ac
3434 3682 3738 3746 officiales
3786 3690 3851 3746 et
3890 3682 4252 3767 singulares
4286 3705 4594 3769 personas
4629 3684 4828 3770 ipsius

1182 3788 1264 3853 ob
1314 3787 1637 3874 predictos
1687 3810 1990 3852 excessus
2054 3788 2514 3874 promulgatis,
2566 3789 2904 3853 absolvere
2968 3795 3033 3852 et
3091 3810 3284 3875 super
3347 3790 3423 3853 iis
3480 3790 3573 3853 eis
3620 3788 3960 3875 providere
4009 3790 4087 3854 de
4134 3797 4495 3877 opportuno
4543 3790 4826 3864 remedio

1184 3895 1685 3960 misericorditer
1750 3896 2185 3980 dignaremur.
2234 3895 2497 3981 Nosque
2562 3897 2641 3960 de
2701 3897 3042 3961 devotione
3104 3896 3390 3982 ipsorum
3451 3903 3516 3961 et
3576 3897 3942 3962 reversione
4000 3897 4081 3961 ad
4130 3897 4340 3961 sinum
4388 3899 4679 3982 ejusdem
4725 3921 4828 3963 ec-

1185 4004 1417 4086 clesie,
1466 4025 1659 4089 quam
1708 4024 1965 4084 veram,
2014 4024 2141 4066 non
2191 4002 2589 4087 simulatam,
2640 4004 2919 4068 existere
2968 4004 3423 4087 credebamus,
3473 4005 3818 4090 plurimum
3867 4005 4271 4086 exultantes,
4319 4006 4652 4091 saetasque
4718 4028 4830 4093 per

1181 4111 1479 4175 eumdem
1527 4110 1840 4174 sindicum
1892 4117 1957 4172 et
2003 4117 2488 4195 procuratorem
2536 4111 2719 4175 nobis
2767 4112 3225 4198 recipientibus
3273 4112 3529 4175 nomine
3579 4119 3797 4176 nostro
3845 4119 3909 4176 et
3957 4134 4399 4178 successorum
4460 4121 4825 4177 nostrorum

1181 4240 1596 4284 romanorum
1644 4217 2017 4303 pontificum
2068 4219 2374 4282 canonice
2424 4219 2822 4303 intrantium,
2857 4241 2932 4284 ac
2980 4220 3270 4304 ejusdem
3315 4241 3580 4284 romane
3627 4220 3896 4284 ecclesie
3930 4221 4422 4305 recognitiones,
4458 4221 4825 4306 promissio-

1178 4346 1315 4408 nes,
1364 4324 1804 4389 restitutiones
1852 4333 1917 4388 et
1964 4326 2501 4409 reintegrationes
2551 4326 2955 4410 hujusmodi,
3004 4327 3396 4390 oblationem
3446 4347 3735 4412 quoque,
3785 4327 4140 4410 dationem,
4190 4328 4712 4392 constitutionem
4758 4335 4824 4391 et

1181 4432 1674 4518 promissionem
1721 4454 1867 4496 cum
1907 4433 2263 4517 juramenti
2310 4435 2725 4519 prestatione,
2773 4433 3029 4498 nomine
3087 4440 3150 4497 et
3196 4433 3264 4497 iu
3310 4434 3560 4497 animas
3603 4434 4126 4498 constituentium
4159 4435 4592 4521 predictorum
4625 4435 4823 4498 annui

1182 4561 1411 4606 census
1459 4540 1753 4627 predicti,
1787 4548 1853 4604 et
1899 4541 2057 4604 certi
2105 4541 2370 4604 alterius
2419 4541 2666 4626 servitij
2715 4542 2794 4606 de
2843 4549 3020 4605 certa
3065 4542 3425 4627 quantitate
3473 4542 3761 4627 equitum
3809 4549 4203 4606 armatorum
4251 4565 4366 4629 pro
4415 4542 4601 4606 terris
4650 4543 4822 4627 ejus-

1179 4647 1327 4711 dem
1375 4648 1644 4711 ecclesie
1693 4648 1879 4711 nobis
1927 4647 2241 4734 dictisque
2288 4649 2765 4713 successoribus
2814 4655 2877 4712 et
2924 4648 3133 4712 eidem
3179 4649 3470 4731 ecclesie,
3512 4656 3583 4713 ut
3627 4648 4040 4734 premittitur,
4089 4649 4387 4731 faciendi,
4434 4670 4579 4713 cum
4628 4671 4823 4735 super

1177 4754 1298 4819 hec
1346 4777 1462 4841 per
1513 4755 1747 4819 Sedem
1795 4755 2088 4819 eamdem
2135 4757 2488 4820 existerent
2530 4755 2824 4840 requisiti
2870 4755 2949 4819 de
2998 4756 3268 4820 fratrum
3328 4763 3689 4820 nostrorum
3738 4756 4003 4821 consilio
4052 4763 4116 4820 et
4163 4778 4465 4839 assensu,
4516 4757 4822 4842 quamdiu

1177 4869 1395 4926 nostre
1443 4869 1508 4925 et
1555 4861 1871 4925 dictorum
1919 4882 2361 4925 successorum
2409 4869 2773 4926 nostrorum
2821 4883 3233 4926 romanorum
3282 4862 3651 4947 pontificum
3701 4862 4018 4925 voluntati
4065 4863 4388 4947 placeret,
4439 4863 4818 4948 recepimus,

1176 4968 1638 5033 ratificavimus
1687 4975 1749 5032 et
1799 4969 2301 5054 approbavimus
2349 4991 2694 5055 expresse,
2744 4976 2809 5033 et
2856 4990 2968 5033 eas
3017 4991 3101 5033 ex
3146 4977 3323 5034 certa
3388 4969 3677 5052 scientia,
3727 4970 4108 5034 auctoritate
4157 4970 4530 5056 apostolica,
4581 4970 4822 5034 habere

1175 5076 1579 5140 decrevimus
1626 5083 2009 5162 perpetuam
2057 5076 2447 5140 firmitatem.

1352 5184 1439 5247 Et
1488 5190 1560 5247 ut
1605 5206 1680 5247 eo
1730 5183 1983 5269 plenius
2047 5183 2200 5247 dicti
2263 5205 2637 5267 commune,
2683 5184 3072 5248 universitas
3121 5191 3185 5248 et
3240 5185 3518 5270 populus
3580 5184 3821 5249 eisdem
3888 5184 4041 5248 Sedi
4100 5192 4164 5249 et
4225 5205 4488 5248 romane
4551 5186 4820 5249 ecclesie

1176 5291 1426 5356 sincere
1476 5292 1835 5356 affectionis
1884 5292 2157 5356 vinculis
2205 5299 2648 5375 necterentur,
2699 5314 2826 5378 quo
2876 5314 3033 5378 erga
3081 5314 3148 5356 se
3200 5293 3482 5379 ipsarum
3545 5293 4064 5357 benevolentiam
4126 5294 4438 5357 sentirent
4484 5293 4548 5355 in
4597 5293 4820 5356 remis-

1177 5399 1374 5464 sionis
1422 5407 1485 5463 et
1547 5399 1948 5484 indulgentie
2013 5400 2226 5483 gratia
2286 5401 2747 5486 promptiorem
2810 5400 2929 5464 sub
2991 5400 3406 5486 infrascripta
3469 5401 3942 5482 moderatione,
3992 5422 4134 5465 cum
4183 5401 4275 5464 eis
4323 5400 4821 5465 misericorditer

1171 5506 1617 5592 procedentes,
1653 5508 2039 5571 sententiam
2087 5507 2429 5588 interdicti,
2473 5508 2577 5571 cui
2625 5507 2872 5589 civitas,
2909 5508 3270 5591 comitatus,
3305 5508 3700 5572 territorium
3746 5515 3810 5571 et
3857 5507 4181 5572 districtus
4228 5507 4657 5571 bononienses
4700 5529 4819 5572 nec

1179 5635 1307 5677 non
1357 5613 1745 5677 universitas
1808 5614 2088 5678 civitatis
2151 5614 2444 5699 ejusdem
2490 5622 2554 5678 et
2602 5615 2726 5679 alie
2778 5615 3230 5679 universitates
3279 5623 3344 5680 et
3392 5615 3756 5680 communia
3802 5615 4173 5679 eorumdem
4220 5621 4405 5679 erant
4451 5637 4567 5701 per
4615 5615 4818 5679 dictos

1177 5729 1432 5786 nostros
1483 5728 1546 5784 et
1594 5721 1886 5806 ejusdem
1934 5721 2168 5807 Legati
2214 5744 2551 5807 processus
2599 5730 2659 5786 et
2710 5724 3230 5787 constitutionem
3293 5723 3615 5804 eamdem,
3664 5723 3768 5786 vel
3816 5722 4274 5808 provincialia,
4324 5744 4437 5785 seu
4501 5723 4819 5787 sinodalia

1174 5836 1418 5892 statuta
1468 5837 1531 5892 et
1578 5829 1775 5892 etiam
1824 5851 2039 5893 sacros
2088 5851 2396 5912 canones,
2446 5852 2562 5916 pro
2613 5830 2938 5915 premissis
2988 5831 3052 5894 in
3101 5831 3287 5894 dictis
3333 5831 3737 5917 processibus
3787 5830 4019 5894 nostris
4075 5832 4391 5894 contentis
4448 5830 4815 5915 supposita,

1171 5957 1374 6023 penas
1425 5958 1680 6022 quoque
1731 5943 1795 6000 et
1841 5938 2193 6001 sententias
2241 5938 2305 5999 in
2352 5937 2593 6001 eisdem
2644 5945 2977 6002 contentas
3026 5939 3462 6023 processibus,
3512 5959 3631 6002 nec
3679 5960 3806 6003 non
3855 5938 3919 6001 in
3967 5938 4138 6002 dicta
4187 5938 4640 6001 constitutione
4687 5938 4817 6002 Bo-

1176 6043 1401 6129 nifacij
1451 6052 1675 6108 contra
1721 6043 2008 6130 prefatas
2058 6045 2385 6108 civitatem
2433 6051 2497 6108 et
2543 6045 3034 6109 universitatem
3083 6046 3510 6110 bononienses
3558 6067 3752 6132 super
3797 6046 4159 6131 privatione
4209 6045 4422 6109 Studii
4468 6047 4813 6130 generalis,

1171 6151 1585 6236 omniumque
1634 6151 2143 6237 privilegiorum,
2180 6151 2727 6236 indulgentiarum
2777 6160 2841 6216 et
2887 6153 3244 6238 gratiarum
3293 6153 3792 6238 apostolicorum
3839 6160 3903 6217 et
3950 6152 4399 6238 imperialium,
4427 6161 4490 6217 et
4535 6154 4618 6217 ab
4667 6153 4815 6238 alijs

1172 6260 1682 6346 quibuscumque
1744 6281 2192 6323 concessorum
2240 6266 2303 6323 et
2350 6282 2800 6324 concessarum
2846 6261 3088 6324 eisdem
3149 6283 3351 6346 usque
3414 6262 3499 6325 ad
3560 6261 3970 6325 medietatem
4030 6268 4182 6325 tunc
4244 6262 4536 6347 proxime
4600 6262 4814 6326 future

1126 6446 1137 6458 ,
1171 6367 1687 6454 quadragesime,
1723 6388 1893 6432 nunc
1926 6367 2251 6453 preterite,
2288 6369 2642 6454 apostolica
2690 6369 3073 6433 auctoritate
3122 6369 3201 6434 de
3242 6370 3560 6434 dictorum
3591 6368 3894 6432 Fratrum
3926 6376 4291 6432 nostrorum
4323 6369 4591 6432 consilio
4624 6369 4812 6432 duxi-

1172 6498 1313 6539 mus
1361 6474 1884 6561 snspendendas3
1936 6474 2348 6560 disponentes
2410 6498 2554 6540 cum
2620 6476 2808 6540 dictis
2869 6476 3207 6541 Fratribus
3269 6498 3461 6563 super
3518 6477 3638 6540 hoc
3688 6475 4151 6540 deliberatione
4212 6475 4590 6562 prehabita,
4641 6475 4812 6561 quod
