<?xml version="1.0" encoding="UTF-8"?>
<!DOCTYPE html PUBLIC "-//W3C//DTD XHTML 1.0 Transitional//EN"
    "http://www.w3.org/TR/xhtml1/DTD/xhtml1-transitional.dtd">
<html xmlns="http://www.w3.org/1999/xhtml" xml:lang="en" lang="en">
 <head>
  <title>
</title>
<meta http-equiv="Content-Type" content="text/html;charset=utf-8" />
  <meta name='ocr-system' content='tesseract 3.04.00' />
  <meta name='ocr-capabilities' content='ocr_page ocr_carea ocr_par ocr_line ocrx_word'/>
</head>
<body>
  <div class='ocr_page' id='page_1' title='image "./declarisarchigy00malagoog_0283.png"; bbox 0 0 5542 7775; ppageno 0'>
   <div class='ocr_carea' id='block_1_1' title="bbox 29 362 36 949">
    <p class='ocr_par' dir='ltr' id='par_1_1' title="bbox 29 362 36 949">
     <span class='ocr_line' id='line_1_1' title="bbox 29 362 36 949; baseline 0 0"><span class='ocrx_word' id='word_1_1' title='bbox 29 362 36 949; x_wconf 95' lang='lat' dir='ltr'> </span> 
     </span>
    </p>
   </div>
   <div class='ocr_carea' id='block_1_2' title="bbox 1231 655 1384 726">
    <p class='ocr_par' dir='ltr' id='par_1_2' title="bbox 1231 655 1384 726">
     <span class='ocr_line' id='line_1_2' title="bbox 1231 655 1384 726; baseline 0 0"><span class='ocrx_word' id='word_1_2' title='bbox 1231 655 1384 726; x_wconf 86' lang='lat'>300</span> 
     </span>
    </p>
   </div>
   <div class='ocr_carea' id='block_1_3' title="bbox 1191 831 2991 6197">
    <p class='ocr_par' dir='ltr' id='par_1_3' title="bbox 1191 831 2991 6197">
     <span class='ocr_line' id='line_1_3' title="bbox 1321 831 2990 915; baseline -0.002 -16"><span class='ocrx_word' id='word_1_3' title='bbox 1321 835 1365 899; x_wconf 88' lang='lat' dir='ltr'><strong>J</strong></span> <span class='ocrx_word' id='word_1_4' title='bbox 1369 851 1634 899; x_wconf 70' lang='lat' dir='ltr'>OANNES</span> <span class='ocrx_word' id='word_1_5' title='bbox 1658 834 1953 898; x_wconf 70' lang='lat' dir='ltr'>Amnum</span> <span class='ocrx_word' id='word_1_6' title='bbox 1977 833 2202 897; x_wconf 92' lang='lat' dir='ltr'>doctor</span> <span class='ocrx_word' id='word_1_7' title='bbox 2234 831 2510 896; x_wconf 79' lang='lat' dir='ltr'>eximius</span> <span class='ocrx_word' id='word_1_8' title='bbox 2544 832 2990 915; x_wconf 89' lang='lat' dir='ltr'>Decretorum,</span> 
     </span>
     <span class='ocr_line' id='line_1_4' title="bbox 1221 939 2991 1027; baseline -0.002 -21"><span class='ocrx_word' id='word_1_9' title='bbox 1221 942 1345 1006; x_wconf 83' lang='lat' dir='ltr'>fuit</span> <span class='ocrx_word' id='word_1_10' title='bbox 1391 941 1741 1027; x_wconf 90' lang='lat' dir='ltr'>dampnato</span> <span class='ocrx_word' id='word_1_11' title='bbox 1789 939 2093 1025; x_wconf 87' lang='lat' dir='ltr'>conjugio</span> <span class='ocrx_word' id='word_1_12' title='bbox 2142 945 2352 1003; x_wconf 89' lang='lat' dir='ltr'>natus.</span> <span class='ocrx_word' id='word_1_13' title='bbox 2389 939 2537 1025; x_wconf 84' lang='lat' dir='ltr'>Ipse</span> <span class='ocrx_word' id='word_1_14' title='bbox 2569 939 2772 1003; x_wconf 80' lang='lat' dir='ltr'>ferme</span> <span class='ocrx_word' id='word_1_15' title='bbox 2804 945 2991 1025; x_wconf 88' lang='lat' dir='ltr'>patre</span> 
     </span>
     <span class='ocr_line' id='line_1_5' title="bbox 1221 1046 2989 1132; baseline -0.002 -19"><span class='ocrx_word' id='word_1_16' title='bbox 1221 1049 1490 1113; x_wconf 90' lang='lat' dir='ltr'>Andrea</span> <span class='ocrx_word' id='word_1_17' title='bbox 1536 1047 1906 1131; x_wconf 79' lang='lat' dir='ltr'><strong>sacerdote,</strong></span> <span class='ocrx_word' id='word_1_18' title='bbox 1957 1053 2163 1111; x_wconf 90' lang='lat' dir='ltr'>matre</span> <span class='ocrx_word' id='word_1_19' title='bbox 2212 1068 2365 1111; x_wconf 92' lang='lat' dir='ltr'>vero</span> <span class='ocrx_word' id='word_1_20' title='bbox 2429 1046 2707 1132; x_wconf 87' lang='lat' dir='ltr'>alpicola</span> <span class='ocrx_word' id='word_1_21' title='bbox 2769 1046 2989 1132; x_wconf 89' lang='lat' dir='ltr'>ignote</span> 
     </span>
     <span class='ocr_line' id='line_1_6' title="bbox 1191 1152 2988 1243; baseline -0.003 -23"><span class='ocrx_word' id='word_1_22' title='bbox 1191 1157 1458 1243; x_wconf 25' lang='lat' dir='ltr'>(stirpis,</span> <span class='ocrx_word' id='word_1_23' title='bbox 1491 1156 1669 1220; x_wconf 91' lang='lat' dir='ltr'>venit</span> <span class='ocrx_word' id='word_1_24' title='bbox 1712 1155 1793 1219; x_wconf 90' lang='lat' dir='ltr'>ad</span> <span class='ocrx_word' id='word_1_25' title='bbox 1841 1156 2069 1219; x_wconf 88' lang='lat' dir='ltr'>lucem.</span> <span class='ocrx_word' id='word_1_26' title='bbox 2118 1153 2204 1217; x_wconf 87' lang='lat' dir='ltr'>Et</span> <span class='ocrx_word' id='word_1_27' title='bbox 2251 1154 2317 1217; x_wconf 90' lang='lat' dir='ltr'>hi</span> <span class='ocrx_word' id='word_1_28' title='bbox 2366 1154 2555 1217; x_wconf 90' lang='lat' dir='ltr'>ambo</span> <span class='ocrx_word' id='word_1_29' title='bbox 2587 1161 2890 1239; x_wconf 85' lang='lat' dir='ltr'>parentes</span> <span class='ocrx_word' id='word_1_30' title='bbox 2924 1152 2988 1216; x_wconf 90' lang='lat' dir='ltr'>in</span> 
     </span>
     <span class='ocr_line' id='line_1_7' title="bbox 1220 1259 2990 1350; baseline -0.002 -22"><span class='ocrx_word' id='word_1_31' title='bbox 1220 1266 1365 1328; x_wconf 89' lang='lat' dir='ltr'>sinu</span> <span class='ocrx_word' id='word_1_32' title='bbox 1407 1265 1676 1350; x_wconf 90' lang='lat' dir='ltr'><strong>Alpium</strong></span> <span class='ocrx_word' id='word_1_33' title='bbox 1722 1262 2014 1348; x_wconf 86' lang='lat' dir='ltr'>Mugelli,</span> <span class='ocrx_word' id='word_1_34' title='bbox 2048 1262 2253 1326; x_wconf 90' lang='lat' dir='ltr'>altero</span> <span class='ocrx_word' id='word_1_35' title='bbox 2301 1270 2366 1326; x_wconf 91' lang='lat' dir='ltr'>et</span> <span class='ocrx_word' id='word_1_36' title='bbox 2414 1261 2725 1346; x_wconf 88' lang='lat' dir='ltr'>vigesimo</span> <span class='ocrx_word' id='word_1_37' title='bbox 2773 1259 2990 1346; x_wconf 90' lang='lat' dir='ltr'>lapide</span> 
     </span>
     <span class='ocr_line' id='line_1_8' title="bbox 1220 1368 2988 1452; baseline -0.003 -16"><span class='ocrx_word' id='word_1_38' title='bbox 1220 1373 1501 1436; x_wconf 88' lang='lat' dir='ltr'>distante</span> <span class='ocrx_word' id='word_1_39' title='bbox 1549 1373 1632 1436; x_wconf 87' lang='lat' dir='ltr'>ab</span> <span class='ocrx_word' id='word_1_40' title='bbox 1680 1371 1839 1435; x_wconf 90' lang='lat' dir='ltr'>urbe</span> <span class='ocrx_word' id='word_1_41' title='bbox 1888 1370 2242 1452; x_wconf 84' lang='lat' dir='ltr'>Florentia,</span> <span class='ocrx_word' id='word_1_42' title='bbox 2276 1369 2411 1433; x_wconf 87' lang='lat' dir='ltr'>nati</span> <span class='ocrx_word' id='word_1_43' title='bbox 2460 1375 2629 1432; x_wconf 89' lang='lat' dir='ltr'>sunt.</span> <span class='ocrx_word' id='word_1_44' title='bbox 2677 1368 2808 1432; x_wconf 89' lang='lat' dir='ltr'>Hic</span> <span class='ocrx_word' id='word_1_45' title='bbox 2852 1368 2988 1431; x_wconf 90' lang='lat' dir='ltr'>An·</span> 
     </span>
     <span class='ocr_line' id='line_1_9' title="bbox 1219 1474 2989 1565; baseline -0.002 -23"><span class='ocrx_word' id='word_1_46' title='bbox 1219 1479 1395 1562; x_wconf 89' lang='lat' dir='ltr'>drea,</span> <span class='ocrx_word' id='word_1_47' title='bbox 1430 1487 1614 1565; x_wconf 88' lang='lat' dir='ltr'>patre</span> <span class='ocrx_word' id='word_1_48' title='bbox 1646 1479 1982 1542; x_wconf 89' lang='lat' dir='ltr'>literarum</span> <span class='ocrx_word' id='word_1_49' title='bbox 2015 1478 2335 1541; x_wconf 90' lang='lat' dir='ltr'>elementa</span> <span class='ocrx_word' id='word_1_50' title='bbox 2368 1476 2658 1558; x_wconf 85' lang='lat' dir='ltr'>docente,</span> <span class='ocrx_word' id='word_1_51' title='bbox 2692 1474 2989 1540; x_wconf 80' lang='lat' dir='ltr'>celeriter</span> 
     </span>
     <span class='ocr_line' id='line_1_10' title="bbox 1219 1583 2987 1672; baseline -0.002 -23"><span class='ocrx_word' id='word_1_52' title='bbox 1219 1586 1444 1651; x_wconf 79' lang='lat' dir='ltr'>didicit</span> <span class='ocrx_word' id='word_1_53' title='bbox 1490 1586 1838 1672; x_wconf 87' lang='lat' dir='ltr'>primitiva.</span> <span class='ocrx_word' id='word_1_54' title='bbox 1875 1585 2034 1649; x_wconf 90' lang='lat' dir='ltr'>Inde</span> <span class='ocrx_word' id='word_1_55' title='bbox 2069 1606 2137 1648; x_wconf 91' lang='lat' dir='ltr'>se</span> <span class='ocrx_word' id='word_1_56' title='bbox 2169 1583 2533 1648; x_wconf 81' lang='lat' dir='ltr'>Bononiam</span> <span class='ocrx_word' id='word_1_57' title='bbox 2574 1583 2846 1647; x_wconf 90' lang='lat' dir='ltr'>contulit</span> <span class='ocrx_word' id='word_1_58' title='bbox 2876 1603 2987 1668; x_wconf 89' lang='lat' dir='ltr'>pc·</span> 
     </span>
     <span class='ocr_line' id='line_1_11' title="bbox 1220 1691 2987 1781; baseline -0.003 -21"><span class='ocrx_word' id='word_1_59' title='bbox 1220 1696 1537 1781; x_wconf 87' lang='lat' dir='ltr'>dagogus,</span> <span class='ocrx_word' id='word_1_60' title='bbox 1586 1695 1698 1759; x_wconf 89' lang='lat' dir='ltr'>ubi</span> <span class='ocrx_word' id='word_1_61' title='bbox 1745 1694 2046 1759; x_wconf 88' lang='lat' dir='ltr'>liberales</span> <span class='ocrx_word' id='word_1_62' title='bbox 2096 1701 2266 1757; x_wconf 85' lang='lat' dir='ltr'>artes</span> <span class='ocrx_word' id='word_1_63' title='bbox 2314 1692 2594 1756; x_wconf 88' lang='lat' dir='ltr'>mirabili</span> <span class='ocrx_word' id='word_1_64' title='bbox 2656 1691 2987 1755; x_wconf 88' lang='lat' dir='ltr'>celeritate</span> 
     </span>
     <span class='ocr_line' id='line_1_12' title="bbox 1216 1800 2985 1889; baseline -0.003 -21"><span class='ocrx_word' id='word_1_65' title='bbox 1216 1804 1460 1868; x_wconf 86' lang='lat' dir='ltr'>didicit.</span> <span class='ocrx_word' id='word_1_66' title='bbox 1512 1803 1803 1889; x_wconf 86' lang='lat' dir='ltr'>Cumque</span> <span class='ocrx_word' id='word_1_67' title='bbox 1852 1803 1917 1866; x_wconf 90' lang='lat' dir='ltr'>in</span> <span class='ocrx_word' id='word_1_68' title='bbox 1980 1808 2162 1865; x_wconf 88' lang='lat' dir='ltr'>tanta</span> <span class='ocrx_word' id='word_1_69' title='bbox 2227 1807 2543 1864; x_wconf 76' lang='lat' dir='ltr'>cresceret</span> <span class='ocrx_word' id='word_1_70' title='bbox 2610 1800 2985 1881; x_wconf 86' lang='lat' dir='ltr'>honestate,</span> 
     </span>
     <span class='ocr_line' id='line_1_13' title="bbox 1219 1906 2986 1998; baseline -0.004 -22"><span class='ocrx_word' id='word_1_71' title='bbox 1219 1919 1464 1998; x_wconf 87' lang='lat' dir='ltr'>quanta</span> <span class='ocrx_word' id='word_1_72' title='bbox 1512 1911 1833 1975; x_wconf 87' lang='lat' dir='ltr'>sufficeret</span> <span class='ocrx_word' id='word_1_73' title='bbox 1880 1909 2122 1973; x_wconf 90' lang='lat' dir='ltr'>homini</span> <span class='ocrx_word' id='word_1_74' title='bbox 2164 1909 2489 1992; x_wconf 86' lang='lat' dir='ltr'>religioso,</span> <span class='ocrx_word' id='word_1_75' title='bbox 2524 1906 2794 1972; x_wconf 90' lang='lat' dir='ltr'>venitin</span> <span class='ocrx_word' id='word_1_76' title='bbox 2838 1927 2986 1991; x_wconf 90' lang='lat' dir='ltr'>gra-</span> 
     </span>
     <span class='ocr_line' id='line_1_14' title="bbox 1216 2013 2985 2102; baseline -0.004 -19"><span class='ocrx_word' id='word_1_77' title='bbox 1216 2020 1373 2084; x_wconf 91' lang='lat' dir='ltr'>tiam</span> <span class='ocrx_word' id='word_1_78' title='bbox 1422 2020 1545 2083; x_wconf 91' lang='lat' dir='ltr'>viri</span> <span class='ocrx_word' id='word_1_79' title='bbox 1594 2017 1827 2082; x_wconf 92' lang='lat' dir='ltr'>nobilis</span> <span class='ocrx_word' id='word_1_80' title='bbox 1892 2015 2219 2102; x_wconf 85' lang='lat' dir='ltr'>Raynaldi</span> <span class='ocrx_word' id='word_1_81' title='bbox 2266 2015 2347 2079; x_wconf 92' lang='lat' dir='ltr'>de</span> <span class='ocrx_word' id='word_1_82' title='bbox 2392 2013 2773 2095; x_wconf 87' lang='lat' dir='ltr'>Ubaldinis,</span> <span class='ocrx_word' id='word_1_83' title='bbox 2823 2013 2985 2077; x_wconf 90' lang='lat' dir='ltr'>adeo</span> 
     </span>
     <span class='ocr_line' id='line_1_15' title="bbox 1217 2121 2985 2213; baseline -0.004 -22"><span class='ocrx_word' id='word_1_84' title='bbox 1217 2127 1388 2213; x_wconf 89' lang='lat' dir='ltr'>quod</span> <span class='ocrx_word' id='word_1_85' title='bbox 1438 2129 1579 2211; x_wconf 86' lang='lat' dir='ltr'>ejus</span> <span class='ocrx_word' id='word_1_86' title='bbox 1626 2127 1829 2190; x_wconf 90' lang='lat' dir='ltr'>filium</span> <span class='ocrx_word' id='word_1_87' title='bbox 1879 2125 2219 2210; x_wconf 84' lang='lat' dir='ltr'>Scarpetta</span> <span class='ocrx_word' id='word_1_88' title='bbox 2264 2123 2520 2187; x_wconf 89' lang='lat' dir='ltr'>nomine</span> <span class='ocrx_word' id='word_1_89' title='bbox 2568 2121 2687 2185; x_wconf 89' lang='lat' dir='ltr'>sub</span> <span class='ocrx_word' id='word_1_90' title='bbox 2728 2121 2985 2185; x_wconf 89' lang='lat' dir='ltr'>Joanne</span> 
     </span>
     <span class='ocr_line' id='line_1_16' title="bbox 1215 2229 2986 2300; baseline -0.005 0"><span class='ocrx_word' id='word_1_91' title='bbox 1215 2235 1534 2300; x_wconf 83' lang='lat' dir='ltr'>directore</span> <span class='ocrx_word' id='word_1_92' title='bbox 1583 2236 1661 2300; x_wconf 88' lang='lat' dir='ltr'>ad</span> <span class='ocrx_word' id='word_1_93' title='bbox 1723 2236 1821 2298; x_wconf 90' lang='lat' dir='ltr'>ius</span> <span class='ocrx_word' id='word_1_94' title='bbox 1869 2234 2249 2298; x_wconf 88' lang='lat' dir='ltr'>canonicum</span> <span class='ocrx_word' id='word_1_95' title='bbox 2296 2231 2659 2294; x_wconf 83' lang='lat' dir='ltr'>Bononiam</span> <span class='ocrx_word' id='word_1_96' title='bbox 2706 2229 2986 2293; x_wconf 86' lang='lat' dir='ltr'>destina·</span> 
     </span>
     <span class='ocr_line' id='line_1_17' title="bbox 1213 2335 2984 2430; baseline -0.006 -22"><span class='ocrx_word' id='word_1_97' title='bbox 1213 2345 1326 2408; x_wconf 90' lang='lat' dir='ltr'>vit.</span> <span class='ocrx_word' id='word_1_98' title='bbox 1376 2344 1526 2430; x_wconf 90' lang='lat' dir='ltr'>Ipse</span> <span class='ocrx_word' id='word_1_99' title='bbox 1590 2351 1808 2408; x_wconf 89' lang='lat' dir='ltr'>autem</span> <span class='ocrx_word' id='word_1_100' title='bbox 1855 2342 2144 2407; x_wconf 82' lang='lat' dir='ltr'>Joannes</span> <span class='ocrx_word' id='word_1_101' title='bbox 2201 2341 2291 2402; x_wconf 89' lang='lat' dir='ltr'>ita</span> <span class='ocrx_word' id='word_1_102' title='bbox 2351 2338 2626 2424; x_wconf 84' lang='lat' dir='ltr'>profecit</span> <span class='ocrx_word' id='word_1_103' title='bbox 2686 2335 2855 2422; x_wconf 93' lang='lat' dir='ltr'>quod</span> <span class='ocrx_word' id='word_1_104' title='bbox 2918 2336 2984 2399; x_wconf 92' lang='lat' dir='ltr'>in</span> 
     </span>
     <span class='ocr_line' id='line_1_18' title="bbox 1212 2443 2983 2539; baseline -0.005 -24"><span class='ocrx_word' id='word_1_105' title='bbox 1212 2474 1417 2539; x_wconf 86' lang='lat' dir='ltr'>parvo</span> <span class='ocrx_word' id='word_1_106' title='bbox 1451 2459 1740 2537; x_wconf 87' lang='lat' dir='ltr'>tempore</span> <span class='ocrx_word' id='word_1_107' title='bbox 1776 2448 2295 2537; x_wconf 76' lang='lat' dir='ltr'>quammaximus</span> <span class='ocrx_word' id='word_1_108' title='bbox 2330 2446 2554 2510; x_wconf 89' lang='lat' dir='ltr'>doctor</span> <span class='ocrx_word' id='word_1_109' title='bbox 2584 2444 2866 2526; x_wconf 88' lang='lat' dir='ltr'>habitus,</span> <span class='ocrx_word' id='word_1_110' title='bbox 2901 2443 2983 2507; x_wconf 89' lang='lat' dir='ltr'>ad</span> 
     </span>
     <span class='ocr_line' id='line_1_19' title="bbox 1216 2555 2982 2646; baseline -0.006 -22"><span class='ocrx_word' id='word_1_111' title='bbox 1216 2560 1660 2645; x_wconf 86' lang='lat' dir='ltr'>lecturamque</span> <span class='ocrx_word' id='word_1_112' title='bbox 1706 2564 2070 2646; x_wconf 75' lang='lat' dir='ltr'>provectuS,</span> <span class='ocrx_word' id='word_1_113' title='bbox 2106 2555 2367 2640; x_wconf 88' lang='lat' dir='ltr'>ingenia</span> <span class='ocrx_word' id='word_1_114' title='bbox 2399 2559 2775 2618; x_wconf 89' lang='lat' dir='ltr'>cunctorum</span> <span class='ocrx_word' id='word_1_115' title='bbox 2809 2557 2982 2614; x_wconf 86' lang='lat' dir='ltr'>vete-</span> 
     </span>
     <span class='ocr_line' id='line_1_20' title="bbox 1212 2657 2985 2753; baseline -0.006 -21"><span class='ocrx_word' id='word_1_116' title='bbox 1212 2690 1357 2731; x_wconf 89' lang='lat' dir='ltr'>rum</span> <span class='ocrx_word' id='word_1_117' title='bbox 1403 2666 1774 2753; x_wconf 87' lang='lat' dir='ltr'>superabat.</span> <span class='ocrx_word' id='word_1_118' title='bbox 1825 2664 2073 2728; x_wconf 76' lang='lat' dir='ltr'>Dilexit</span> <span class='ocrx_word' id='word_1_119' title='bbox 2133 2663 2293 2726; x_wconf 89' lang='lat' dir='ltr'>adeo</span> <span class='ocrx_word' id='word_1_120' title='bbox 2364 2661 2535 2724; x_wconf 89' lang='lat' dir='ltr'>dicta</span> <span class='ocrx_word' id='word_1_121' title='bbox 2596 2657 2985 2743; x_wconf 79' lang='lat' dir='ltr'>Hieronymi</span> 
     </span>
     <span class='ocr_line' id='line_1_21' title="bbox 1213 2767 2982 2862; baseline -0.007 -22"><span class='ocrx_word' id='word_1_122' title='bbox 1213 2775 1385 2862; x_wconf 90' lang='lat' dir='ltr'>quod</span> <span class='ocrx_word' id='word_1_123' title='bbox 1431 2797 1683 2839; x_wconf 88' lang='lat' dir='ltr'>summa</span> <span class='ocrx_word' id='word_1_124' title='bbox 1730 2772 2068 2857; x_wconf 83' lang='lat' dir='ltr'>diligentia</span> <span class='ocrx_word' id='word_1_125' title='bbox 2114 2792 2231 2857; x_wconf 89' lang='lat' dir='ltr'>per</span> <span class='ocrx_word' id='word_1_126' title='bbox 2273 2768 2620 2854; x_wconf 89' lang='lat' dir='ltr'>discipulos</span> <span class='ocrx_word' id='word_1_127' title='bbox 2654 2767 2982 2830; x_wconf 89' lang='lat' dir='ltr'>variarum</span> 
     </span>
     <span class='ocr_line' id='line_1_22' title="bbox 1212 2876 2985 2968; baseline -0.007 -20"><span class='ocrx_word' id='word_1_128' title='bbox 1212 2885 1572 2968; x_wconf 88' lang='lat' dir='ltr'>regionum,</span> <span class='ocrx_word' id='word_1_129' title='bbox 1608 2903 1767 2968; x_wconf 92' lang='lat' dir='ltr'>quos</span> <span class='ocrx_word' id='word_1_130' title='bbox 1814 2882 1951 2967; x_wconf 91' lang='lat' dir='ltr'>ipse</span> <span class='ocrx_word' id='word_1_131' title='bbox 1999 2879 2326 2959; x_wconf 80' lang='lat' dir='ltr'>docuerat,</span> <span class='ocrx_word' id='word_1_132' title='bbox 2362 2876 2546 2961; x_wconf 80' lang='lat' dir='ltr'>quasi</span> <span class='ocrx_word' id='word_1_133' title='bbox 2595 2876 2736 2958; x_wconf 90' lang='lat' dir='ltr'>ejus</span> <span class='ocrx_word' id='word_1_134' title='bbox 2786 2894 2985 2959; x_wconf 88' lang='lat' dir='ltr'>opera</span> 
     </span>
     <span class='ocr_line' id='line_1_23' title="bbox 1214 2982 2981 3077; baseline -0.007 -21"><span class='ocrx_word' id='word_1_135' title='bbox 1214 2991 1657 3077; x_wconf 78' lang='lat' dir='ltr'>congregavit.</span> <span class='ocrx_word' id='word_1_136' title='bbox 1708 2990 1793 3054; x_wconf 82' lang='lat' dir='ltr'>Et</span> <span class='ocrx_word' id='word_1_137' title='bbox 1840 2990 1976 3075; x_wconf 89' lang='lat' dir='ltr'>ipse</span> <span class='ocrx_word' id='word_1_138' title='bbox 2025 2986 2310 3072; x_wconf 86' lang='lat' dir='ltr'>eleganti</span> <span class='ocrx_word' id='word_1_139' title='bbox 2342 2985 2490 3048; x_wconf 90' lang='lat' dir='ltr'>stilo</span> <span class='ocrx_word' id='word_1_140' title='bbox 2522 2983 2814 3047; x_wconf 90' lang='lat' dir='ltr'>libellum</span> <span class='ocrx_word' id='word_1_141' title='bbox 2848 2982 2981 3046; x_wconf 88' lang='lat' dir='ltr'>edi-</span> 
     </span>
     <span class='ocr_line' id='line_1_24' title="bbox 1216 3091 2980 3181; baseline -0.006 -19"><span class='ocrx_word' id='word_1_142' title='bbox 1216 3099 1309 3162; x_wconf 87' lang='lat' dir='ltr'>dit</span> <span class='ocrx_word' id='word_1_143' title='bbox 1373 3099 1452 3163; x_wconf 91' lang='lat' dir='ltr'>de</span> <span class='ocrx_word' id='word_1_144' title='bbox 1507 3099 1641 3161; x_wconf 90' lang='lat' dir='ltr'>vita</span> <span class='ocrx_word' id='word_1_145' title='bbox 1703 3095 2108 3181; x_wconf 81' lang='lat' dir='ltr'>Hieronymi.</span> <span class='ocrx_word' id='word_1_146' title='bbox 2159 3093 2294 3158; x_wconf 84' lang='lat' dir='ltr'>Sub</span> <span class='ocrx_word' id='word_1_147' title='bbox 2360 3092 2651 3176; x_wconf 89' lang='lat' dir='ltr'>ejusdem</span> <span class='ocrx_word' id='word_1_148' title='bbox 2722 3091 2980 3154; x_wconf 89' lang='lat' dir='ltr'>nomine</span> 
     </span>
     <span class='ocr_line' id='line_1_25' title="bbox 1211 3197 2980 3283; baseline -0.005 -13"><span class='ocrx_word' id='word_1_149' title='bbox 1211 3207 1366 3270; x_wconf 88' lang='lat' dir='ltr'>fecit</span> <span class='ocrx_word' id='word_1_150' title='bbox 1411 3205 1895 3271; x_wconf 88' lang='lat' dir='ltr'>devotissimum</span> <span class='ocrx_word' id='word_1_151' title='bbox 1922 3203 1999 3266; x_wconf 89' lang='lat'>(1)</span> <span class='ocrx_word' id='word_1_152' title='bbox 2026 3201 2310 3266; x_wconf 84' lang='lat' dir='ltr'>construi</span> <span class='ocrx_word' id='word_1_153' title='bbox 2351 3199 2526 3263; x_wconf 90' lang='lat' dir='ltr'>haud</span> <span class='ocrx_word' id='word_1_154' title='bbox 2568 3199 2761 3283; x_wconf 89' lang='lat' dir='ltr'>longe</span> <span class='ocrx_word' id='word_1_155' title='bbox 2810 3219 2848 3262; x_wconf 93' lang='lat' dir='ltr'>a</span> <span class='ocrx_word' id='word_1_156' title='bbox 2896 3197 2980 3261; x_wconf 89' lang='lat' dir='ltr'>ci·</span> 
     </span>
     <span class='ocr_line' id='line_1_26' title="bbox 1209 3308 2983 3392; baseline -0.005 -15"><span class='ocrx_word' id='word_1_157' title='bbox 1209 3316 1411 3379; x_wconf 87' lang='lat' dir='ltr'>vitate</span> <span class='ocrx_word' id='word_1_158' title='bbox 1475 3314 1788 3377; x_wconf 90' lang='lat' dir='ltr'>Bononie.</span> <span class='ocrx_word' id='word_1_159' title='bbox 1840 3311 1925 3375; x_wconf 89' lang='lat' dir='ltr'>Et</span> <span class='ocrx_word' id='word_1_160' title='bbox 1994 3311 2145 3374; x_wconf 90' lang='lat' dir='ltr'>dum</span> <span class='ocrx_word' id='word_1_161' title='bbox 2202 3308 2462 3392; x_wconf 86' lang='lat' dir='ltr'>juvenis</span> <span class='ocrx_word' id='word_1_162' title='bbox 2529 3315 2738 3388; x_wconf 84' lang='lat' dir='ltr'>esset,</span> <span class='ocrx_word' id='word_1_163' title='bbox 2789 3326 2983 3391; x_wconf 89' lang='lat' dir='ltr'>super</span> 
     </span>
     <span class='ocr_line' id='line_1_27' title="bbox 1208 3414 2981 3502; baseline -0.005 -18"><span class='ocrx_word' id='word_1_164' title='bbox 1208 3422 1327 3485; x_wconf 79' lang='lat' dir='ltr'>VI.</span> <span class='ocrx_word' id='word_1_165' title='bbox 1360 3420 1686 3486; x_wconf 88' lang='lat' dir='ltr'>Bonifacii</span> <span class='ocrx_word' id='word_1_166' title='bbox 1734 3418 2092 3484; x_wconf 90' lang='lat' dir='ltr'>ordinarias</span> <span class='ocrx_word' id='word_1_167' title='bbox 2126 3418 2375 3502; x_wconf 85' lang='lat' dir='ltr'>glossas</span> <span class='ocrx_word' id='word_1_168' title='bbox 2418 3414 2589 3479; x_wconf 89' lang='lat' dir='ltr'>fecit.</span> <span class='ocrx_word' id='word_1_169' title='bbox 2627 3414 2755 3478; x_wconf 83' lang='lat' dir='ltr'>Sed</span> <span class='ocrx_word' id='word_1_170' title='bbox 2787 3435 2981 3499; x_wconf 89' lang='lat' dir='ltr'>super</span> 
     </span>
     <span class='ocr_line' id='line_1_28' title="bbox 1211 3520 2978 3613; baseline -0.005 -21"><span class='ocrx_word' id='word_1_171' title='bbox 1211 3529 1559 3593; x_wconf 90' lang='lat' dir='ltr'>Clementis</span> <span class='ocrx_word' id='word_1_172' title='bbox 1627 3530 1718 3593; x_wconf 90' lang='lat' dir='ltr'>ita</span> <span class='ocrx_word' id='word_1_173' title='bbox 1766 3527 2159 3613; x_wconf 88' lang='lat' dir='ltr'>perpingues</span> <span class='ocrx_word' id='word_1_174' title='bbox 2222 3524 2474 3608; x_wconf 88' lang='lat' dir='ltr'>glossas</span> <span class='ocrx_word' id='word_1_175' title='bbox 2522 3522 2756 3603; x_wconf 87' lang='lat' dir='ltr'>edidit,</span> <span class='ocrx_word' id='word_1_176' title='bbox 2807 3520 2978 3607; x_wconf 92' lang='lat' dir='ltr'>quod</span> 
     </span>
     <span class='ocr_line' id='line_1_29' title="bbox 1207 3629 2977 3720; baseline -0.006 -19"><span class='ocrx_word' id='word_1_177' title='bbox 1207 3636 1549 3700; x_wconf 88' lang='lat' dir='ltr'>universus</span> <span class='ocrx_word' id='word_1_178' title='bbox 1596 3636 1769 3700; x_wconf 88' lang='lat' dir='ltr'>orbis</span> <span class='ocrx_word' id='word_1_179' title='bbox 1819 3634 2005 3720; x_wconf 89' lang='lat' dir='ltr'>quasi</span> <span class='ocrx_word' id='word_1_180' title='bbox 2051 3632 2375 3718; x_wconf 89' lang='lat' dir='ltr'>quoddam</span> <span class='ocrx_word' id='word_1_181' title='bbox 2416 3629 2708 3695; x_wconf 89' lang='lat' dir='ltr'>veritatis</span> <span class='ocrx_word' id='word_1_182' title='bbox 2751 3650 2977 3692; x_wconf 90' lang='lat' dir='ltr'>oracu-</span> 
     </span>
     <span class='ocr_line' id='line_1_30' title="bbox 1204 3738 2976 3824; baseline -0.006 -15"><span class='ocrx_word' id='word_1_183' title='bbox 1204 3746 1343 3809; x_wconf 90' lang='lat' dir='ltr'>lum</span> <span class='ocrx_word' id='word_1_184' title='bbox 1389 3766 1640 3808; x_wconf 89' lang='lat' dir='ltr'>summa</span> <span class='ocrx_word' id='word_1_185' title='bbox 1686 3765 1833 3807; x_wconf 90' lang='lat' dir='ltr'>cum</span> <span class='ocrx_word' id='word_1_186' title='bbox 1878 3741 2296 3806; x_wconf 85' lang='lat' dir='ltr'>veneratione</span> <span class='ocrx_word' id='word_1_187' title='bbox 2344 3738 2683 3824; x_wconf 80' lang='lat' dir='ltr'>suscipiat3</span> <span class='ocrx_word' id='word_1_188' title='bbox 2717 3744 2783 3800; x_wconf 88' lang='lat' dir='ltr'>et</span> <span class='ocrx_word' id='word_1_189' title='bbox 2829 3758 2976 3800; x_wconf 89' lang='lat' dir='ltr'>cum</span> 
     </span>
     <span class='ocr_line' id='line_1_31' title="bbox 1199 3846 2974 3941; baseline -0.006 -22"><span class='ocrx_word' id='word_1_190' title='bbox 1199 3857 1340 3941; x_wconf 89' lang='lat' dir='ltr'>jam</span> <span class='ocrx_word' id='word_1_191' title='bbox 1386 3854 1627 3918; x_wconf 89' lang='lat' dir='ltr'>lecture</span> <span class='ocrx_word' id='word_1_192' title='bbox 1677 3851 2013 3917; x_wconf 86' lang='lat' dir='ltr'>Cauouum</span> <span class='ocrx_word' id='word_1_193' title='bbox 2059 3869 2176 3935; x_wconf 90' lang='lat' dir='ltr'>per</span> <span class='ocrx_word' id='word_1_194' title='bbox 2221 3846 2303 3912; x_wconf 90' lang='lat' dir='ltr'>V.</span> <span class='ocrx_word' id='word_1_195' title='bbox 2338 3868 2541 3911; x_wconf 90' lang='lat' dir='ltr'>annos</span> <span class='ocrx_word' id='word_1_196' title='bbox 2591 3846 2728 3910; x_wconf 90' lang='lat' dir='ltr'>sine</span> <span class='ocrx_word' id='word_1_197' title='bbox 2778 3846 2974 3910; x_wconf 88' lang='lat' dir='ltr'>iuter·</span> 
     </span>
     <span class='ocr_line' id='line_1_32' title="bbox 1205 3955 2975 4044; baseline -0.006 -17"><span class='ocrx_word' id='word_1_198' title='bbox 1205 3962 1509 4027; x_wconf 87' lang='lat' dir='ltr'>missione</span> <span class='ocrx_word' id='word_1_199' title='bbox 1557 3966 1875 4040; x_wconf 88' lang='lat' dir='ltr'>vacasset,</span> <span class='ocrx_word' id='word_1_200' title='bbox 1910 3957 2267 4044; x_wconf 90' lang='lat' dir='ltr'>publicavit</span> <span class='ocrx_word' id='word_1_201' title='bbox 2306 3955 2465 4019; x_wconf 91' lang='lat' dir='ltr'>illud</span> <span class='ocrx_word' id='word_1_202' title='bbox 2513 3955 2764 4039; x_wconf 90' lang='lat' dir='ltr'>insigne</span> <span class='ocrx_word' id='word_1_203' title='bbox 2814 3974 2975 4039; x_wconf 93' lang='lat' dir='ltr'>opus</span> 
     </span>
     <span class='ocr_line' id='line_1_33' title="bbox 1204 4062 2979 4158; baseline -0.006 -22"><span class='ocrx_word' id='word_1_204' title='bbox 1204 4092 1400 4158; x_wconf 89' lang='lat' dir='ltr'>super</span> <span class='ocrx_word' id='word_1_205' title='bbox 1446 4066 1901 4134; x_wconf 84' lang='lat' dir='ltr'>Decretalibus</span> <span class='ocrx_word' id='word_1_206' title='bbox 1934 4064 2371 4150; x_wconf 87' lang='lat' dir='ltr'>compilatum,</span> <span class='ocrx_word' id='word_1_207' title='bbox 2406 4064 2590 4147; x_wconf 88' lang='lat' dir='ltr'>cujus</span> <span class='ocrx_word' id='word_1_208' title='bbox 2622 4062 2847 4125; x_wconf 88' lang='lat' dir='ltr'>titulus</span> <span class='ocrx_word' id='word_1_209' title='bbox 2880 4067 2979 4125; x_wconf 89' lang='lat' dir='ltr'>est</span> 
     </span>
     <span class='ocr_line' id='line_1_34' title="bbox 1203 4170 2973 4261; baseline -0.006 -19"><span class='ocrx_word' id='word_1_210' title='bbox 1203 4176 1490 4259; x_wconf 74' lang='lat' dir='ltr'>Novella,</span> <span class='ocrx_word' id='word_1_211' title='bbox 1524 4176 1592 4239; x_wconf 90' lang='lat' dir='ltr'>in</span> <span class='ocrx_word' id='word_1_212' title='bbox 1639 4196 1765 4261; x_wconf 92' lang='lat' dir='ltr'>quo</span> <span class='ocrx_word' id='word_1_213' title='bbox 1812 4172 2071 4258; x_wconf 90' lang='lat' dir='ltr'>quidem</span> <span class='ocrx_word' id='word_1_214' title='bbox 2118 4191 2520 4257; x_wconf 86' lang='lat' dir='ltr'>quacumque</span> <span class='ocrx_word' id='word_1_215' title='bbox 2568 4170 2757 4233; x_wconf 92' lang='lat' dir='ltr'>litera</span> <span class='ocrx_word' id='word_1_216' title='bbox 2798 4175 2973 4233; x_wconf 89' lang='lat' dir='ltr'>vete-</span> 
     </span>
     <span class='ocr_line' id='line_1_35' title="bbox 1206 4278 2974 4371; baseline -0.005 -21"><span class='ocrx_word' id='word_1_217' title='bbox 1206 4308 1310 4351; x_wconf 89' lang='lat' dir='ltr'>res</span> <span class='ocrx_word' id='word_1_218' title='bbox 1351 4285 1763 4371; x_wconf 85' lang='lat' dir='ltr'>scripserant,</span> <span class='ocrx_word' id='word_1_219' title='bbox 1798 4288 2042 4363; x_wconf 87' lang='lat' dir='ltr'>ornate,</span> <span class='ocrx_word' id='word_1_220' title='bbox 2077 4280 2399 4344; x_wconf 87' lang='lat' dir='ltr'>subtiliter</span> <span class='ocrx_word' id='word_1_221' title='bbox 2440 4286 2633 4364; x_wconf 88' lang='lat' dir='ltr'>atque</span> <span class='ocrx_word' id='word_1_222' title='bbox 2682 4278 2974 4342; x_wconf 90' lang='lat' dir='ltr'>ordinate</span> 
     </span>
     <span class='ocr_line' id='line_1_36' title="bbox 1207 4387 2971 4478; baseline -0.006 -21"><span class='ocrx_word' id='word_1_223' title='bbox 1207 4392 1496 4478; x_wconf 87' lang='lat' dir='ltr'>digessit.</span> <span class='ocrx_word' id='word_1_224' title='bbox 1544 4391 1629 4454; x_wconf 81' lang='lat' dir='ltr'>Et</span> <span class='ocrx_word' id='word_1_225' title='bbox 1676 4392 1742 4453; x_wconf 90' lang='lat' dir='ltr'>in</span> <span class='ocrx_word' id='word_1_226' title='bbox 1790 4389 2306 4474; x_wconf 87' lang='lat' dir='ltr'>supplementum</span> <span class='ocrx_word' id='word_1_227' title='bbox 2356 4387 2747 4471; x_wconf 89' lang='lat' dir='ltr'>glossarum,</span> <span class='ocrx_word' id='word_1_228' title='bbox 2791 4407 2971 4471; x_wconf 89' lang='lat' dir='ltr'>quas,</span> 
     </span>
     <span class='ocr_line' id='line_1_37' title="bbox 1206 4493 2972 4582; baseline -0.005 -17"><span class='ocrx_word' id='word_1_229' title='bbox 1206 4508 1278 4565; x_wconf 88' lang='lat' dir='ltr'>ut</span> <span class='ocrx_word' id='word_1_230' title='bbox 1310 4500 1465 4581; x_wconf 80' lang='lat' dir='ltr'>dixi,</span> <span class='ocrx_word' id='word_1_231' title='bbox 1488 4496 1746 4582; x_wconf 84' lang='lat' dir='ltr'>juvenis</span> <span class='ocrx_word' id='word_1_232' title='bbox 1780 4496 2070 4560; x_wconf 87' lang='lat' dir='ltr'>ediderat</span> <span class='ocrx_word' id='word_1_233' title='bbox 2096 4516 2290 4580; x_wconf 89' lang='lat' dir='ltr'>super</span> <span class='ocrx_word' id='word_1_234' title='bbox 2320 4494 2470 4577; x_wconf 82' lang='lat' dir='ltr'>VL,</span> <span class='ocrx_word' id='word_1_235' title='bbox 2506 4494 2812 4579; x_wconf 89' lang='lat' dir='ltr'>scriptum</span> <span class='ocrx_word' id='word_1_236' title='bbox 2849 4493 2972 4556; x_wconf 89' lang='lat' dir='ltr'>uti-</span> 
     </span>
     <span class='ocr_line' id='line_1_38' title="bbox 1208 4600 2974 4687; baseline -0.005 -15"><span class='ocrx_word' id='word_1_237' title='bbox 1208 4608 1525 4672; x_wconf 89' lang='lat' dir='ltr'>lissimum</span> <span class='ocrx_word' id='word_1_238' title='bbox 1559 4605 1730 4669; x_wconf 84' lang='lat' dir='ltr'>fecit.</span> <span class='ocrx_word' id='word_1_239' title='bbox 1765 4603 2091 4687; x_wconf 78' lang='lat' dir='ltr'>Adjunxit</span> <span class='ocrx_word' id='word_1_240' title='bbox 2123 4603 2319 4666; x_wconf 89' lang='lat' dir='ltr'>etiam</span> <span class='ocrx_word' id='word_1_241' title='bbox 2354 4602 2608 4686; x_wconf 81' lang='lat' dir='ltr'>Speculo</span> <span class='ocrx_word' id='word_1_242' title='bbox 2641 4600 2974 4664; x_wconf 86' lang='lat' dir='ltr'>Guilielmi</span> 
     </span>
     <span class='ocr_line' id='line_1_39' title="bbox 1205 4708 2973 4798; baseline -0.005 -18"><span class='ocrx_word' id='word_1_243' title='bbox 1205 4715 1521 4781; x_wconf 87' lang='lat' dir='ltr'>Durantis</span> <span class='ocrx_word' id='word_1_244' title='bbox 1593 4734 1670 4777; x_wconf 89' lang='lat' dir='ltr'>ea</span> <span class='ocrx_word' id='word_1_245' title='bbox 1739 4733 1864 4798; x_wconf 92' lang='lat' dir='ltr'>que</span> <span class='ocrx_word' id='word_1_246' title='bbox 1929 4732 2089 4797; x_wconf 90' lang='lat' dir='ltr'>opus</span> <span class='ocrx_word' id='word_1_247' title='bbox 2159 4710 2603 4795; x_wconf 84' lang='lat' dir='ltr'>imperfectum</span> <span class='ocrx_word' id='word_1_248' title='bbox 2663 4708 2973 4794; x_wconf 91' lang='lat' dir='ltr'>perficere</span> 
     </span>
     <span class='ocr_line' id='line_1_40' title="bbox 1207 4815 2971 4889; baseline -0.006 -1"><span class='ocrx_word' id='word_1_249' title='bbox 1207 4824 1603 4889; x_wconf 85' lang='lat' dir='ltr'>viderentur.</span> <span class='ocrx_word' id='word_1_250' title='bbox 1653 4820 1816 4885; x_wconf 83' lang='lat' dir='ltr'>Cum</span> <span class='ocrx_word' id='word_1_251' title='bbox 1864 4819 2126 4883; x_wconf 90' lang='lat' dir='ltr'>tandem</span> <span class='ocrx_word' id='word_1_252' title='bbox 2175 4824 2535 4881; x_wconf 87' lang='lat' dir='ltr'>verteretur</span> <span class='ocrx_word' id='word_1_253' title='bbox 2595 4817 2659 4879; x_wconf 89' lang='lat' dir='ltr'>in</span> <span class='ocrx_word' id='word_1_254' title='bbox 2722 4815 2971 4880; x_wconf 87' lang='lat' dir='ltr'>senium</span> 
     </span>
     <span class='ocr_line' id='line_1_41' title="bbox 1208 4924 2972 5011; baseline -0.006 -16"><span class='ocrx_word' id='word_1_255' title='bbox 1208 4953 1337 4995; x_wconf 91' lang='lat' dir='ltr'>non</span> <span class='ocrx_word' id='word_1_256' title='bbox 1386 4935 1633 4993; x_wconf 89' lang='lat' dir='ltr'>mutato</span> <span class='ocrx_word' id='word_1_257' title='bbox 1666 4927 1914 5009; x_wconf 89' lang='lat' dir='ltr'>habitu,</span> <span class='ocrx_word' id='word_1_258' title='bbox 1949 4947 2029 4990; x_wconf 90' lang='lat' dir='ltr'>ne</span> <span class='ocrx_word' id='word_1_259' title='bbox 2064 4925 2356 5011; x_wconf 81' lang='lat' dir='ltr'>ypocrita</span> <span class='ocrx_word' id='word_1_260' title='bbox 2388 4924 2735 5005; x_wconf 89' lang='lat' dir='ltr'>videretur,</span> <span class='ocrx_word' id='word_1_261' title='bbox 2770 4943 2972 5009; x_wconf 90' lang='lat' dir='ltr'>quau-</span> 
     </span>
     <span class='ocr_line' id='line_1_42' title="bbox 1206 5031 2973 5119; baseline -0.005 -16"><span class='ocrx_word' id='word_1_262' title='bbox 1206 5046 1343 5103; x_wconf 89' lang='lat' dir='ltr'>tum</span> <span class='ocrx_word' id='word_1_263' title='bbox 1392 5037 1516 5101; x_wconf 91' lang='lat' dir='ltr'>sibi</span> <span class='ocrx_word' id='word_1_264' title='bbox 1562 5035 1852 5099; x_wconf 89' lang='lat' dir='ltr'>restabat</span> <span class='ocrx_word' id='word_1_265' title='bbox 1907 5033 2216 5119; x_wconf 89' lang='lat' dir='ltr'>temporis</span> <span class='ocrx_word' id='word_1_266' title='bbox 2263 5031 2656 5117; x_wconf 88' lang='lat' dir='ltr'>rigidissima</span> <span class='ocrx_word' id='word_1_267' title='bbox 2702 5031 2973 5095; x_wconf 89' lang='lat' dir='ltr'>austeri-</span> 
     </span>
     <span class='ocr_line' id='line_1_43' title="bbox 1204 5141 2976 5229; baseline -0.004 -18"><span class='ocrx_word' id='word_1_268' title='bbox 1204 5155 1337 5211; x_wconf 90' lang='lat' dir='ltr'>tate</span> <span class='ocrx_word' id='word_1_269' title='bbox 1385 5144 1722 5229; x_wconf 85' lang='lat' dir='ltr'>transegit.</span> <span class='ocrx_word' id='word_1_270' title='bbox 1771 5142 1833 5206; x_wconf 91' lang='lat' dir='ltr'>A</span> <span class='ocrx_word' id='word_1_271' title='bbox 1880 5141 2246 5206; x_wconf 89' lang='lat' dir='ltr'>domesticis</span> <span class='ocrx_word' id='word_1_272' title='bbox 2304 5141 2563 5228; x_wconf 91' lang='lat' dir='ltr'>quidem</span> <span class='ocrx_word' id='word_1_273' title='bbox 2624 5147 2770 5228; x_wconf 91' lang='lat' dir='ltr'>post</span> <span class='ocrx_word' id='word_1_274' title='bbox 2834 5142 2976 5225; x_wconf 85' lang='lat' dir='ltr'>ejus</span> 
     </span>
     <span class='ocr_line' id='line_1_44' title="bbox 1206 5249 2977 5336; baseline -0.003 -18"><span class='ocrx_word' id='word_1_275' title='bbox 1206 5254 1453 5319; x_wconf 91' lang='lat' dir='ltr'>obitum</span> <span class='ocrx_word' id='word_1_276' title='bbox 1500 5250 1930 5316; x_wconf 88' lang='lat' dir='ltr'>referentibus</span> <span class='ocrx_word' id='word_1_277' title='bbox 1979 5256 2375 5336; x_wconf 90' lang='lat' dir='ltr'>compertum</span> <span class='ocrx_word' id='word_1_278' title='bbox 2424 5257 2523 5313; x_wconf 91' lang='lat' dir='ltr'>est</span> <span class='ocrx_word' id='word_1_279' title='bbox 2562 5249 2733 5313; x_wconf 90' lang='lat' dir='ltr'>hunc</span> <span class='ocrx_word' id='word_1_280' title='bbox 2767 5249 2977 5312; x_wconf 90' lang='lat' dir='ltr'>virum</span> 
     </span>
     <span class='ocr_line' id='line_1_45' title="bbox 1204 5356 2974 5442; baseline -0.003 -16"><span class='ocrx_word' id='word_1_281' title='bbox 1204 5363 1376 5427; x_wconf 89' lang='lat' dir='ltr'>circa</span> <span class='ocrx_word' id='word_1_282' title='bbox 1422 5360 1575 5424; x_wconf 91' lang='lat' dir='ltr'>XX.</span> <span class='ocrx_word' id='word_1_283' title='bbox 1627 5358 1813 5423; x_wconf 88' lang='lat' dir='ltr'>annis</span> <span class='ocrx_word' id='word_1_284' title='bbox 1863 5378 1991 5421; x_wconf 90' lang='lat' dir='ltr'>non</span> <span class='ocrx_word' id='word_1_285' title='bbox 2033 5358 2315 5442; x_wconf 87' lang='lat' dir='ltr'>jacuisse</span> <span class='ocrx_word' id='word_1_286' title='bbox 2363 5357 2429 5420; x_wconf 91' lang='lat' dir='ltr'>in</span> <span class='ocrx_word' id='word_1_287' title='bbox 2475 5357 2680 5437; x_wconf 89' lang='lat' dir='ltr'>lectis,</span> <span class='ocrx_word' id='word_1_288' title='bbox 2713 5356 2827 5421; x_wconf 89' lang='lat' dir='ltr'>sed</span> <span class='ocrx_word' id='word_1_289' title='bbox 2864 5378 2974 5421; x_wconf 93' lang='lat' dir='ltr'>ve-</span> 
     </span>
     <span class='ocr_line' id='line_1_46' title="bbox 1204 5465 2973 5553; baseline -0.002 -21"><span class='ocrx_word' id='word_1_290' title='bbox 1204 5471 1425 5534; x_wconf 89' lang='lat' dir='ltr'>stitum</span> <span class='ocrx_word' id='word_1_291' title='bbox 1473 5468 1693 5532; x_wconf 87' lang='lat' dir='ltr'>ursina</span> <span class='ocrx_word' id='word_1_292' title='bbox 1740 5466 1910 5553; x_wconf 92' lang='lat' dir='ltr'>pelle</span> <span class='ocrx_word' id='word_1_293' title='bbox 1957 5465 2335 5529; x_wconf 86' lang='lat' dir='ltr'>brevissime</span> <span class='ocrx_word' id='word_1_294' title='bbox 2381 5465 2790 5547; x_wconf 73' lang='lat' dir='ltr'>dormivisse,</span> <span class='ocrx_word' id='word_1_295' title='bbox 2826 5465 2973 5529; x_wconf 92' lang='lat' dir='ltr'>reli-</span> 
     </span>
     <span class='ocr_line' id='line_1_47' title="bbox 1202 5573 2972 5663; baseline -0.003 -22"><span class='ocrx_word' id='word_1_296' title='bbox 1202 5599 1401 5663; x_wconf 91' lang='lat' dir='ltr'>quum</span> <span class='ocrx_word' id='word_1_297' title='bbox 1433 5583 1686 5662; x_wconf 91' lang='lat' dir='ltr'>tempus</span> <span class='ocrx_word' id='word_1_298' title='bbox 1720 5574 2121 5639; x_wconf 88' lang='lat' dir='ltr'>orationibus</span> <span class='ocrx_word' id='word_1_299' title='bbox 2147 5573 2551 5659; x_wconf 83' lang='lat' dir='ltr'>expendisse,</span> <span class='ocrx_word' id='word_1_300' title='bbox 2579 5580 2643 5637; x_wconf 93' lang='lat' dir='ltr'>et</span> <span class='ocrx_word' id='word_1_301' title='bbox 2667 5595 2784 5658; x_wconf 93' lang='lat' dir='ltr'>per</span> <span class='ocrx_word' id='word_1_302' title='bbox 2803 5574 2972 5658; x_wconf 86' lang='lat' dir='ltr'>jeju-</span> 
     </span>
     <span class='ocr_line' id='line_1_48' title="bbox 1201 5680 2971 5769; baseline -0.003 -20"><span class='ocrx_word' id='word_1_303' title='bbox 1201 5686 1310 5749; x_wconf 88' lang='lat' dir='ltr'>nia</span> <span class='ocrx_word' id='word_1_304' title='bbox 1359 5691 1424 5748; x_wconf 92' lang='lat' dir='ltr'>et</span> <span class='ocrx_word' id='word_1_305' title='bbox 1471 5682 2046 5769; x_wconf 86' lang='lat' dir='ltr'>contemplationes</span> <span class='ocrx_word' id='word_1_306' title='bbox 2094 5680 2363 5744; x_wconf 90' lang='lat' dir='ltr'>celestes</span> <span class='ocrx_word' id='word_1_307' title='bbox 2403 5681 2722 5767; x_wconf 89' lang='lat' dir='ltr'>sprevisse</span> <span class='ocrx_word' id='word_1_308' title='bbox 2755 5681 2971 5746; x_wconf 91' lang='lat' dir='ltr'>omnia</span> 
     </span>
     <span class='ocr_line' id='line_1_49' title="bbox 1200 5788 2970 5875; baseline -0.002 -19"><span class='ocrx_word' id='word_1_309' title='bbox 1200 5814 1373 5857; x_wconf 89' lang='lat' dir='ltr'>vana</span> <span class='ocrx_word' id='word_1_310' title='bbox 1434 5791 1676 5855; x_wconf 91' lang='lat' dir='ltr'>mundi.</span> <span class='ocrx_word' id='word_1_311' title='bbox 1737 5790 1985 5854; x_wconf 86' lang='lat' dir='ltr'>Claruit</span> <span class='ocrx_word' id='word_1_312' title='bbox 2046 5788 2334 5853; x_wconf 82' lang='lat' dir='ltr'>Joauues</span> <span class='ocrx_word' id='word_1_313' title='bbox 2388 5797 2605 5852; x_wconf 91' lang='lat' dir='ltr'>noster</span> <span class='ocrx_word' id='word_1_314' title='bbox 2667 5790 2970 5875; x_wconf 88' lang='lat' dir='ltr'>tempori-</span> 
     </span>
     <span class='ocr_line' id='line_1_50' title="bbox 1198 5896 2967 5983; baseline -0.002 -19"><span class='ocrx_word' id='word_1_315' title='bbox 1198 5899 1321 5965; x_wconf 90' lang='lat' dir='ltr'>bus</span> <span class='ocrx_word' id='word_1_316' title='bbox 1363 5899 1766 5963; x_wconf 89' lang='lat' dir='ltr'>diversorum</span> <span class='ocrx_word' id='word_1_317' title='bbox 1809 5896 2194 5983; x_wconf 89' lang='lat' dir='ltr'>principum.</span> <span class='ocrx_word' id='word_1_318' title='bbox 2242 5896 2412 5959; x_wconf 88' lang='lat' dir='ltr'>Nam</span> <span class='ocrx_word' id='word_1_319' title='bbox 2458 5897 2665 5981; x_wconf 89' lang='lat' dir='ltr'>primo</span> <span class='ocrx_word' id='word_1_320' title='bbox 2713 5896 2967 5961; x_wconf 89' lang='lat' dir='ltr'>celebre</span> 
     </span>
     <span class='ocr_line' id='line_1_51' title="bbox 1199 6002 2968 6091; baseline -0.003 -19"><span class='ocrx_word' id='word_1_321' title='bbox 1199 6028 1432 6071; x_wconf 91' lang='lat' dir='ltr'>nomen</span> <span class='ocrx_word' id='word_1_322' title='bbox 1481 6006 1622 6091; x_wconf 88' lang='lat' dir='ltr'>ejus</span> <span class='ocrx_word' id='word_1_323' title='bbox 1669 6005 2030 6090; x_wconf 87' lang='lat' dir='ltr'>imperante</span> <span class='ocrx_word' id='word_1_324' title='bbox 2084 6002 2371 6067; x_wconf 89' lang='lat' dir='ltr'>Henrico</span> <span class='ocrx_word' id='word_1_325' title='bbox 2426 6025 2543 6089; x_wconf 90' lang='lat' dir='ltr'>per</span> <span class='ocrx_word' id='word_1_326' title='bbox 2603 6003 2968 6067; x_wconf 89' lang='lat' dir='ltr'>Bononiam</span> 
     </span>
     <span class='ocr_line' id='line_1_52' title="bbox 1198 6110 2967 6197; baseline -0.002 -18"><span class='ocrx_word' id='word_1_327' title='bbox 1198 6114 1502 6179; x_wconf 88' lang='lat' dir='ltr'>diffusum</span> <span class='ocrx_word' id='word_1_328' title='bbox 1552 6120 1669 6178; x_wconf 90' lang='lat' dir='ltr'>est.</span> <span class='ocrx_word' id='word_1_329' title='bbox 1729 6112 1855 6187; x_wconf 85' lang='lat' dir='ltr'>Qui</span> <span class='ocrx_word' id='word_1_330' title='bbox 1918 6110 2265 6194; x_wconf 89' lang='lat' dir='ltr'>Henricus,</span> <span class='ocrx_word' id='word_1_331' title='bbox 2316 6133 2461 6176; x_wconf 91' lang='lat' dir='ltr'>cum</span> <span class='ocrx_word' id='word_1_332' title='bbox 2524 6133 2693 6175; x_wconf 91' lang='lat' dir='ltr'>anno</span> <span class='ocrx_word' id='word_1_333' title='bbox 2756 6112 2967 6197; x_wconf 91' lang='lat' dir='ltr'>gratie</span> 
     </span>
    </p>
   </div>
   <div class='ocr_carea' id='block_1_4' title="bbox 1359 6381 1584 6448">
    <p class='ocr_par' dir='ltr' id='par_1_4' title="bbox 1359 6381 1584 6448">
     <span class='ocr_line' id='line_1_53' title="bbox 1359 6381 1584 6448; baseline 0 -14"><span class='ocrx_word' id='word_1_334' title='bbox 1359 6384 1439 6448; x_wconf 87' lang='lat'>(1)</span> <span class='ocrx_word' id='word_1_335' title='bbox 1479 6381 1584 6434; x_wconf 80' lang='lat' dir='ltr'>Sic.</span> 
     </span>
    </p>
   </div>
   <div class='ocr_carea' id='block_1_5' title="bbox 2736 676 3386 728">
    <p class='ocr_par' dir='ltr' id='par_1_5' title="bbox 2736 676 3386 728">
     <span class='ocr_line' id='line_1_54' title="bbox 2736 676 3386 728; baseline -0.002 0"><span class='ocrx_word' id='word_1_336' title='bbox 2736 676 3386 728; x_wconf 71' lang='lat' dir='ltr'>MONUMENTORUM</span> 
     </span>
    </p>
   </div>
   <div class='ocr_carea' id='block_1_6' title="bbox 3118 829 4892 1116">
    <p class='ocr_par' dir='ltr' id='par_1_6' title="bbox 3118 829 4892 1116">
     <span class='ocr_line' id='line_1_55' title="bbox 3118 829 4890 921; baseline 0.002 -26"><span class='ocrx_word' id='word_1_337' title='bbox 3118 829 3546 895; x_wconf 85' lang='lat' dir='ltr'>MOOOXIII.</span> <span class='ocrx_word' id='word_1_338' title='bbox 3573 831 3854 917; x_wconf 90' lang='lat' dir='ltr'>insignia</span> <span class='ocrx_word' id='word_1_339' title='bbox 3883 831 4091 898; x_wconf 87' lang='lat' dir='ltr'>Rome</span> <span class='ocrx_word' id='word_1_340' title='bbox 4124 833 4486 920; x_wconf 88' lang='lat' dir='ltr'>imperialia</span> <span class='ocrx_word' id='word_1_341' title='bbox 4518 834 4890 921; x_wconf 88' lang='lat' dir='ltr'>recepisset,</span> 
     </span>
     <span class='ocr_line' id='line_1_56' title="bbox 3119 938 4892 1026; baseline 0.002 -25"><span class='ocrx_word' id='word_1_342' title='bbox 3119 944 3264 1023; x_wconf 92' lang='lat' dir='ltr'>post</span> <span class='ocrx_word' id='word_1_343' title='bbox 3309 959 3591 1024; x_wconf 88' lang='lat' dir='ltr'>paucum</span> <span class='ocrx_word' id='word_1_344' title='bbox 3636 938 3809 1024; x_wconf 89' lang='lat' dir='ltr'>apud</span> <span class='ocrx_word' id='word_1_345' title='bbox 3841 939 4288 1004; x_wconf 90' lang='lat' dir='ltr'>Beneventum</span> <span class='ocrx_word' id='word_1_346' title='bbox 4321 941 4388 1005; x_wconf 92' lang='lat' dir='ltr'>in</span> <span class='ocrx_word' id='word_1_347' title='bbox 4419 961 4578 1026; x_wconf 88' lang='lat' dir='ltr'>agro</span> <span class='ocrx_word' id='word_1_348' title='bbox 4620 941 4892 1006; x_wconf 88' lang='lat' dir='ltr'>Senensi</span> 
     </span>
     <span class='ocr_line' id='line_1_57' title="bbox 3121 1045 4890 1116; baseline 0.003 -8"><span class='ocrx_word' id='word_1_349' title='bbox 3121 1045 3445 1108; x_wconf 81' lang='lat' dir='ltr'>extinctus</span> <span class='ocrx_word' id='word_1_350' title='bbox 3493 1051 3611 1110; x_wconf 89' lang='lat' dir='ltr'>est.</span> <span class='ocrx_word' id='word_1_351' title='bbox 3661 1045 3790 1110; x_wconf 84' lang='lat' dir='ltr'>Sed</span> <span class='ocrx_word' id='word_1_352' title='bbox 3837 1052 3991 1111; x_wconf 89' lang='lat' dir='ltr'>tunc</span> <span class='ocrx_word' id='word_1_353' title='bbox 4022 1055 4164 1112; x_wconf 89' lang='lat' dir='ltr'>erat</span> <span class='ocrx_word' id='word_1_354' title='bbox 4195 1048 4622 1114; x_wconf 88' lang='lat' dir='ltr'>clarissimum</span> <span class='ocrx_word' id='word_1_355' title='bbox 4654 1072 4890 1116; x_wconf 88' lang='lat' dir='ltr'>nomen</span> 
     </span>
    </p>
   </div>
   <div class='ocr_carea' id='block_1_7' title="bbox 3044 1152 4887 1245">
    <p class='ocr_par' dir='ltr' id='par_1_7' title="bbox 3044 1152 4887 1245">
     <span class='ocr_line' id='line_1_58' title="bbox 3044 1152 4887 1245; baseline 0.004 -30"><span class='ocrx_word' id='word_1_356' title='bbox 3044 1153 3048 1156; x_wconf 68' lang='grc'>’</span> <span class='ocrx_word' id='word_1_357' title='bbox 3119 1152 3260 1236; x_wconf 88' lang='lat' dir='ltr'>ejus</span> <span class='ocrx_word' id='word_1_358' title='bbox 3296 1174 3440 1216; x_wconf 91' lang='lat' dir='ltr'>cum</span> <span class='ocrx_word' id='word_1_359' title='bbox 3469 1152 3857 1237; x_wconf 90' lang='lat' dir='ltr'>Lodovicus,</span> <span class='ocrx_word' id='word_1_360' title='bbox 3891 1153 4027 1218; x_wconf 79' lang='lat' dir='ltr'>dux</span> <span class='ocrx_word' id='word_1_361' title='bbox 4056 1153 4359 1238; x_wconf 88' lang='lat' dir='ltr'>Bavarie,</span> <span class='ocrx_word' id='word_1_362' title='bbox 4393 1156 4654 1222; x_wconf 89' lang='lat' dir='ltr'>invasor</span> <span class='ocrx_word' id='word_1_363' title='bbox 4686 1158 4887 1245; x_wconf 88' lang='lat' dir='ltr'>impe·</span> 
     </span>
    </p>
   </div>
   <div class='ocr_carea' id='block_1_8' title="bbox 3108 1259 4887 2850">
    <p class='ocr_par' dir='ltr' id='par_1_8' title="bbox 3115 1259 4887 1671">
     <span class='ocr_line' id='line_1_59' title="bbox 3115 1259 4887 1351; baseline 0.005 -29"><span class='ocrx_word' id='word_1_364' title='bbox 3115 1259 3215 1343; x_wconf 89' lang='lat' dir='ltr'>rii,</span> <span class='ocrx_word' id='word_1_365' title='bbox 3257 1281 3358 1323; x_wconf 88' lang='lat' dir='ltr'>res</span> <span class='ocrx_word' id='word_1_366' title='bbox 3409 1261 3665 1325; x_wconf 83' lang='lat' dir='ltr'>Italicas</span> <span class='ocrx_word' id='word_1_367' title='bbox 3714 1261 4039 1326; x_wconf 89' lang='lat' dir='ltr'>turbabat.</span> <span class='ocrx_word' id='word_1_368' title='bbox 4086 1261 4380 1327; x_wconf 90' lang='lat' dir='ltr'>Bononie</span> <span class='ocrx_word' id='word_1_369' title='bbox 4427 1266 4700 1351; x_wconf 84' lang='lat' dir='ltr'>spiravit</span> <span class='ocrx_word' id='word_1_370' title='bbox 4744 1273 4887 1330; x_wconf 88' lang='lat' dir='ltr'>tan·</span> 
     </span>
     <span class='ocr_line' id='line_1_60' title="bbox 3118 1365 4886 1453; baseline 0.005 -23"><span class='ocrx_word' id='word_1_371' title='bbox 3118 1365 3264 1430; x_wconf 91' lang='lat' dir='ltr'>dem</span> <span class='ocrx_word' id='word_1_372' title='bbox 3311 1388 3482 1431; x_wconf 90' lang='lat' dir='ltr'>anno</span> <span class='ocrx_word' id='word_1_373' title='bbox 3520 1369 3730 1453; x_wconf 90' lang='lat' dir='ltr'>gratie</span> <span class='ocrx_word' id='word_1_374' title='bbox 3762 1367 4276 1434; x_wconf 84' lang='lat' dir='ltr'>MCCCXLVII.</span> <span class='ocrx_word' id='word_1_375' title='bbox 4298 1418 4315 1453; x_wconf 93' lang='lat'>,</span> <span class='ocrx_word' id='word_1_376' title='bbox 4350 1371 4480 1436; x_wconf 89' lang='lat' dir='ltr'>vite</span> <span class='ocrx_word' id='word_1_377' title='bbox 4522 1380 4738 1437; x_wconf 89' lang='lat' dir='ltr'>antem</span> <span class='ocrx_word' id='word_1_378' title='bbox 4770 1394 4886 1438; x_wconf 90' lang='lat' dir='ltr'>sue</span> 
     </span>
     <span class='ocr_line' id='line_1_61' title="bbox 3116 1476 4883 1563; baseline 0.005 -26"><span class='ocrx_word' id='word_1_379' title='bbox 3116 1495 3287 1539; x_wconf 91' lang='lat' dir='ltr'>anno</span> <span class='ocrx_word' id='word_1_380' title='bbox 3339 1523 3821 1540; x_wconf 89' lang='grc'><strong>........</strong></span> <span class='ocrx_word' id='word_1_381' title='bbox 3856 1484 3923 1541; x_wconf 89' lang='lat' dir='ltr'>et</span> <span class='ocrx_word' id='word_1_382' title='bbox 3955 1476 4124 1563; x_wconf 89' lang='lat' dir='ltr'>apud</span> <span class='ocrx_word' id='word_1_383' title='bbox 4160 1478 4498 1543; x_wconf 91' lang='lat' dir='ltr'>ecclesiam</span> <span class='ocrx_word' id='word_1_384' title='bbox 4529 1479 4704 1543; x_wconf 89' lang='lat' dir='ltr'>beati</span> <span class='ocrx_word' id='word_1_385' title='bbox 4750 1480 4883 1546; x_wconf 87' lang='lat' dir='ltr'>Do·</span> 
     </span>
     <span class='ocr_line' id='line_1_62' title="bbox 3115 1581 4526 1671; baseline 0.004 -26"><span class='ocrx_word' id='word_1_386' title='bbox 3115 1581 3332 1646; x_wconf 89' lang='lat' dir='ltr'>minici</span> <span class='ocrx_word' id='word_1_387' title='bbox 3380 1582 3445 1646; x_wconf 89' lang='lat' dir='ltr'>in</span> <span class='ocrx_word' id='word_1_388' title='bbox 3493 1590 3869 1669; x_wconf 89' lang='lat' dir='ltr'>sumptuoso</span> <span class='ocrx_word' id='word_1_389' title='bbox 3915 1584 4212 1670; x_wconf 90' lang='lat' dir='ltr'>sepulcro</span> <span class='ocrx_word' id='word_1_390' title='bbox 4258 1585 4526 1671; x_wconf 90' lang='lat' dir='ltr'>positus.</span> 
     </span>
    </p>

    <p class='ocr_par' dir='ltr' id='par_1_9' title="bbox 3108 1689 4883 2850">
     <span class='ocr_line' id='line_1_63' title="bbox 3216 1689 4883 1779; baseline 0.004 -26"><span class='ocrx_word' id='word_1_391' title='bbox 3216 1689 3492 1754; x_wconf 71' lang='lat' dir='ltr'>Pmnus</span> <span class='ocrx_word' id='word_1_392' title='bbox 3524 1710 3615 1754; x_wconf 72' lang='lat' dir='ltr'>Da</span> <span class='ocrx_word' id='word_1_393' title='bbox 3647 1690 3916 1774; x_wconf 72' lang='lat' dir='ltr'>mes,</span> <span class='ocrx_word' id='word_1_394' title='bbox 3943 1692 4158 1779; x_wconf 90' lang='lat' dir='ltr'>patria</span> <span class='ocrx_word' id='word_1_395' title='bbox 4198 1713 4552 1779; x_wconf 87' lang='lat' dir='ltr'>capuanus,</span> <span class='ocrx_word' id='word_1_396' title='bbox 4581 1694 4883 1779; x_wconf 79' lang='lat' dir='ltr'>abjectis-</span> 
     </span>
     <span class='ocr_line' id='line_1_64' title="bbox 3115 1797 4880 1886; baseline 0.005 -27"><span class='ocrx_word' id='word_1_397' title='bbox 3115 1797 3276 1860; x_wconf 90' lang='lat' dir='ltr'>simo</span> <span class='ocrx_word' id='word_1_398' title='bbox 3316 1803 3382 1861; x_wconf 88' lang='lat' dir='ltr'>et</span> <span class='ocrx_word' id='word_1_399' title='bbox 3411 1798 3633 1883; x_wconf 90' lang='lat' dir='ltr'>ignoto</span> <span class='ocrx_word' id='word_1_400' title='bbox 3664 1806 3871 1884; x_wconf 90' lang='lat' dir='ltr'>patre,</span> <span class='ocrx_word' id='word_1_401' title='bbox 3905 1805 4239 1885; x_wconf 88' lang='lat' dir='ltr'>matreque</span> <span class='ocrx_word' id='word_1_402' title='bbox 4271 1801 4450 1864; x_wconf 92' lang='lat' dir='ltr'>tenui</span> <span class='ocrx_word' id='word_1_403' title='bbox 4483 1802 4880 1886; x_wconf 88' lang='lat' dir='ltr'>muliercula,</span> 
     </span>
     <span class='ocr_line' id='line_1_65' title="bbox 3114 1905 4883 1992; baseline 0.003 -24"><span class='ocrx_word' id='word_1_404' title='bbox 3114 1925 3260 1968; x_wconf 91' lang='lat' dir='ltr'>cum</span> <span class='ocrx_word' id='word_1_405' title='bbox 3306 1913 3452 1991; x_wconf 88' lang='lat' dir='ltr'>post</span> <span class='ocrx_word' id='word_1_406' title='bbox 3514 1905 3750 1969; x_wconf 88' lang='lat' dir='ltr'>multas</span> <span class='ocrx_word' id='word_1_407' title='bbox 3813 1907 4148 1992; x_wconf 84' lang='lat' dir='ltr'>angustias</span> <span class='ocrx_word' id='word_1_408' title='bbox 4225 1908 4539 1973; x_wconf 90' lang='lat' dir='ltr'>evasisset</span> <span class='ocrx_word' id='word_1_409' title='bbox 4607 1909 4883 1976; x_wconf 85' lang='lat' dir='ltr'>dictator</span> 
     </span>
     <span class='ocr_line' id='line_1_66' title="bbox 3112 2014 4883 2099; baseline 0.004 -24"><span class='ocrx_word' id='word_1_410' title='bbox 3112 2033 3410 2096; x_wconf 88' lang='lat' dir='ltr'>magnus,</span> <span class='ocrx_word' id='word_1_411' title='bbox 3461 2033 3864 2099; x_wconf 87' lang='lat' dir='ltr'>magnusque</span> <span class='ocrx_word' id='word_1_412' title='bbox 3911 2014 4108 2078; x_wconf 89' lang='lat' dir='ltr'>etiam</span> <span class='ocrx_word' id='word_1_413' title='bbox 4155 2014 4219 2078; x_wconf 91' lang='lat' dir='ltr'>in</span> <span class='ocrx_word' id='word_1_414' title='bbox 4265 2015 4407 2080; x_wconf 91' lang='lat' dir='ltr'>iure</span> <span class='ocrx_word' id='word_1_415' title='bbox 4454 2018 4761 2082; x_wconf 89' lang='lat' dir='ltr'>canonico</span> <span class='ocrx_word' id='word_1_416' title='bbox 4816 2026 4883 2082; x_wconf 83' lang='lat' dir='ltr'>et</span> 
     </span>
     <span class='ocr_line' id='line_1_67' title="bbox 3114 2119 4882 2211; baseline 0.003 -28"><span class='ocrx_word' id='word_1_417' title='bbox 3114 2119 3323 2201; x_wconf 91' lang='lat' dir='ltr'>civili,</span> <span class='ocrx_word' id='word_1_418' title='bbox 3373 2119 3514 2184; x_wconf 88' lang='lat' dir='ltr'>Deo</span> <span class='ocrx_word' id='word_1_419' title='bbox 3560 2120 3841 2203; x_wconf 91' lang='lat' dir='ltr'>volente,</span> <span class='ocrx_word' id='word_1_420' title='bbox 3887 2120 4149 2185; x_wconf 88' lang='lat' dir='ltr'>tandem</span> <span class='ocrx_word' id='word_1_421' title='bbox 4192 2123 4372 2187; x_wconf 90' lang='lat' dir='ltr'>venit</span> <span class='ocrx_word' id='word_1_422' title='bbox 4417 2123 4499 2187; x_wconf 87' lang='lat' dir='ltr'>ad</span> <span class='ocrx_word' id='word_1_423' title='bbox 4547 2125 4882 2211; x_wconf 88' lang='lat' dir='ltr'>imperiale</span> 
     </span>
     <span class='ocr_line' id='line_1_68' title="bbox 3111 2226 4883 2315; baseline 0.004 -26"><span class='ocrx_word' id='word_1_424' title='bbox 3111 2226 3427 2312; x_wconf 84' lang='lat' dir='ltr'>palatium</span> <span class='ocrx_word' id='word_1_425' title='bbox 3467 2226 3760 2291; x_wconf 84' lang='lat' dir='ltr'>Federici</span> <span class='ocrx_word' id='word_1_426' title='bbox 3797 2227 3886 2291; x_wconf 90' lang='lat' dir='ltr'>II.</span> <span class='ocrx_word' id='word_1_427' title='bbox 3922 2227 4178 2292; x_wconf 86' lang='lat' dir='ltr'>Cesaris</span> <span class='ocrx_word' id='word_1_428' title='bbox 4210 2229 4470 2315; x_wconf 89' lang='lat' dir='ltr'>ingenio</span> <span class='ocrx_word' id='word_1_429' title='bbox 4504 2232 4782 2296; x_wconf 85' lang='lat' dir='ltr'>naturali</span> <span class='ocrx_word' id='word_1_430' title='bbox 4815 2241 4883 2298; x_wconf 91' lang='lat' dir='ltr'>et</span> 
     </span>
     <span class='ocr_line' id='line_1_69' title="bbox 3111 2333 4881 2422; baseline 0.005 -26"><span class='ocrx_word' id='word_1_431' title='bbox 3111 2333 3373 2397; x_wconf 83' lang='lat' dir='ltr'>fortuna</span> <span class='ocrx_word' id='word_1_432' title='bbox 3412 2333 3593 2398; x_wconf 90' lang='lat' dir='ltr'>dives</span> <span class='ocrx_word' id='word_1_433' title='bbox 3643 2334 4033 2421; x_wconf 88' lang='lat' dir='ltr'>augustique</span> <span class='ocrx_word' id='word_1_434' title='bbox 4067 2335 4530 2422; x_wconf 77' lang='lat' dir='ltr'>CancellarIus,</span> <span class='ocrx_word' id='word_1_435' title='bbox 4564 2338 4881 2404; x_wconf 83' lang='lat' dir='ltr'>Consilia·</span> 
     </span>
     <span class='ocr_line' id='line_1_70' title="bbox 3111 2441 4880 2528; baseline 0.006 -25"><span class='ocrx_word' id='word_1_436' title='bbox 3111 2441 3264 2524; x_wconf 91' lang='lat' dir='ltr'>rius,</span> <span class='ocrx_word' id='word_1_437' title='bbox 3297 2448 3363 2504; x_wconf 89' lang='lat' dir='ltr'>et</span> <span class='ocrx_word' id='word_1_438' title='bbox 3394 2462 3511 2528; x_wconf 87' lang='lat' dir='ltr'>pro</span> <span class='ocrx_word' id='word_1_439' title='bbox 3544 2442 3791 2507; x_wconf 88' lang='lat' dir='ltr'>cunctis</span> <span class='ocrx_word' id='word_1_440' title='bbox 3825 2443 4109 2507; x_wconf 90' lang='lat' dir='ltr'>omnium</span> <span class='ocrx_word' id='word_1_441' title='bbox 4141 2465 4526 2509; x_wconf 89' lang='lat' dir='ltr'>arcanorum</span> <span class='ocrx_word' id='word_1_442' title='bbox 4566 2448 4880 2513; x_wconf 89' lang='lat' dir='ltr'>conscius.</span> 
     </span>
     <span class='ocr_line' id='line_1_71' title="bbox 3110 2546 4883 2638; baseline 0.005 -27"><span class='ocrx_word' id='word_1_443' title='bbox 3110 2546 3392 2634; x_wconf 87' lang='lat' dir='ltr'>Reperio</span> <span class='ocrx_word' id='word_1_444' title='bbox 3424 2549 3616 2630; x_wconf 89' lang='lat' dir='ltr'>enim,</span> <span class='ocrx_word' id='word_1_445' title='bbox 3651 2548 3823 2634; x_wconf 92' lang='lat' dir='ltr'>quod</span> <span class='ocrx_word' id='word_1_446' title='bbox 3854 2550 3921 2613; x_wconf 91' lang='lat' dir='ltr'>in</span> <span class='ocrx_word' id='word_1_447' title='bbox 3957 2550 4369 2637; x_wconf 89' lang='lat' dir='ltr'>neapolitano</span> <span class='ocrx_word' id='word_1_448' title='bbox 4401 2554 4644 2638; x_wconf 89' lang='lat' dir='ltr'>palatio</span> <span class='ocrx_word' id='word_1_449' title='bbox 4685 2555 4883 2620; x_wconf 84' lang='lat' dir='ltr'>fuerit</span> 
     </span>
     <span class='ocr_line' id='line_1_72' title="bbox 3109 2654 4880 2741; baseline 0.005 -23"><span class='ocrx_word' id='word_1_450' title='bbox 3109 2654 3462 2741; x_wconf 84' lang='lat' dir='ltr'>imperator</span> <span class='ocrx_word' id='word_1_451' title='bbox 3508 2656 3829 2741; x_wconf 89' lang='lat' dir='ltr'>effigiatus</span> <span class='ocrx_word' id='word_1_452' title='bbox 3877 2656 3944 2721; x_wconf 91' lang='lat' dir='ltr'>in</span> <span class='ocrx_word' id='word_1_453' title='bbox 3988 2657 4150 2721; x_wconf 90' lang='lat' dir='ltr'>solio</span> <span class='ocrx_word' id='word_1_454' title='bbox 4199 2666 4264 2722; x_wconf 91' lang='lat' dir='ltr'>et</span> <span class='ocrx_word' id='word_1_455' title='bbox 4308 2658 4542 2723; x_wconf 91' lang='lat' dir='ltr'>Petrus</span> <span class='ocrx_word' id='word_1_456' title='bbox 4591 2661 4656 2725; x_wconf 92' lang='lat' dir='ltr'>in</span> <span class='ocrx_word' id='word_1_457' title='bbox 4703 2662 4880 2728; x_wconf 85' lang='lat' dir='ltr'>sede.</span> 
     </span>
     <span class='ocr_line' id='line_1_73' title="bbox 3108 2762 4880 2850; baseline 0.005 -24"><span class='ocrx_word' id='word_1_458' title='bbox 3108 2762 3399 2849; x_wconf 89' lang='lat' dir='ltr'>Populus</span> <span class='ocrx_word' id='word_1_459' title='bbox 3447 2769 3663 2828; x_wconf 91' lang='lat' dir='ltr'>autem</span> <span class='ocrx_word' id='word_1_460' title='bbox 3697 2764 3962 2850; x_wconf 90' lang='lat' dir='ltr'>petebat</span> <span class='ocrx_word' id='word_1_461' title='bbox 3987 2766 4308 2848; x_wconf 83' lang='lat' dir='ltr'>justitiam</span> <span class='ocrx_word' id='word_1_462' title='bbox 4341 2768 4460 2831; x_wconf 88' lang='lat' dir='ltr'>sub</span> <span class='ocrx_word' id='word_1_463' title='bbox 4493 2768 4593 2832; x_wconf 91' lang='lat' dir='ltr'>his</span> <span class='ocrx_word' id='word_1_464' title='bbox 4625 2770 4880 2834; x_wconf 85' lang='lat' dir='ltr'>verbis:</span> 
     </span>
    </p>
   </div>
   <div class='ocr_carea' id='block_1_9' title="bbox 3269 2886 4663 3048">
    <p class='ocr_par' dir='ltr' id='par_1_10' title="bbox 3269 2886 4663 3048">
     <span class='ocr_line' id='line_1_74' title="bbox 3270 2886 4663 2960; baseline 0.004 -22"><span class='ocrx_word' id='word_1_465' title='bbox 3270 2886 3439 2939; x_wconf 86' lang='lat' dir='ltr'>Cesar</span> <span class='ocrx_word' id='word_1_466' title='bbox 3475 2903 3627 2939; x_wconf 81' lang='lat' dir='ltr'>amor</span> <span class='ocrx_word' id='word_1_467' title='bbox 3664 2904 3854 2956; x_wconf 87' lang='lat' dir='ltr'>regum</span> <span class='ocrx_word' id='word_1_468' title='bbox 3892 2887 4154 2940; x_wconf 85' lang='lat' dir='ltr'>Federice</span> <span class='ocrx_word' id='word_1_469' title='bbox 4193 2890 4436 2958; x_wconf 77' lang='lat' dir='ltr'>piissime</span> <span class='ocrx_word' id='word_1_470' title='bbox 4474 2908 4663 2960; x_wconf 87' lang='lat' dir='ltr'>regum</span> 
     </span>
     <span class='ocr_line' id='line_1_75' title="bbox 3269 2977 4562 3048; baseline 0.003 -20"><span class='ocrx_word' id='word_1_471' title='bbox 3269 2977 3572 3028; x_wconf 82' lang='lat' dir='ltr'>Causarum</span> <span class='ocrx_word' id='word_1_472' title='bbox 3610 2977 3750 3029; x_wconf 83' lang='lat' dir='ltr'>telas</span> <span class='ocrx_word' id='word_1_473' title='bbox 3789 2982 4003 3030; x_wconf 82' lang='lat' dir='ltr'>nostras</span> <span class='ocrx_word' id='word_1_474' title='bbox 4039 2979 4252 3032; x_wconf 84' lang='lat' dir='ltr'>resolve</span> <span class='ocrx_word' id='word_1_475' title='bbox 4291 2980 4562 3048; x_wconf 82' lang='lat' dir='ltr'>querelas.</span> 
     </span>
    </p>
   </div>
   <div class='ocr_carea' id='block_1_10' title="bbox 3111 3086 4601 3174">
    <p class='ocr_par' dir='ltr' id='par_1_11' title="bbox 3111 3086 4601 3174">
     <span class='ocr_line' id='line_1_76' title="bbox 3111 3086 4601 3174; baseline 0.002 -23"><span class='ocrx_word' id='word_1_476' title='bbox 3111 3086 3477 3172; x_wconf 88' lang='lat' dir='ltr'>Imperator</span> <span class='ocrx_word' id='word_1_477' title='bbox 3521 3086 3865 3150; x_wconf 88' lang='lat' dir='ltr'>videbatur</span> <span class='ocrx_word' id='word_1_478' title='bbox 3910 3088 4128 3152; x_wconf 90' lang='lat' dir='ltr'>taliter</span> <span class='ocrx_word' id='word_1_479' title='bbox 4172 3088 4601 3174; x_wconf 85' lang='lat' dir='ltr'>respondere:</span> 
     </span>
    </p>
   </div>
   <div class='ocr_carea' id='block_1_11' title="bbox 3267 3209 4751 3459">
    <p class='ocr_par' dir='ltr' id='par_1_12' title="bbox 3267 3209 4751 3459">
     <span class='ocr_line' id='line_1_77' title="bbox 3271 3209 4402 3265; baseline 0.003 -4"><span class='ocrx_word' id='word_1_480' title='bbox 3271 3210 3376 3262; x_wconf 89' lang='lat' dir='ltr'>Pro</span> <span class='ocrx_word' id='word_1_481' title='bbox 3415 3214 3598 3262; x_wconf 87' lang='lat' dir='ltr'>vestra</span> <span class='ocrx_word' id='word_1_482' title='bbox 3633 3211 3732 3262; x_wconf 83' lang='lat' dir='ltr'>lite</span> <span class='ocrx_word' id='word_1_483' title='bbox 3771 3209 4066 3263; x_wconf 85' lang='lat' dir='ltr'>Censorem</span> <span class='ocrx_word' id='word_1_484' title='bbox 4103 3212 4216 3264; x_wconf 87' lang='lat' dir='ltr'>litis</span> <span class='ocrx_word' id='word_1_485' title='bbox 4254 3213 4402 3265; x_wconf 85' lang='lat' dir='ltr'>adite</span> 
     </span>
     <span class='ocr_line' id='line_1_78' title="bbox 3267 3300 4594 3372; baseline 0.003 -21"><span class='ocrx_word' id='word_1_486' title='bbox 3267 3300 3373 3351; x_wconf 87' lang='lat' dir='ltr'>Hic</span> <span class='ocrx_word' id='word_1_487' title='bbox 3406 3301 3536 3367; x_wconf 80' lang='lat' dir='ltr'>jura</span> <span class='ocrx_word' id='word_1_488' title='bbox 3573 3300 3724 3352; x_wconf 80' lang='lat' dir='ltr'>dabit</span> <span class='ocrx_word' id='word_1_489' title='bbox 3761 3301 3848 3352; x_wconf 87' lang='lat' dir='ltr'>vel</span> <span class='ocrx_word' id='word_1_490' title='bbox 3887 3317 3985 3369; x_wconf 89' lang='lat' dir='ltr'>per</span> <span class='ocrx_word' id='word_1_491' title='bbox 4023 3317 4110 3353; x_wconf 87' lang='lat' dir='ltr'>me</span> <span class='ocrx_word' id='word_1_492' title='bbox 4151 3301 4330 3353; x_wconf 82' lang='lat' dir='ltr'>danda</span> <span class='ocrx_word' id='word_1_493' title='bbox 4369 3303 4594 3372; x_wconf 80' lang='lat' dir='ltr'>negabit</span> 
     </span>
     <span class='ocr_line' id='line_1_79' title="bbox 3271 3389 4751 3459; baseline 0.005 -19"><span class='ocrx_word' id='word_1_494' title='bbox 3271 3389 3450 3441; x_wconf 80' lang='lat' dir='ltr'>Vinea</span> <span class='ocrx_word' id='word_1_495' title='bbox 3486 3405 3788 3459; x_wconf 79' lang='lat' dir='ltr'>cognomen</span> <span class='ocrx_word' id='word_1_496' title='bbox 3829 3390 4024 3442; x_wconf 83' lang='lat' dir='ltr'>Petrus</span> <span class='ocrx_word' id='word_1_497' title='bbox 4058 3390 4233 3458; x_wconf 80' lang='lat' dir='ltr'>judex</span> <span class='ocrx_word' id='word_1_498' title='bbox 4273 3395 4358 3444; x_wconf 84' lang='lat' dir='ltr'>est</span> <span class='ocrx_word' id='word_1_499' title='bbox 4394 3393 4498 3444; x_wconf 88' lang='lat' dir='ltr'>sibi</span> <span class='ocrx_word' id='word_1_500' title='bbox 4535 3410 4751 3447; x_wconf 85' lang='lat' dir='ltr'>nomen.</span> 
     </span>
    </p>
   </div>
   <div class='ocr_carea' id='block_1_12' title="bbox 3099 3498 4888 5099">
    <p class='ocr_par' dir='ltr' id='par_1_13' title="bbox 3099 3498 4888 4990">
     <span class='ocr_line' id='line_1_80' title="bbox 3233 3498 4886 3588; baseline 0.004 -25"><span class='ocrx_word' id='word_1_501' title='bbox 3233 3498 3361 3563; x_wconf 83' lang='lat' dir='ltr'>Sed</span> <span class='ocrx_word' id='word_1_502' title='bbox 3407 3498 3595 3562; x_wconf 81' lang='lat' dir='ltr'>vafra</span> <span class='ocrx_word' id='word_1_503' title='bbox 3642 3500 3931 3584; x_wconf 89' lang='lat' dir='ltr'>operatio</span> <span class='ocrx_word' id='word_1_504' title='bbox 3977 3500 4338 3584; x_wconf 90' lang='lat' dir='ltr'>curialium,</span> <span class='ocrx_word' id='word_1_505' title='bbox 4373 3523 4487 3566; x_wconf 88' lang='lat' dir='ltr'>sue</span> <span class='ocrx_word' id='word_1_506' title='bbox 4528 3502 4734 3588; x_wconf 88' lang='lat' dir='ltr'>glorie</span> <span class='ocrx_word' id='word_1_507' title='bbox 4783 3513 4886 3570; x_wconf 89' lang='lat' dir='ltr'>at·</span> 
     </span>
     <span class='ocr_line' id='line_1_81' title="bbox 3104 3606 4888 3694; baseline 0.003 -23"><span class='ocrx_word' id='word_1_508' title='bbox 3104 3629 3229 3694; x_wconf 91' lang='lat' dir='ltr'>que</span> <span class='ocrx_word' id='word_1_509' title='bbox 3275 3607 3562 3693; x_wconf 89' lang='lat' dir='ltr'>potentie</span> <span class='ocrx_word' id='word_1_510' title='bbox 3611 3606 4056 3690; x_wconf 88' lang='lat' dir='ltr'>invidentium,</span> <span class='ocrx_word' id='word_1_511' title='bbox 4090 3607 4183 3672; x_wconf 87' lang='lat' dir='ltr'>ita</span> <span class='ocrx_word' id='word_1_512' title='bbox 4219 3630 4367 3673; x_wconf 91' lang='lat' dir='ltr'>eum</span> <span class='ocrx_word' id='word_1_513' title='bbox 4423 3631 4694 3675; x_wconf 82' lang='lat' dir='ltr'>exosum</span> <span class='ocrx_word' id='word_1_514' title='bbox 4738 3613 4888 3677; x_wconf 88' lang='lat' dir='ltr'>Au·</span> 
     </span>
     <span class='ocr_line' id='line_1_82' title="bbox 3103 3718 4884 3805; baseline 0.003 -23"><span class='ocrx_word' id='word_1_515' title='bbox 3103 3725 3294 3804; x_wconf 90' lang='lat' dir='ltr'>gusto</span> <span class='ocrx_word' id='word_1_516' title='bbox 3340 3718 3494 3783; x_wconf 85' lang='lat' dir='ltr'>fecit</span> <span class='ocrx_word' id='word_1_517' title='bbox 3540 3718 3660 3782; x_wconf 89' lang='lat' dir='ltr'>sub</span> <span class='ocrx_word' id='word_1_518' title='bbox 3706 3719 3893 3783; x_wconf 89' lang='lat' dir='ltr'>titulo</span> <span class='ocrx_word' id='word_1_519' title='bbox 3941 3719 4324 3805; x_wconf 88' lang='lat' dir='ltr'>proditionis</span> <span class='ocrx_word' id='word_1_520' title='bbox 4369 3721 4720 3787; x_wconf 89' lang='lat' dir='ltr'>dissidente</span> <span class='ocrx_word' id='word_1_521' title='bbox 4751 3723 4884 3788; x_wconf 85' lang='lat' dir='ltr'>Fe·</span> 
     </span>
     <span class='ocr_line' id='line_1_83' title="bbox 3102 3825 4881 3914; baseline 0.004 -22"><span class='ocrx_word' id='word_1_522' title='bbox 3102 3827 3320 3892; x_wconf 91' lang='lat' dir='ltr'>derico</span> <span class='ocrx_word' id='word_1_523' title='bbox 3368 3848 3512 3892; x_wconf 89' lang='lat' dir='ltr'>cum</span> <span class='ocrx_word' id='word_1_524' title='bbox 3559 3825 3765 3914; x_wconf 88' lang='lat' dir='ltr'>Papa,</span> <span class='ocrx_word' id='word_1_525' title='bbox 3801 3834 3872 3892; x_wconf 88' lang='lat' dir='ltr'>ut</span> <span class='ocrx_word' id='word_1_526' title='bbox 3904 3828 3988 3894; x_wconf 90' lang='lat' dir='ltr'>ab</span> <span class='ocrx_word' id='word_1_527' title='bbox 4035 3849 4113 3894; x_wconf 93' lang='lat' dir='ltr'>eo</span> <span class='ocrx_word' id='word_1_528' title='bbox 4158 3829 4473 3895; x_wconf 87' lang='lat' dir='ltr'>Cremone</span> <span class='ocrx_word' id='word_1_529' title='bbox 4523 3878 4540 3896; x_wconf 89' lang='lat'>.</span> <span class='ocrx_word' id='word_1_530' title='bbox 4589 3879 4606 3897; x_wconf 88' lang='lat'>.</span> <span class='ocrx_word' id='word_1_531' title='bbox 4656 3879 4672 3897; x_wconf 90' lang='lat'>.</span> <span class='ocrx_word' id='word_1_532' title='bbox 4723 3880 4740 3898; x_wconf 88' lang='lat'>.</span> <span class='ocrx_word' id='word_1_533' title='bbox 4797 3886 4807 3896; x_wconf 86' lang='lat'>.</span> <span class='ocrx_word' id='word_1_534' title='bbox 4861 3881 4881 3899; x_wconf 86' lang='lat'>.</span> 
     </span>
     <span class='ocr_line' id='line_1_84' title="bbox 3103 3936 4884 4026; baseline 0.004 -27"><span class='ocrx_word' id='word_1_535' title='bbox 3103 3936 3444 4000; x_wconf 89' lang='lat' dir='ltr'>tenebroso</span> <span class='ocrx_word' id='word_1_536' title='bbox 3509 3936 3839 4020; x_wconf 90' lang='lat' dir='ltr'>ergastulo</span> <span class='ocrx_word' id='word_1_537' title='bbox 3902 3936 4332 4021; x_wconf 89' lang='lat' dir='ltr'>clauderetur,</span> <span class='ocrx_word' id='word_1_538' title='bbox 4381 3945 4884 4026; x_wconf 83' lang='lat' dir='ltr'>portareturque</span> 
     </span>
     <span class='ocr_line' id='line_1_85' title="bbox 3103 4043 4883 4132; baseline 0.003 -24"><span class='ocrx_word' id='word_1_539' title='bbox 3103 4044 3336 4109; x_wconf 91' lang='lat' dir='ltr'>deinde</span> <span class='ocrx_word' id='word_1_540' title='bbox 3379 4044 3590 4126; x_wconf 87' lang='lat' dir='ltr'>Pisas,</span> <span class='ocrx_word' id='word_1_541' title='bbox 3640 4065 3767 4127; x_wconf 92' lang='lat' dir='ltr'>quo</span> <span class='ocrx_word' id='word_1_542' title='bbox 3815 4043 4180 4130; x_wconf 87' lang='lat' dir='ltr'>Imperator</span> <span class='ocrx_word' id='word_1_543' title='bbox 4225 4047 4667 4131; x_wconf 88' lang='lat' dir='ltr'>gradiebatur,</span> <span class='ocrx_word' id='word_1_544' title='bbox 4706 4049 4883 4132; x_wconf 87' lang='lat' dir='ltr'>jam-</span> 
     </span>
     <span class='ocr_line' id='line_1_86' title="bbox 3103 4150 4883 4238; baseline 0.003 -22"><span class='ocrx_word' id='word_1_545' title='bbox 3103 4173 3228 4238; x_wconf 91' lang='lat' dir='ltr'>que</span> <span class='ocrx_word' id='word_1_546' title='bbox 3274 4153 3558 4216; x_wconf 88' lang='lat' dir='ltr'>venisset</span> <span class='ocrx_word' id='word_1_547' title='bbox 3604 4151 3686 4215; x_wconf 87' lang='lat' dir='ltr'>ad</span> <span class='ocrx_word' id='word_1_548' title='bbox 3743 4152 3951 4215; x_wconf 89' lang='lat' dir='ltr'>sancti</span> <span class='ocrx_word' id='word_1_549' title='bbox 4012 4150 4302 4217; x_wconf 85' lang='lat' dir='ltr'>Miniatis</span> <span class='ocrx_word' id='word_1_550' title='bbox 4365 4162 4648 4219; x_wconf 89' lang='lat' dir='ltr'>castrum</span> <span class='ocrx_word' id='word_1_551' title='bbox 4710 4156 4883 4222; x_wconf 89' lang='lat' dir='ltr'>adeo</span> 
     </span>
     <span class='ocr_line' id='line_1_87' title="bbox 3101 4258 4883 4345; baseline 0.003 -23"><span class='ocrx_word' id='word_1_552' title='bbox 3101 4259 3446 4345; x_wconf 88' lang='lat' dir='ltr'>impatiens</span> <span class='ocrx_word' id='word_1_553' title='bbox 3493 4260 3702 4323; x_wconf 85' lang='lat' dir='ltr'>factus</span> <span class='ocrx_word' id='word_1_554' title='bbox 3750 4265 3849 4322; x_wconf 85' lang='lat' dir='ltr'>est</span> <span class='ocrx_word' id='word_1_555' title='bbox 3896 4258 4087 4344; x_wconf 85' lang='lat' dir='ltr'>quod,</span> <span class='ocrx_word' id='word_1_556' title='bbox 4121 4260 4327 4325; x_wconf 88' lang='lat' dir='ltr'>fracto</span> <span class='ocrx_word' id='word_1_557' title='bbox 4368 4261 4449 4325; x_wconf 86' lang='lat' dir='ltr'>ad</span> <span class='ocrx_word' id='word_1_558' title='bbox 4483 4283 4738 4326; x_wconf 90' lang='lat' dir='ltr'>murum</span> <span class='ocrx_word' id='word_1_559' title='bbox 4770 4285 4883 4328; x_wconf 87' lang='lat' dir='ltr'>ca-</span> 
     </span>
     <span class='ocr_line' id='line_1_88' title="bbox 3099 4365 4878 4455; baseline 0.003 -25"><span class='ocrx_word' id='word_1_560' title='bbox 3099 4367 3254 4453; x_wconf 90' lang='lat' dir='ltr'>pite,</span> <span class='ocrx_word' id='word_1_561' title='bbox 3289 4366 3590 4430; x_wconf 90' lang='lat' dir='ltr'>miseram</span> <span class='ocrx_word' id='word_1_562' title='bbox 3629 4365 3832 4429; x_wconf 91' lang='lat' dir='ltr'>vitam</span> <span class='ocrx_word' id='word_1_563' title='bbox 3864 4366 4144 4451; x_wconf 92' lang='lat' dir='ltr'>liquerit.</span> <span class='ocrx_word' id='word_1_564' title='bbox 4179 4367 4324 4450; x_wconf 88' lang='lat' dir='ltr'>Vel,</span> <span class='ocrx_word' id='word_1_565' title='bbox 4357 4375 4429 4432; x_wconf 91' lang='lat' dir='ltr'>ut</span> <span class='ocrx_word' id='word_1_566' title='bbox 4460 4368 4605 4432; x_wconf 89' lang='lat' dir='ltr'>aliis</span> <span class='ocrx_word' id='word_1_567' title='bbox 4635 4370 4878 4455; x_wconf 88' lang='lat' dir='ltr'>placet,</span> 
     </span>
     <span class='ocr_line' id='line_1_89' title="bbox 3102 4473 4882 4561; baseline 0.002 -22"><span class='ocrx_word' id='word_1_568' title='bbox 3102 4496 3246 4539; x_wconf 89' lang='lat' dir='ltr'>cum</span> <span class='ocrx_word' id='word_1_569' title='bbox 3293 4481 3463 4538; x_wconf 91' lang='lat' dir='ltr'>esset</span> <span class='ocrx_word' id='word_1_570' title='bbox 3509 4473 3732 4560; x_wconf 85' lang='lat' dir='ltr'>Capue</span> <span class='ocrx_word' id='word_1_571' title='bbox 3780 4482 4155 4539; x_wconf 87' lang='lat' dir='ltr'>transeunte</span> <span class='ocrx_word' id='word_1_572' title='bbox 4195 4475 4495 4561; x_wconf 89' lang='lat' dir='ltr'>Augusto</span> <span class='ocrx_word' id='word_1_573' title='bbox 4528 4499 4712 4542; x_wconf 88' lang='lat' dir='ltr'>secus</span> <span class='ocrx_word' id='word_1_574' title='bbox 4744 4478 4882 4543; x_wconf 88' lang='lat' dir='ltr'>Pa-</span> 
     </span>
     <span class='ocr_line' id='line_1_90' title="bbox 3099 4581 4881 4672; baseline 0.003 -27"><span class='ocrx_word' id='word_1_575' title='bbox 3099 4582 3330 4646; x_wconf 86' lang='lat' dir='ltr'>latium</span> <span class='ocrx_word' id='word_1_576' title='bbox 3363 4629 3639 4646; x_wconf 89' lang='lat'>......</span> <span class='ocrx_word' id='word_1_577' title='bbox 3689 4581 4102 4668; x_wconf 89' lang='lat' dir='ltr'>precipitavit</span> <span class='ocrx_word' id='word_1_578' title='bbox 4146 4583 4209 4646; x_wconf 91' lang='lat' dir='ltr'>in</span> <span class='ocrx_word' id='word_1_579' title='bbox 4260 4585 4468 4667; x_wconf 86' lang='lat' dir='ltr'>viam,</span> <span class='ocrx_word' id='word_1_580' title='bbox 4517 4588 4881 4672; x_wconf 87' lang='lat' dir='ltr'>composito</span> 
     </span>
     <span class='ocr_line' id='line_1_91' title="bbox 3100 4689 4883 4778; baseline 0.003 -25"><span class='ocrx_word' id='word_1_581' title='bbox 3100 4690 3280 4776; x_wconf 90' lang='lat' dir='ltr'>prius</span> <span class='ocrx_word' id='word_1_582' title='bbox 3306 4689 3525 4753; x_wconf 92' lang='lat' dir='ltr'>libello</span> <span class='ocrx_word' id='word_1_583' title='bbox 3559 4689 4010 4772; x_wconf 90' lang='lat' dir='ltr'>consolatorio,</span> <span class='ocrx_word' id='word_1_584' title='bbox 4038 4690 4223 4774; x_wconf 87' lang='lat' dir='ltr'>cujus</span> <span class='ocrx_word' id='word_1_585' title='bbox 4256 4698 4407 4755; x_wconf 87' lang='lat' dir='ltr'>sunt</span> <span class='ocrx_word' id='word_1_586' title='bbox 4437 4692 4649 4756; x_wconf 88' lang='lat' dir='ltr'>initia:</span> <span class='ocrx_word' id='word_1_587' title='bbox 4675 4695 4883 4778; x_wconf 71' lang='lat' dir='ltr'>Aperi</span> 
     </span>
     <span class='ocr_line' id='line_1_92' title="bbox 3100 4796 4879 4887; baseline 0.002 -25"><span class='ocrx_word' id='word_1_588' title='bbox 3100 4796 3264 4862; x_wconf 74' lang='lat' dir='ltr'>labia</span> <span class='ocrx_word' id='word_1_589' title='bbox 3316 4818 3452 4861; x_wconf 78' lang='lat' dir='ltr'>mea</span> <span class='ocrx_word' id='word_1_590' title='bbox 3498 4796 3694 4879; x_wconf 81' lang='lat' dir='ltr'>Deus,</span> <span class='ocrx_word' id='word_1_591' title='bbox 3739 4804 3845 4861; x_wconf 77' lang='lat' dir='ltr'>etc.</span> <span class='ocrx_word' id='word_1_592' title='bbox 3866 4846 3883 4879; x_wconf 86' lang='lat'><em>‚</em></span> <span class='ocrx_word' id='word_1_593' title='bbox 3929 4797 4262 4883; x_wconf 84' lang='lat' dir='ltr'>voluitque</span> <span class='ocrx_word' id='word_1_594' title='bbox 4318 4820 4512 4885; x_wconf 89' lang='lat' dir='ltr'>super</span> <span class='ocrx_word' id='word_1_595' title='bbox 4573 4801 4879 4887; x_wconf 91' lang='lat' dir='ltr'>sepulcro</span> 
     </span>
     <span class='ocr_line' id='line_1_93' title="bbox 3101 4905 3345 4990; baseline -0.008 -20"><span class='ocrx_word' id='word_1_596' title='bbox 3101 4905 3345 4990; x_wconf 87' lang='lat' dir='ltr'>sculpi:</span> 
     </span>
    </p>

    <p class='ocr_par' dir='ltr' id='par_1_14' title="bbox 3333 5028 4636 5099">
     <span class='ocr_line' id='line_1_94' title="bbox 3333 5028 4636 5099; baseline 0.003 -19"><span class='ocrx_word' id='word_1_597' title='bbox 3333 5029 3440 5082; x_wconf 88' lang='lat' dir='ltr'>Hic</span> <span class='ocrx_word' id='word_1_598' title='bbox 3476 5029 3619 5081; x_wconf 88' lang='lat' dir='ltr'>redit</span> <span class='ocrx_word' id='word_1_599' title='bbox 3654 5028 3713 5080; x_wconf 90' lang='lat' dir='ltr'>in</span> <span class='ocrx_word' id='word_1_600' title='bbox 3752 5028 4003 5095; x_wconf 87' lang='lat' dir='ltr'>nihilum,</span> <span class='ocrx_word' id='word_1_601' title='bbox 4041 5030 4135 5099; x_wconf 90' lang='lat' dir='ltr'>qui</span> <span class='ocrx_word' id='word_1_602' title='bbox 4172 5030 4279 5083; x_wconf 80' lang='lat' dir='ltr'>fuit</span> <span class='ocrx_word' id='word_1_603' title='bbox 4315 5036 4443 5085; x_wconf 82' lang='lat' dir='ltr'>ante</span> <span class='ocrx_word' id='word_1_604' title='bbox 4482 5032 4636 5084; x_wconf 88' lang='lat' dir='ltr'>nihil.</span> 
     </span>
    </p>
   </div>
   <div class='ocr_carea' id='block_1_13' title="bbox 3891 5279 4087 5344">
    <p class='ocr_par' dir='ltr' id='par_1_15' title="bbox 3891 5279 4087 5344">
     <span class='ocr_line' id='line_1_95' title="bbox 3891 5279 4087 5344; baseline 0 0"><span class='ocrx_word' id='word_1_605' title='bbox 3891 5279 4087 5344; x_wconf 87' lang='lat' dir='ltr'>XIII.</span> 
     </span>
    </p>
   </div>
   <div class='ocr_carea' id='block_1_14' title="bbox 3097 5473 4881 5778">
    <p class='ocr_par' dir='ltr' id='par_1_16' title="bbox 3097 5473 4881 5778">
     <span class='ocr_line' id='line_1_96' title="bbox 3232 5473 4881 5563; baseline 0.004 -25"><span class='ocrx_word' id='word_1_606' title='bbox 3232 5473 3325 5539; x_wconf 84' lang='lat' dir='ltr'>CI.</span> <span class='ocrx_word' id='word_1_607' title='bbox 3355 5474 3667 5539; x_wconf 67' lang='lat' dir='ltr'>Fauorini</span> <span class='ocrx_word' id='word_1_608' title='bbox 3696 5496 3820 5539; x_wconf 79' lang='lat' dir='ltr'>non</span> <span class='ocrx_word' id='word_1_609' title='bbox 3847 5498 4050 5560; x_wconf 82' lang='lat' dir='ltr'>pauca</span> <span class='ocrx_word' id='word_1_610' title='bbox 4083 5498 4158 5541; x_wconf 76' lang='lat' dir='ltr'>ex</span> <span class='ocrx_word' id='word_1_611' title='bbox 4185 5477 4472 5543; x_wconf 78' lang='lat' dir='ltr'>chronica</span> <span class='ocrx_word' id='word_1_612' title='bbox 4496 5480 4724 5563; x_wconf 71' lang='lat' dir='ltr'>fratris</span> <span class='ocrx_word' id='word_1_613' title='bbox 4757 5479 4881 5544; x_wconf 78' lang='lat' dir='ltr'>Sa-</span> 
     </span>
     <span class='ocr_line' id='line_1_97' title="bbox 3098 5582 4881 5671; baseline 0.004 -25"><span class='ocrx_word' id='word_1_614' title='bbox 3098 5582 3358 5647; x_wconf 80' lang='lat' dir='ltr'>lz&#39;mbene</span> <span class='ocrx_word' id='word_1_615' title='bbox 3403 5605 3477 5647; x_wconf 72' lang='lat' dir='ltr'>ea·</span> <span class='ocrx_word' id='word_1_616' title='bbox 3527 5583 3672 5648; x_wconf 76' lang='lat' dir='ltr'>cod.</span> <span class='ocrx_word' id='word_1_617' title='bbox 3720 5583 3860 5647; x_wconf 76' lang='lat' dir='ltr'>bibl.</span> <span class='ocrx_word' id='word_1_618' title='bbox 3916 5583 4248 5669; x_wconf 76' lang='lat' dir='ltr'>Cmnitum,</span> <span class='ocrx_word' id='word_1_619' title='bbox 4299 5586 4562 5671; x_wconf 81' lang='lat' dir='ltr'>Romae,</span> <span class='ocrx_word' id='word_1_620' title='bbox 4607 5587 4720 5651; x_wconf 80' lang='lat' dir='ltr'>sub</span> <span class='ocrx_word' id='word_1_621' title='bbox 4764 5588 4881 5655; x_wconf 83' lang='lat' dir='ltr'>hoc</span> 
     </span>
     <span class='ocr_line' id='line_1_98' title="bbox 3097 5691 4878 5778; baseline 0.003 -24"><span class='ocrx_word' id='word_1_622' title='bbox 3097 5712 3356 5755; x_wconf 79' lang='lat' dir='ltr'>numero</span> <span class='ocrx_word' id='word_1_623' title='bbox 3387 5693 3453 5754; x_wconf 84' lang='lat' dir='ltr'>in</span> <span class='ocrx_word' id='word_1_624' title='bbox 3486 5691 3680 5756; x_wconf 80' lang='lat' dir='ltr'>lucem</span> <span class='ocrx_word' id='word_1_625' title='bbox 3699 5692 3956 5776; x_wconf 78' lang='lat' dir='ltr'>prodiit,</span> <span class='ocrx_word' id='word_1_626' title='bbox 3984 5713 4140 5778; x_wconf 79' lang='lat' dir='ltr'>quae</span> <span class='ocrx_word' id='word_1_627' title='bbox 4169 5694 4236 5756; x_wconf 83' lang='lat' dir='ltr'>in</span> <span class='ocrx_word' id='word_1_628' title='bbox 4264 5692 4583 5759; x_wconf 85' lang='lat' dir='ltr'>Chronica</span> <span class='ocrx_word' id='word_1_629' title='bbox 4612 5693 4723 5761; x_wconf 80' lang='lat' dir='ltr'>Fr.</span> <span class='ocrx_word' id='word_1_630' title='bbox 4751 5695 4878 5759; x_wconf 83' lang='lat' dir='ltr'>Sa-</span> 
     </span>
    </p>
   </div>
   <div class='ocr_carea' id='block_1_15' title="bbox 3092 5797 4874 6101">
    <p class='ocr_par' dir='ltr' id='par_1_17' title="bbox 3092 5797 4874 6101">
     <span class='ocr_line' id='line_1_99' title="bbox 3094 5797 4874 5884; baseline 0.004 -24"><span class='ocrx_word' id='word_1_631' title='bbox 3094 5797 3375 5863; x_wconf 89' lang='lat' dir='ltr'>limbene</span> <span class='ocrx_word' id='word_1_632' title='bbox 3421 5798 3815 5881; x_wconf 89' lang='lat' dir='ltr'>Parmensis,</span> <span class='ocrx_word' id='word_1_633' title='bbox 3852 5798 4138 5881; x_wconf 79' lang='lat' dir='ltr'>Parmae,</span> <span class='ocrx_word' id='word_1_634' title='bbox 4170 5820 4246 5864; x_wconf 76' lang='lat' dir='ltr'>ex</span> <span class='ocrx_word' id='word_1_635' title='bbox 4273 5800 4379 5884; x_wconf 84' lang='lat' dir='ltr'>off.</span> <span class='ocrx_word' id='word_1_636' title='bbox 4415 5800 4586 5867; x_wconf 71' lang='lat' dir='ltr'>Petri</span> <span class='ocrx_word' id='word_1_637' title='bbox 4615 5800 4874 5867; x_wconf 68' lang='grc' dir='ltr'><em>Πασσα-</em></span> 
     </span>
     <span class='ocr_line' id='line_1_100' title="bbox 3092 5904 4873 5989; baseline 0.003 -20"><span class='ocrx_word' id='word_1_638' title='bbox 3092 5906 3266 5989; x_wconf 78' lang='lat' dir='ltr'>dori,</span> <span class='ocrx_word' id='word_1_639' title='bbox 3314 5927 3481 5970; x_wconf 85' lang='lat' dir='ltr'>anno</span> <span class='ocrx_word' id='word_1_640' title='bbox 3526 5904 4062 5970; x_wconf 82' lang='lat' dir='ltr'>MDCCCLVII.</span> <span class='ocrx_word' id='word_1_641' title='bbox 4108 5908 4274 5972; x_wconf 78' lang='lat' dir='ltr'>inter</span> <span class='ocrx_word' id='word_1_642' title='bbox 4336 5908 4508 5972; x_wconf 87' lang='lat' dir='ltr'>Mon.</span> <span class='ocrx_word' id='word_1_643' title='bbox 4557 5908 4731 5973; x_wconf 89' lang='lat' dir='ltr'>Hist.</span> <span class='ocrx_word' id='word_1_644' title='bbox 4781 5911 4873 5975; x_wconf 89' lang='lat' dir='ltr'>ad</span> 
     </span>
     <span class='ocr_line' id='line_1_101' title="bbox 3092 6012 4872 6101; baseline 0.002 -23"><span class='ocrx_word' id='word_1_645' title='bbox 3092 6012 3470 6079; x_wconf 89' lang='lat' dir='ltr'>Provincias</span> <span class='ocrx_word' id='word_1_646' title='bbox 3501 6012 3922 6077; x_wconf 89' lang='lat' dir='ltr'>Parmensem</span> <span class='ocrx_word' id='word_1_647' title='bbox 3953 6020 4019 6077; x_wconf 90' lang='lat' dir='ltr'>et</span> <span class='ocrx_word' id='word_1_648' title='bbox 4049 6013 4498 6079; x_wconf 90' lang='lat' dir='ltr'>Placentinam</span> <span class='ocrx_word' id='word_1_649' title='bbox 4539 6016 4872 6101; x_wconf 88' lang='lat' dir='ltr'>pertinen-</span> 
     </span>
    </p>
   </div>
   <div class='ocr_carea' id='block_1_16' title="bbox 3093 6120 3917 6186">
    <p class='ocr_par' dir='ltr' id='par_1_18' title="bbox 3093 6120 3917 6186">
     <span class='ocr_line' id='line_1_102' title="bbox 3093 6120 3917 6186; baseline 0.002 -2"><span class='ocrx_word' id='word_1_650' title='bbox 3093 6120 3186 6185; x_wconf 89' lang='lat' dir='ltr'>tia</span> <span class='ocrx_word' id='word_1_651' title='bbox 3233 6142 3401 6185; x_wconf 78' lang='lat' dir='ltr'>nunc</span> <span class='ocrx_word' id='word_1_652' title='bbox 3447 6121 3609 6186; x_wconf 80' lang='lat' dir='ltr'>edita</span> <span class='ocrx_word' id='word_1_653' title='bbox 3655 6120 3917 6186; x_wconf 63' lang='lat' dir='ltr'>suntffl).</span> 
     </span>
    </p>
   </div>
   <div class='ocr_carea' id='block_1_17' title="bbox 1358 6470 4876 6544">
    <p class='ocr_par' dir='ltr' id='par_1_19' title="bbox 1358 6470 4876 6544">
     <span class='ocr_line' id='line_1_103' title="bbox 1358 6470 4876 6544; baseline 0.002 -20"><span class='ocrx_word' id='word_1_654' title='bbox 1358 6474 1436 6539; x_wconf 87' lang='lat'>(2)</span> <span class='ocrx_word' id='word_1_655' title='bbox 1476 6470 1590 6524; x_wconf 79' lang='lat' dir='ltr'>cfr.</span> <span class='ocrx_word' id='word_1_656' title='bbox 1642 6471 1772 6523; x_wconf 84' lang='lat' dir='ltr'>ibid.</span> <span class='ocrx_word' id='word_1_657' title='bbox 1818 6488 1945 6541; x_wconf 78' lang='lat' dir='ltr'>pag.</span> <span class='ocrx_word' id='word_1_658' title='bbox 2006 6474 2092 6537; x_wconf 89' lang='lat'>25,</span> <span class='ocrx_word' id='word_1_659' title='bbox 2144 6473 2230 6536; x_wconf 83' lang='lat'>26,</span> <span class='ocrx_word' id='word_1_660' title='bbox 2285 6472 2370 6535; x_wconf 79' lang='lat'>27,</span> <span class='ocrx_word' id='word_1_661' title='bbox 2412 6474 2496 6536; x_wconf 79' lang='lat'>14,</span> <span class='ocrx_word' id='word_1_662' title='bbox 2540 6474 2623 6536; x_wconf 88' lang='lat'>15,</span> <span class='ocrx_word' id='word_1_663' title='bbox 2663 6474 2748 6536; x_wconf 93' lang='lat'>32,</span> <span class='ocrx_word' id='word_1_664' title='bbox 2790 6474 2875 6536; x_wconf 92' lang='lat'>33,</span> <span class='ocrx_word' id='word_1_665' title='bbox 2916 6474 3002 6538; x_wconf 78' lang='lat'>34,</span> <span class='ocrx_word' id='word_1_666' title='bbox 3041 6477 3126 6540; x_wconf 86' lang='lat'>33,</span> <span class='ocrx_word' id='word_1_667' title='bbox 3167 6477 3253 6541; x_wconf 89' lang='lat'>39,</span> <span class='ocrx_word' id='word_1_668' title='bbox 3293 6477 3379 6541; x_wconf 89' lang='lat'>30,</span> <span class='ocrx_word' id='word_1_669' title='bbox 3419 6478 3504 6541; x_wconf 88' lang='lat'>31,</span> <span class='ocrx_word' id='word_1_670' title='bbox 3544 6478 3630 6540; x_wconf 79' lang='lat'>40,</span> <span class='ocrx_word' id='word_1_671' title='bbox 3670 6477 3793 6542; x_wconf 85' lang='lat'>402,</span> <span class='ocrx_word' id='word_1_672' title='bbox 3833 6477 3953 6540; x_wconf 80' lang='lat'>403,</span> <span class='ocrx_word' id='word_1_673' title='bbox 3992 6477 4079 6541; x_wconf 89' lang='lat'>50,</span> <span class='ocrx_word' id='word_1_674' title='bbox 4116 6476 4204 6541; x_wconf 87' lang='lat'>51,</span> <span class='ocrx_word' id='word_1_675' title='bbox 4242 6477 4330 6541; x_wconf 95' lang='lat'>52,</span> <span class='ocrx_word' id='word_1_676' title='bbox 4377 6478 4465 6541; x_wconf 84' lang='lat'>54,</span> <span class='ocrx_word' id='word_1_677' title='bbox 4516 6479 4603 6542; x_wconf 84' lang='lat'>55,</span> <span class='ocrx_word' id='word_1_678' title='bbox 4641 6479 4730 6543; x_wconf 88' lang='lat'>59,</span> <span class='ocrx_word' id='word_1_679' title='bbox 4778 6480 4876 6544; x_wconf 72' lang='lat'>04,</span> 
     </span>
    </p>
   </div>
   <div class='ocr_carea' id='block_1_18' title="bbox 1197 6563 2966 6630">
    <p class='ocr_par' dir='ltr' id='par_1_20' title="bbox 1197 6563 2966 6630">
     <span class='ocr_line' id='line_1_104' title="bbox 1197 6563 2966 6630; baseline -0.002 -14"><span class='ocrx_word' id='word_1_680' title='bbox 1197 6565 1285 6630; x_wconf 82' lang='lat'>63,</span> <span class='ocrx_word' id='word_1_681' title='bbox 1328 6566 1446 6630; x_wconf 89' lang='lat'>109,</span> <span class='ocrx_word' id='word_1_682' title='bbox 1490 6566 1610 6628; x_wconf 93' lang='lat'>110,</span> <span class='ocrx_word' id='word_1_683' title='bbox 1641 6566 1762 6629; x_wconf 92' lang='lat'>111,</span> <span class='ocrx_word' id='word_1_684' title='bbox 1793 6563 2510 6628; x_wconf 79' lang='lat'>112,113,123,124,128,</span> <span class='ocrx_word' id='word_1_685' title='bbox 2543 6563 2810 6626; x_wconf 88' lang='lat'>129,159,</span> <span class='ocrx_word' id='word_1_686' title='bbox 2848 6564 2966 6612; x_wconf 82' lang='lat'>164.</span> 
     </span>
    </p>
   </div>
   <div class='ocr_carea' id='block_1_19' title="bbox 5510 585 5517 1278">
    <p class='ocr_par' dir='ltr' id='par_1_21' title="bbox 5510 585 5517 1278">
     <span class='ocr_line' id='line_1_105' title="bbox 5510 585 5517 1278; baseline 0 0"><span class='ocrx_word' id='word_1_687' title='bbox 5510 585 5517 1278; x_wconf 95' lang='lat' dir='ltr'> </span> 
     </span>
    </p>
   </div>
  </div>
 </body>
</html>
