5542 7775
1341 618 1494 689 260
2922 643 3403 694 MONUMENTA

1341 796 1674 879 diaconae,
1710 795 1818 882 qui
1865 818 1983 882 pro
2030 802 2319 883 tempore
2367 797 2582 879 fuerit,
2618 820 2808 884 quem
2855 806 3001 885 post
3047 797 3439 886 Episcopum
3487 806 3740 863 constat
3786 821 3925 865 esse
3974 807 4169 888 caput
4216 801 4521 888 Capituli,
4554 825 4700 868 cum
4740 804 4977 869 ibidem

1341 903 1791 968 ressidentiam
1839 904 2097 986 fecerit,
2146 904 2437 991 predicta
2501 913 2805 970 exerceat
2863 906 3064 993 ipsius
3121 907 3260 971 vice
3309 907 3626 993 Capituli,
3676 907 3841 972 sicut
3888 930 4139 995 queque
4187 931 4303 974 suo
4351 912 4727 996 cognoverit
4768 914 4974 979 officio

1338 1011 1654 1096 indigere,
1703 1010 2227 1095 contradictores,
2271 1013 2326 1076 si
2374 1012 2484 1098 qui
2531 1013 2793 1097 fuerint,
2826 1014 2931 1077 vel
2979 1013 3278 1097 rebelles,
3311 1036 3429 1102 per
3468 1036 3771 1079 censuras
3820 1017 4311 1101 ecclesiasticae,
4344 1019 4642 1084 submota
4688 1023 4975 1108 appella—

1336 1118 1534 1200 tione,
1583 1116 2068 1204 compesceudo.
2117 1118 2297 1182 Nulli
2346 1140 2502 1205 ergo
2553 1120 2813 1185 omnino
2860 1120 3191 1185 hominum
3235 1120 3429 1185 liceat
3475 1122 3642 1186 hanc
3689 1121 3996 1208 paginam
4043 1130 4257 1188 nostre
4289 1127 4717 1191 concessionis
4749 1128 4973 1194 infrin-

1337 1246 1494 1312 gere
1541 1225 1646 1289 vel
1694 1224 1754 1288 ei
1801 1246 1963 1289 ausu
2010 1226 2352 1291 temerario
2399 1228 2758 1311 contraire3
2809 1228 2863 1291 si
2910 1229 3053 1314 quis
3100 1235 3317 1293 autem
3376 1229 3499 1293 hoc
3565 1235 3885 1293 attentare
3936 1232 4418 1318 presumpserit,
4466 1234 4973 1321 indignationem

1340 1333 1800 1420 omnipotentis
1846 1335 1973 1399 Dei
2020 1357 2097 1400 ac
2143 1335 2481 1400 beatorum
2526 1335 2706 1400 Petri
2755 1345 2821 1400 et
2865 1336 3056 1401 Pauli
3105 1338 3543 1424 apostolorum
3591 1339 3730 1403 eius
3777 1360 3846 1404 se
3892 1339 4143 1404 noverit
4190 1339 4614 1406 incursurum.

1517 1441 1762 1507 Datum
1808 1441 2015 1507 Rome
2063 1442 2236 1530 apud
2281 1449 2575 1507 sanctum
2620 1443 2910 1528 Petrum,
2958 1444 3205 1510 decimo
3255 1445 3568 1510 kalendas
3614 1447 3791 1532 maij,
3840 1447 4249 1533 pontificatus
4298 1448 4499 1513 nostri
4543 1470 4713 1515 anuo
4759 1453 4970 1518 tertio.

3046 1765 3270 1831 XVII.

2882 1981 3075 2065 1219,
3123 1982 3211 2045 28
3256 1983 3439 2046 iunii.

2175 2194 2282 2259 Ex
2328 2202 2500 2260 tomo
2548 2195 2802 2260 XLIII.
2859 2195 3003 2260 Cod.
3053 2197 3205 2281 dipl.
3254 2196 3421 2261 Eccl.
3469 2196 3643 2281 bon„
3692 2219 3865 2262 num.
3913 2198 4135 2263 XVII.

1511 2411 1860 2492 HonoriuS,
1909 2432 2133 2475 servus
2182 2431 2517 2474 servorum
2561 2409 2808 2492 Dei(1),
2843 2409 3078 2475 dilecto
3125 2411 3257 2474 filio
3306 2410 3781 2476 Archidiacono
3828 2412 4557 2496 Bononiensi,'salutem
4603 2421 4668 2479 et
4714 2424 4977 2502 aposto·

1336 2519 1530 2583 licam
1578 2517 2112 2583 benedictionem.

1517 2626 1679 2690 Cum
1726 2647 1879 2711 sepe
1929 2626 2263 2710 contingat
2308 2632 2380 2688 ut
2428 2624 2637 2688 minus
2683 2624 2857 2688 docti
2902 2625 2986 2688 ad
3033 2624 3304 2688 docendi
3350 2625 3637 2709 regimen
3672 2634 4101 2709 assumantur,
4133 2635 4399 2714 propter
4430 2629 4601 2715 quod
4648 2637 4712 2694 et
4749 2629 4976 2695 docto·

1338 2755 1480 2797 rum
1525 2733 1731 2797 honor
1778 2733 2123 2814 minuatur,
2167 2739 2233 2796 et
2277 2732 2605 2819 profectus
2653 2733 3041 2819 impediatur
3086 2732 3472 2796 scholarium
3522 2733 3875 2797 volentium
3921 2734 4182 2817 erudiri,
4218 2756 4333 2800 nos
4379 2736 4749 2801 eorumdem
4796 2738 4979 2803 utili-

1335 2840 1455 2905 tati
1502 2847 1566 2904 et
1612 2840 1843 2905 honori
1889 2841 2256 2926 prospicere
2305 2840 2656 2926 cupientes,
2692 2840 3075 2903 auctoritate
3129 2840 3518 2924 presentium
3550 2840 3851 2903 duximus
3884 2842 4318 2925 statuendum,
4351 2850 4423 2906 ut
4454 2844 4669 2907 nullus
4700 2845 4981 2909 ulterius

1334 2948 1401 3011 in
1448 2947 1708 3012 civitate
1755 2946 2046 3033 predicta
2093 2947 2176 3010 ad
2223 2947 2494 3011 docendi
2540 2947 2828 3032 regimen
2879 2954 3264 3029 assumatur,
3309 2946 3430 3009 nisi
3476 2968 3515 3010 a
3562 2954 3625 3010 tc
3675 2948 3939 3011 obtenta
3984 2949 4267 3033 licentia,
4301 2951 4776 3016 examinatione
4825 2974 4980 3039 pre·

1335 3054 1561 3118 habita
1600 3053 1914 3139 diligenti,
1951 3062 2021 3118 tu
2052 3053 2329 3139 denique
2377 3055 2902 3136 contradictores,
2937 3054 2990 3116 si
3025 3054 3133 3138 qui
3168 3053 3425 3136 fuerint,
3460 3053 3561 3117 vel
3597 3054 3891 3137 rebelles,
3925 3077 4410 3142 per,censuram
4444 3059 4977 3143 ecclesiasticam,

1337 3162 1774 3249 appellatione
1824 3168 2090 3243 remota,
2139 3183 2528 3248 compescas.

1514 3269 1758 3333 Datum
1804 3268 2011 3333 Rome
2057 3288 2151 3334 1v.
2192 3269 2508 3333 kalendas
2550 3270 2723 3354 julij,
2772 3269 3183 3356 pontificatus
3232 3270 3432 3333 nostri
3480 3290 3649 3334 anno
3696 3289 3801 3334 111.

3016 3591 3276 3657 XVIII.

2832 3806 3023 3890 1219,
3070 3806 3159 3870 28
3205 3804 3475 3870 octobre's.

2591 4020 2696 4084 Ex
2743 4020 2968 4085 eodem
3019 4027 3227 4103 tomo,
3274 4042 3448 4085 num.
3496 4021 3704 4085 XLV.

1506 4235 1841 4300 Honorius
1887 4234 2117 4301 111.(2)
2150 4235 2460 4320 magistro
2510 4233 2755 4318 Gratie,
2805 4234 3145 4321 capellano
3195 4242 3431 4298 nostr0.

1511 4343 1671 4408 Cum
1719 4343 1786 4407 in
1832 4343 2260 4407 Lateranensi
2308 4342 2595 4407 Concilio
2643 4342 2915 4429 provida
2961 4341 3156 4405 fuerit
3201 4341 3664 4406 deliberatione
3706 4348 4038 4425 statutum,
4073 4351 4143 4406 ut
4173 4349 4517 4429 postquam
4549 4343 4691 4428 quis
4724 4343 4987 4408 electus

1330 4451 1528 4514 fuerit
1571 4449 1654 4513 ad
1701 4450 2144 4537 episcopatum
2193 4457 2258 4514 et
2305 4450 2638 4514 electionis
2701 4449 3253 4513 confirmationem
3302 4450 3622 4535 acceperit
3670 4470 3745 4514 ac
3786 4450 4368 4517 ecclesiasticorum
4414 4450 4727 4514 bonorum
4775 4450 4991 4515 suerit

1328 4557 1868 4621 ministrationem
1916 4556 2209 4643 adeptus,
2244 4557 2514 4621 decurso
2565 4566 2852 4643 tempore
2901 4557 2980 4621 de
3031 4556 3466 4621 consecrando
3499 4556 3838 4644 Episcopis
3871 4580 3909 4621 a
3943 4557 4299 4621 canonibus
4332 4557 4622 4639 diffinito,
4657 4558 4736 4622 de
4770 4558 4991 4643 ipsius

1329 4666 1520 4730 electi
1566 4664 1895 4729 beneficiis
1944 4665 2033 4747 is,
2083 4664 2166 4728 ad
2213 4685 2407 4749 quem
2453 4670 2746 4750 spectare
2796 4664 3216 4748 dignoscitur,
3267 4664 3539 4727 liberam
3587 4663 3968 4749 disponendi
4015 4664 4255 4728 habeat
4302 4664 4711 4747 facultatem,
4761 4675 4829 4728 et
4883 4688 4995 4729 se·

1329 4773 1610 4837 cundum
1659 4772 2003 4837 canonicas
2052 4773 2454 4855 sanctiones,
2502 4771 2557 4834 si
2603 4772 2960 4836 consecrati
3010 4772 3074 4834 in
3122 4770 3477 4857 Episcopos
3524 4793 3608 4834 ex
3656 4772 3876 4857 aliqua
3924 4793 4154 4854 causa,
4202 4771 4546 4836 dummodo
4594 4772 4731 4836 sine
4778 4773 4992 4859 culpa

1328 4901 1485 4964 sua,
1536 4901 1666 4944 non
1711 4879 2107 4965 recipiantur
2155 4900 2194 4942 a
2239 4878 2614 4963 Parrochijs
2681 4878 2763 4942 ad
2825 4899 2985 4964 quas
3043 4878 3284 4943 fuerint
3331 4879 3720 4961 consecrati,
3767 4879 4015 4965 possint
4076 4879 4143 4942 in
4202 4879 4446 4943 bonore
4507 4879 4685 4966 prius
4747 4880 4995 4947 habito

1327 4988 1640 5070 residere,
1691 5008 1771 5051 ne
1820 4986 2154 5072 contingat
2201 5007 2311 5051 eos
2360 4986 2649 5069 interim,
2700 4985 2871 5072 quod
2919 4994 3087 5051 esset
3134 4986 3519 5068 absurdum,
3569 4986 3914 5073 acephalos
3960 4986 4272 5069 inveniri,
4322 5008 4437 5050 nos
4484 4987 4773 5052 volentes
4826 4990 4997 5074 alijs

1327 5093 1730 5181 malignandi
1777 5094 2118 5158 materiam
2165 5100 2524 5180 amputare,
2574 5100 2639 5157 et
2684 5093 2823 5175 tibi,
2874 5115 3067 5178 quem
3113 5094 3475 5157 dilectionis
3520 5093 3936 5179 prerogativa
3983 5093 4346 5178 diligimus,
4394 5115 4775 5180 precavere,
4831 5118 4996 5182 pre-

1328 5203 1515 5289 cipue
1562 5208 1827 5289 propter
1873 5201 2122 5265 viarum
2174 5209 2240 5265 et
2286 5201 2482 5264 maris
2531 5200 2903 5265 discrimina
2949 5208 3015 5264 et
3062 5202 3214 5287 quia
3261 5208 3435 5265 terra
3482 5201 3907 5265 ultramarina
3956 5202 4223 5285 majori,
4271 5223 4466 5288 quam
4513 5209 4722 5266 cetere
4769 5211 4997 5287 terre,

1327 5308 1682 5373 discrimini
1728 5307 2057 5392 subjacet,
2107 5306 2479 5371 discretioni
2524 5315 2656 5390 tue,
2706 5307 3092 5372 auctoritate
3140 5307 3534 5394 presentium
3591 5307 3894 5371 duximus
3941 5307 4455 5391 concedendum,
4502 5315 4575 5372 ut
4620 5307 4997 5395 Ecclesiae,

1329 5439 1445 5481 seu
1491 5415 1806 5480 beneficia
1853 5422 2002 5498 tua,
2051 5416 2218 5480 sicut
2281 5415 2595 5480 hactenus
2661 5416 2946 5499 tenuisti,
2995 5415 3277 5498 tamdiu,
3327 5423 3618 5480 cessante
3673 5416 4018 5501 cujuslibet
4065 5415 4606 5499 contradictione,
4653 5417 5000 5500 retineaS,

1328 5523 1534 5589 donec
1580 5523 1872 5588 Ecclesia
1921 5522 2326 5606 antiochene,
2371 5523 2452 5586 ad
2501 5524 2686 5608 cujus
2735 5545 2958 5588 curam
3004 5531 3067 5587 et
3114 5524 3403 5608 regimen
3452 5524 3727 5588 electum
3776 5531 3838 5587 te
3886 5524 4192 5588 canonice
4241 5523 4543 5587 duximus
4588 5524 5001 5590 confirman-

1326 5630 1517 5714 dum,
1570 5630 1831 5717 plenam
1879 5637 1944 5694 et
1989 5630 2326 5716 pacificam
2372 5630 2801 5717 personaliter
2845 5631 3316 5718 possessionem
3364 5630 3635 5718 adeptus
3682 5631 3881 5695 fucris
3928 5630 4366 5718 corporalem,
4413 5630 4761 5725 districtius
4812 5633 5004 5697 inhi-

1326 5739 1555 5803 bentes
1616 5759 1697 5802 ne
1762 5737 1905 5822 quis
1969 5737 2226 5800 interim
2286 5744 2617 5824 presumat
2676 5738 2794 5801 tibi
2855 5739 3168 5802 beneficia
3225 5739 3365 5824 ipsa
3412 5738 3829 5821 subtrahere,
3878 5746 3991 5801 aut
4036 5745 4100 5802 te
4149 5759 4342 5824 super
4389 5737 4517 5801 illis
4562 5737 5004 5823 aliquatenus

1325 5844 1694 5910 molestare.
1744 5844 1925 5909 Nulli
1971 5865 2129 5930 ergo
2179 5845 2438 5909 omnino
2486 5845 2818 5910 hominum
2866 5846 3059 5909 liceat
3102 5845 3271 5910 hanc
3319 5846 3627 5933 paginam
3675 5854 3889 5911 nostre
3954 5845 4382 5910 concessionis
4446 5852 4510 5909 et
4568 5844 5003 5911 inhibitionis

1325 5952 1682 6038 infringere
1729 5950 1836 6017 vel
1883 5952 1943 6016 ei
1992 5973 2154 6016 ausu
2203 5953 2545 6017 temerario
2596 5953 2954 6034 contraire3
2988 5954 3042 6017 si
3091 5954 3234 6039 quis
3277 5961 3492 6017 autem
3540 5954 3661 6017 hoc
3709 5959 4028 6017 attentare
4061 5952 4544 6039 presumpserit,
4578 5952 5005 6037 indignatio-

1325 6082 1475 6125 nem
1524 6060 1986 6147 omnipotentis
2033 6059 2160 6125 Dei
2207 6081 2285 6124 ac
2331 6060 2671 6124 beatorum
2716 6060 2897 6125 Petri
2944 6068 3007 6125 et
3052 6060 3245 6124 Pauli
3293 6060 3731 6147 apostolorum
3777 6060 3915 6124 eius
3962 6081 4031 6123 se
4079 6059 4333 6124 noverit
4380 6059 4810 6150 incursurum.

1503 6168 1750 6232 Datum
1796 6167 2078 6231 Viterbii
2127 6173 2358 6254 quarto
2403 6167 2720 6232 kalendas
2769 6169 3158 6251 novembriS,
3208 6168 3617 6254 pontificatus
3665 6168 3867 6231 nostri
3915 6189 4083 6231 anno
4132 6173 4383 6251 quarto.

1483 6418 1563 6482 (1)
1601 6416 1671 6468 A.
1711 6415 1771 6469 C.
1809 6414 2143 6483 MCCXIX.,
2182 6415 2449 6469 XXVIII.
2488 6417 2640 6469 iunii.

1484 6506 1563 6571 (2)
1602 6505 1687 6557 Ex
1724 6522 1837 6576 reg.
1878 6505 1954 6558 11.
1994 6505 2222 6558 Honor-ii
2262 6505 2397 6570 111.,
2437 6523 2523 6575 ep.
2563 6508 2685 6572 587,
2724 6506 2821 6557 fol.
2866 6509 2984 6571 136,
3024 6504 3360 6572 Mccxlx„
3398 6505 3664 6557 XXVIII.
3703 6505 3958 6558 octobris.
