5542 7775
2102 681 2530 733 scHOLABEs
2585 679 2992 733 ILLUSTBES

1343 996 1834 1064 MCCLXXVI.

706 1264 789 1329 D.
839 1263 1139 1329 Andreas
1203 1264 1284 1332 (16
1351 1265 1767 1353 Languselli,
1828 1264 2175 1329 canonicus
2244 1265 2477 1332 narbo-

926 1373 1162 1437 nensis.

707 1478 788 1543 D.
837 1478 1155 1543 Arnerius
1220 1479 1390 1544 filius
1453 1480 1696 1545 domini
1740 1478 2037 1562 Rodulfi,
2100 1479 2350 1544 comitis
2398 1480 2478 1546 de

930 1587 1284 1652 Triersten.

705 1694 788 1759 D.
836 1693 1123 1758 Araldus
1171 1694 1413 1759 domini
1459 1694 1639 1759 Petri
1687 1742 1973 1759 .....

704 1802 789 1867 D.
841 1801 1171 1887 Augerius
1217 1801 1459 1867 domini
1504 1802 1778 1888 Augerii
1825 1801 1905 1865 de
1954 1801 2335 1888 SurignacO.

703 1908 787 1974 D.
835 1909 1164 1995 Augerius
1212 1909 1292 1974 de
1342 1909 1745 1995 SertignacO.

702 2017 784 2083 D.
832 2016 1353 2101 Bartholomeus,
1403 2017 1749 2083 canonicus
1795 2016 2181 2082 basiliensis.

705 2123 789 2189 D.
838 2123 1281 2189 Benvenutns.

705 2231 786 2296 D.
837 2231 1206 2296 Bereardus
1254 2232 1423 2297 filius
1470 2232 1711 2298 domini
1758 2231 2078 2297 Bernardi
2124 2233 2384 2298 Leonis.

707 2339 793 2404 D.
829 2339 1206 2403 Bernardus
1239 2338 1318 2403 de
1348 2339 1643 2425 Migiallo
1676 2339 1845 2404 61166
1879 2339 2203 2425 quondam
2234 2340 2477 2405 domini

882 2445 1063 2510 Petri
1109 2445 1190 2511 de
1238 2446 1572 2511 Maureno.

702 2554 786 2619 D.
836 2554 1204 2619 Brocardus
1258 2555 1428 2618 filius
1476 2554 1718 2619 domini
1762 2554 2077 2620 Brocardi
2123 2555 2203 2620 de
2254 2555 2463 2621 Salsa.

703 2662 787 2728 D.
836 2662 1201 2746 Dotelinus,
1251 2663 1598 2728 canonicus
1643 2663 2027 2729 basiliensis.

710 2769 795 2834 D.
844 2769 1195 2835 Durandus
1244 2769 1649 2834 Frasinensis
1695 2771 1865 2835 filius
1912 2773 2156 2837 domini
2199 2772 2401 2837 Petri.

704 2877 787 2942 D.
836 2876 1160 2942 Ermanns
1207 2877 1469 2942 Rodulfi
1515 2878 1757 2944 domini
1806 2879 2093 2945 Comitis,

702 2984 787 3049 D.
834 2984 1314 3070 Ermengaldus
1346 2985 1517 3049 filius
1550 2986 1873 3072 quondam
1908 2987 2150 3052 domini
2187 2986 2471 3052 Ferrarii

920 3090 1130 3172 Olibe,
1181 3092 1501 3157 olenensis
1550 3093 1841 3158 diocesis.

701 3198 783 3263 D.
835 3198 1184 3263 Federicus
1231 3198 1311 3264 (16
1360 3198 1558 3263 Tanis
1605 3200 1685 3265 (16
1733 3199 2169 3266 Columbaria.

699 3305 782 3370 D.
837 3306 1194 3370 Grimerius
1242 3305 1321 3370 (16
1367 3306 1873 3372 vicecomitibus
1919 3308 1999 3373 de
2044 3308 2403 3373 Placentia.

700 3414 784 3478 D.
834 3413 1237 3478 Guarnerius
1285 3412 1364 3477 de
1402 3412 1881 3498 Pulcromonte,
1916 3417 2262 3481 canonicus
2294 3416 2469 3481 lnce·

920 3519 1283 3605 burgensis.

698 3627 780 3693 D.
817 3627 1240 3711 Guarnerius,
1277 3629 1624 3693 canonicus
1658 3628 2138 3713 lutomucensis,
2164 3629 2465 3695 basilien·

914 3734 1001 3799 sis
1050 3734 1343 3800 diocesis.

699 3841 783 3908 D.
827 3841 1261 3928 Guidegarius
1295 3842 1463 3907 filius
1494 3842 1736 3908 domini
1771 3842 2049 3909 Oavonis
2081 3843 2161 3910 (16
2196 3843 2468 3911 Gerere·

917 3958 1013 4015 ste
1062 3950 1436 4037 sipiriensis.

698 4057 782 4123 D.
832 4056 1046 4122 Guido
1094 4057 1409 4144 Algiarde
1456 4057 1535 4123 de
1582 4059 2008 4145 Portogallia.

704 4165 788 4230 D.
860 4164 1249 4231 Guillelmus
1325 4166 1701 4251 Rostagnus
1776 4166 1856 4231 de
1934 4167 2468 4255 Montepesulano

919 4272 1245 4359 qnondam
1291 4272 1533 4338 domini
1580 4273 1920 4360 Rostagni.

704 4380 787 4444 D.
838 4378 1224 4445 Guillelmus
1280 4380 1650 4466 Raymnndi
1699 4381 1779 4446 de
1825 4381 2249 4447 Frontiniano
2296 4383 2465 4447 filius

918 4488 1159 4553 domini
1208 4488 1539 4553 Guillelmi
1584 4489 1978 4575 Raymundi.

702 4595 786 4660 D.
836 4595 1224 4660 Guillelmus
1269 4595 1440 4659 filius
1487 4595 1731 4660 domini
1775 4596 2094 4661 Bernardi
2137 4597 2413 4683 Pagani.

702 4702 788 4767 D.
837 4703 1224 4768 Guillelmus
1270 4701 1351 4768 de
1397 4703 1842 4788 Frontiniano,
1891 4705 2111 4791 legum
2156 4705 2399 4772 doctor.

702 4810 785 4874 D.
819 4810 1143 4875 Heni-icus
1175 4809 1255 4874 de
1290 4810 1714 4895 Gaudexono‚
1740 4811 2011 4877 diocesis
2043 4813 2466 4879 lausanensis.

704 4915 786 4982 D.
833 4916 1180 5000 Henricus,
1214 4918 1561 4982 canonicus
1608 4919 1816 4983 sancti
1861 4919 2147 4985 Castoris
2193 4920 2259 4985 in
2299 4921 2467 4987 Con-

913 5024 1106 5088 fluen.

701 5129 785 5195 D.
833 5130 1231 5214 Harnoldus,
1279 5131 1626 5196 canonicus
1673 5140 1894 5197 sancte
1942 5132 2298 5199 Trinitatis,

702 5238 787 5303 D.
835 5236 1170 5302 Johannes
1217 5236 1534 5302 Bonfilius
1579 5238 1749 5302 filius
1797 5238 2038 5304 d'omini
2082 5239 2357 5306 Gerardi
2386 5243 2466 5309 de

912 5344 1232 5409 Lunaldo.

701 5451 783 5517 D.
833 5451 1168 5517 Johannes
1216 5453 1294 5517 de
1341 5452 1635 5518 Perusia.

699 5560 783 5624 D.
831 5558 1150 5624 Martinus
1197 5559 1486 5625 Eximini
1545 5560 1625 5625 de
1687 5560 2011 5644 Turubia,
2075 5583 2465 5649 cesaraugu-

912 5668 1145 5732 stensis
1192 5667 1487 5733 diocesis.

699 5774 874 5860 Mag.
923 5774 1294 5840 Matthaeus
1340 5774 1420 5841 de
1467 5776 1762 5841 Ancona.

697 5881 781 5947 D.
829 5881 1156 5947 Mattheus
1202 5883 1862 5948 Portonobilissimus.

697 5989 782 6054 D.
828 5989 1158 6054 Mattheus
1220 5990 1300 6054 de
1361 5990 1763 6073 Trambene,
1811 5990 2158 6055 canonicus
2205 5992 2462 6057 atredu-

912 6097 1152 6162 vensis.

697 6201 779 6268 D.
843 6202 1242 6267 Maur-andus
1310 6203 1480 6268 61166
1541 6204 1784 6270 domini
1844 6205 2025 6270 Petri
2082 6206 2463 6292 Maurandi,

913 6311 1088 6396 prior
1132 6310 1211 6375 de
1259 6309 1601 6377 Glascolis.

696 6417 782 6482 D.
827 6416 1180 6482 Morandus
1226 6417 1306 6482 de
1353 6417 1612 6501 Tolosa,
1660 6418 2064 6485 decret-orum
2111 6421 2354 6487 doctor.

696 6523 778 6589 D.
829 6524 1054 6611 Opizo,
1089 6524 1435 6589 canonicus
1482 6525 1689 6590 sancti
1734 6525 2001 6591 Martini
2047 6527 2464 6612 Turonensis,

4214 655 4364 726 315

2816 834 2989 898 61166
3034 832 3276 900 domini
3310 831 3625 897 Guidonis
3658 832 3738 896 de
3770 832 4090 918 Totogno,
4124 833 4374 897 comitis

2814 941 3125 1007 Laoanie.

2602 1047 2686 1113 D.
2735 1048 2972 1113 Petrus
3018 1045 3189 1114 filius
3235 1047 3478 1113 domini
3524 1046 3806 1132 Legcrii.

2602 1153 2688 1219 D.
2736 1155 2973 1220 Petrus
3020 1154 3370 1220 Bertrandi
3413 1153 3674 1219 Valodi.

2604 1260 2690 1327 D.
2737 1260 2974 1327 Petrus
3021 1262 3338 1327 Mantelli.

2605 1367 2690 1433 D.
2738 1368 2975 1434 Petrus
3021 1369 3100 1434 de
3147 1369 3393 1453 Pracis,
3440 1370 3921 1436 barenemcnsis
3968 1372 4260 1439 diocesis.

2605 1476 2689 1542 D.
2736 1476 2972 1541 Petrus
3004 1476 3333 1563 Blogeria,
3368 1478 3591 1542 doctor
3622 1478 4045 1564 decretorum,
4075 1481 4155 1546 de
4186 1482 4372 1548 Mon-

2822 1584 3221 1671 tepesulano,
3271 1585 3749 1670 magalonensis
3794 1585 4087 1653 diocesis.

2603 1690 2690 1755 D.
2737 1690 3103 1778 Philippus,
3154 1692 3500 1756 canonicus
3548 1693 3626 1757 de
3676 1693 4110 1761 Columbaria.

2602 1796 2688 1862 D.
2736 1798 3017 1863 Poncius
3053 1800 3132 1864 de
3168 1799 3500 1882 Gerunda,
3535 1800 3752 1887 legum
3786 1802 4027 1887 doctor,
4054 1805 4225 1870 filius
4255 1806 4370 1873 do-

2817 1906 2971 1970 mini
3021 1906 3249 1972 Poncii
3295 1907 3374 1971 de
3424 1905 3739 1973 Govelon.

2599 2010 2684 2076 D.
2733 2012 3160 2099 Raymundus
3209 2014 3452 2078 domini
3510 2014 3832 2100 Ferrarii,
3878 2017 3958 2082 de
4026 2018 4373 2087 burenensi

2817 2120 3076 2184 diocesi.

2599 2223 2683 2289 D.
2730 2225 3159 2312 Raymundus
3213 2228 3381 2292 filius
3442 2228 3684 2294 domini
3730 2230 4050 2297 Bernardi
4094 2235 4369 2322 Pagani.

2600 2331 2685 2397 D.
2731 2332 3100 2420 Raynerius
3134 2335 3214 2400 de
3245 2335 3592 2400 Villamari
3622 2338 3792 2403 61166
3824 2339 4065 2405 domini
4095 2341 4369 2430 Rugerii

2817 2440 3120 2506 Yasarni.

2600 2545 2778 2632 Mag.
2826 2548 3211 2636 Rodulphus
3259 2550 3338 2614 (16
3383 2550 3811 2618 Vulvortano.

2601 2652 2684 2718 D.
2731 2654 3117 2742 Rodulphus
3164 2656 3245 2721 de
3291 2657 3603 2723 Allamat.

2600 2760 2683 2827 D.
2731 2761 3117 2850 Rodulphus
3165 2765 3245 2829 de
3289 2765 3794 2851 Guillirentona,
3842 2779 4054 2853 rector
4098 2773 4368 2840 66616616

2815 2870 2894 2934 (16
2940 2871 3258 2937 Trivesto.

2595 2975 2772 3062 Mag.
2822 2976 3143 3063 Rogerius
3191 2980 3270 3044 (16
3316 2980 3620 3045 Robertis
3670 2983 3749 3047 de
3794 2984 4151 3051 Placentia.

2596 3082 2680 3147 D.
2730 3083 3035 3168 Thomas,
3084 3087 3581 3174 archipresbiter
3630 3098 3850 3155 sancte
3881 3090 4087 3157 Marie
4122 3094 4199 3158 de
4233 3095 4362 3161 Ve-

2812 3214 2991 3257 rona.

2595 3299 2773 3385 Mag.
2822 3299 3184 3365 Venantius
3231 3302 3310 3366 (16
3357 3303 3664 3370 Hoximo.

2547 3407 2552 3412 ’
2596 3406 2680 3471 D.
2730 3406 3053 3492 Ugundus
3100 3410 3343 3474 domini
3387 3411 3569 3475 Petri
3614 3412 3693 3477 de
3741 3413 4058 3480 Petrillia.

2596 3513 2680 3578 D.
2727 3513 3053 3601 Ugolinus
3100 3518 3341 3582 domini
3387 3518 3698 3603 Rolandi,
3742 3522 4088 3587 canonicus
4134 3546 4360 3590 carno-

2811 3625 3031 3688 tensis.
3315 3684 3320 3690 .

2595 3728 2679 3794 D.
2728 3728 2966 3795 Vitalis
3013 3732 3183 3796 filins
3229 3732 3471 3797 domini
3517 3734 3794 3799 Arnaldi
3839 3734 4182 3824 Raynerii,
4232 3741 4361 3805 016-

2811 3839 3026 3904 6611616
3074 3839 3365 3906 (11066616.

2595 3943 2772 4031 Mag.
2807 3946 3118 4012 Zulianus
3150 3948 3229 4013 de
3261 3949 3529 4033 FajacO,
3560 3953 4031 4037 rotomagensis
4066 3955 4357 4022 diocesis.

3217 4162 3744 4229 MCCLXXVII.

2591 4376 2678 4444 D.
2727 4376 3134 4463 Aymericus,
3169 4378 3514 4442 canonicus
3547 4388 3767 4445 sancte
3799 4382 4067 4448 66616616
4098 4405 4360 4449 excam-

2809 4484 3069 4571 piensis.

2593 4594 2771 4681 Mag.
2822 4594 3095 4677 Alanus,
3129 4601 3508 4681 procurator
3548 4595 3790 4662 domini
3819 4597 4075 4664 Nicolai
4105 4600 4359 4665 abbatis

2813 4702 3063 4767 monaci
3125 4702 3368 4766 ordinis
3416 4703 3622 4768 sancti
3668 4704 4041 4790 Augustini,
4089 4706 4361 4773 diocesis

2811 4810 3016 4874 sancti
3060 4809 3322 4874 Andree
3370 4809 3449 4874 de
3498 4810 3736 4876 Scotia.

2591 4917 2677 4982 D.
2725 4915 2978 4981 Alanus
3026 4916 3104 4981 de
3154 4916 3382 4982 Castro
3429 4917 3808 4982 Puellarum
3855 4927 4090 4986 scotus.

2593 5023 2678 5089 D.
2727 5023 3045 5089 Alcuinus
3091 5023 3171 5088 de
3218 5023 3571 5090 Trimonia.

2591 5130 2676 5196 D.
2724 5131 3071 5214 Arducius‚
3119 5131 3466 5196 canonicus
3511 5131 3732 5197 Plebis
3778 5133 4091 5200 Lavanie.

2592 5237 2676 5303 D.
2726 5237 3056 5302 Arnaldus
3115 5238 3459 5322 Pictavini,
3505 5239 3676 5303 filius
3723 5240 3964 5306 domini
4016 5241 4198 5308 Petri
4248 5244 4358 5308 Pi-

2808 5345 3068 5409 ctavini.

2589 5452 2675 5517 D.
2714 5451 3121 5537 Augustinus
3166 5451 3245 5516 de
3277 5452 3684 5539 Lorengan.,
3719 5454 4208 5521 archidiaconus
4240 5458 4358 5522 (16-

2808 5558 3167 5644 bragensis.

2591 5664 2676 5731 D.
2725 5665 3090 5731 Baldredus
3122 5667 3165 5733 J
3171 5668 3464 5751 ohannis,
3491 5690 3690 5755 nepos
3723 5668 4020 5754 magistri
4049 5670 4247 5735 Alani
4278 5673 4357 5738 de

2803 5772 3178 5860 Endigibin.

2588 5881 2767 5967 Mag.
2801 5882 3299 5947 Bartholomeus
3341 5882 3666 5970 quondam
3696 5884 3978 5949 Luchitii
4028 5885 4108 5949 de
4154 5885 4357 5951 Podio

2804 5989 3053 6055 Bonizi.

2589 6094 2673 6161 D.
2721 6095 3161 6183 Berengarius
3207 6096 3410 6182 Regis
3457 6097 3536 6162 de
3587 6098 3977 6182 Carcasona,
4025 6100 4198 6164 filins
4246 6101 4357 6166 (10-

2807 6204 2965 6268 mini
3012 6202 3345 6269 Guillclmi
3382 6204 3564 6268 Petri
3605 6205 3684 6269 (16
3718 6205 4105 6290 0616660116,
4140 6207 4356 6293 legum

2807 6311 3050 6376 doctor.

2591 6417 2675 6483 D.
2722 6417 3187 6504 Berlengarius
3234 6418 3559 6505 quondam
3607 6418 3850 6485 domini
3882 6420 4216 6486 Gnillelmi
4251 6421 4359 6485 Gi·

2807 6525 2973 6590 bcrti
3022 6526 3100 6590 (16
3149 6548 3350 6613 regno
3395 6527 3814 6611 majoricanO.
