5542 7775
1286 625 1380 696 58
2869 644 3355 695 MONUMENTA

1287 800 1538 866 Cavalii
1583 808 1649 865 et
1689 800 1972 865 omnium
2006 807 2323 864 terrarum
2355 807 2420 865 et
2453 800 2763 884 locorum,
2799 800 3260 886 spectancium,
3294 801 3797 866 subiaciencium
3829 801 3931 866 vel
3973 801 4431 888 pertinentium
4475 802 4929 888 quoquomodo

1286 907 1759 973 vicecomitarie
1815 908 2126 993 Argente.
2179 906 2307 982 Qui
2369 907 2664 972 dominus
2718 908 3265 994 Archiepiscopus
3313 908 3478 972 dixit
3525 908 3694 994 quod
3751 909 3871 972 iste
3917 917 4066 973 sunt
4113 917 4282 972 terre
4346 908 4630 973 subiecte
4677 910 4932 975 viceco-

1287 1016 1541 1081 mitarie
1589 1015 1915 1100 Argentc:
1964 1014 2295 1100 Argenta,
2346 1014 2633 1097 Cavalii,
2680 1014 2919 1080 Portus
2965 1014 3212 1100 Major,
3259 1015 3495 1080 Portus
3541 1015 3898 1098 Vedrarie,
3947 1015 4353 1099 Grasallum‚
4401 1016 4926 1100 Bochaleonum‚

1287 1123 1627 1206 Bandum,
1678 1122 2193 1204 Consandalum‚
2242 1121 2415 1209 Ripa
2461 1120 2736 1205 Persici,
2788 1121 3144 1187 Sandalum
3189 1131 3254 1187 et
3299 1123 3681 1206 Maderium,
3732 1123 3795 1187 in
3843 1123 4073 1206 blavis,
4120 1124 4306 1206 vino,
4356 1123 4619 1188 introitu
4663 1131 4924 1206 catene,

1287 1229 1509 1313 daciis,
1560 1228 2256 1315 condempnacionibus
2303 1236 2368 1293 et
2414 1228 2637 1311 banis;
2687 1230 3126 1315 pensionibus,
3168 1229 3697 1314 jurisdicionibus
3743 1230 4026 1294 realibus
4073 1237 4137 1294 et
4183 1230 4651 1316 personalibus,
4691 1252 4812 1295 usu
4858 1239 4928 1295 et

1285 1337 1595 1402 exercitio
1637 1336 2179 1421 jurisdictionum,
2214 1335 2530 1400 fructibus
2577 1335 2974 1400 decimarum
3019 1343 3084 1401 et
3132 1336 3427 1400 omnibus
3461 1336 3826 1402 racionibus
3860 1337 4297 1423 spectantibus
4329 1337 4412 1401 ad
4439 1337 4929 1421 jurisdicionem

1290 1443 1786 1528 vicecomitarie,
1821 1443 2027 1508 officio
2076 1449 2140 1508 et
2188 1442 2483 1507 omnibus
2525 1443 2782 1528 juribus
2831 1443 2914 1507 ad
2963 1444 3173 1531 ipsum
3223 1444 3502 1508 officium
3533 1444 3974 1530 spectantibus
4006 1444 4500 1526 vicecomitarie,
4534 1455 4596 1509 et
4631 1445 4929 1510 omnibus

1284 1551 1429 1615 aliis
1477 1551 1790 1615 reditibus
1838 1551 2301 1636 cujuscumque
2346 1550 2625 1636 generis,
2660 1550 3044 1635 manerie[i],
3078 1557 3143 1615 et
3188 1550 3580 1615 condicionis
3613 1551 3694 1615 ad
3739 1551 3948 1637 ipsum
3986 1551 4315 1615 dominum
4346 1551 4921 1639 Archiepiscopum

1284 1665 1350 1723 et
1390 1666 1809 1723 ravennatem
1840 1657 2201 1742 Ecclesiam
2234 1658 2694 1744 spectantibus,
2729 1658 2835 1721 vel
2867 1680 2990 1743 que
3024 1667 3316 1744 spectare
3353 1666 3637 1745 possent,
3671 1680 3712 1722 a
3757 1658 3922 1723 festo
3969 1659 4175 1723 sancti
4207 1659 4406 1742 Petri,
4440 1680 4645 1745 nuper
4676 1659 4921 1746 elapso,

1284 1788 1489 1852 usque
1523 1766 1605 1829 ad
1639 1765 1872 1830 festum
1908 1765 2115 1830 sancti
2146 1764 2328 1829 Petri
2374 1765 2454 1828 de
2499 1765 2701 1857 junio.
2732 1764 3024 1850 proxime
3071 1772 3342 1830 venturo
3391 1765 3697 1848 collectis,
3744 1766 4033 1852 exceptis
4082 1766 4208 1830 illis
4255 1766 4524 1851 quinon
4559 1774 4708 1830 sunt
4752 1788 4924 1830 nunc

1285 1873 1353 1936 in
1384 1872 1861 1938 vicecomitaria
1893 1872 2206 1958 Argenta
2240 1878 2303 1935 et
2349 1871 2750 1956 colligendis,
2784 1872 3032 1935 exactis
3071 1879 3135 1935 et
3180 1872 3540 1957 exigendis,
3574 1871 3888 1936 fructibus
3934 1880 4253 1937 terrarum
4300 1873 4691 1937 seminandis
4738 1873 4922 1937 dum·

1282 1987 1469 2044 taxat
1513 1979 1828 2063 exclusis3
1886 1979 1978 2043 ita
2025 1986 2241 2043 tamen
2292 1978 2462 2064 quod
2510 1978 2678 2043 dicte
2720 1979 3158 2063 jurisdicionis
3205 1981 3562 2062 concessio,
3609 1980 3936 2066 ipsiusque
3984 2002 4137 2044 usus
4184 1986 4248 2044 et
4294 1980 4597 2044 exercicii
4641 1988 4706 2045 et
4751 1980 4922 2044 vice-

1284 2088 1614 2152 comitarie
1664 2087 1941 2175 officium
1989 2086 2428 2151 extendantur
2473 2092 2537 2150 et
2585 2086 2819 2151 durent
2873 2086 3023 2151 hinc
3085 2086 3164 2150 ad
3231 2107 3430 2150 unum
3489 2107 3731 2151 annum
3784 2086 4076 2174 proxime
4131 2095 4507 2152 venturum:
4565 2087 4922 2152 concedens

1284 2195 1455 2259 idem
1510 2195 1805 2259 dominus
1861 2194 2406 2280 Archiepiscopus
2462 2194 2752 2280 predicto
2808 2195 3120 2259 Brunello
3176 2195 3427 2258 notario
3487 2194 3822 2281 recipienti
3883 2196 4022 2260 vice
4068 2203 4133 2259 et
4181 2195 4435 2260 nomine
4480 2195 4632 2259 dicti
4680 2195 4923 2260 domini

1281 2302 1697 2384 Marchionis,
1733 2302 2067 2366 licenciam
2101 2308 2164 2366 et
2199 2301 2469 2364 liberam
2519 2307 2904 2387 potestatem
2953 2301 3126 2388 ipsos
3173 2301 3440 2384 fructus,
3476 2301 3894 2367 obventiones
3941 2308 4005 2366 et
4049 2302 4357 2384 redditus,
4397 2309 4468 2366 ut
4515 2301 4756 2366 dictum
4801 2309 4920 2384 est,

1283 2410 1649 2495 colligendi,
1686 2409 2101 2497 percipiendi,
2137 2408 2462 2494 exigendi,
2496 2409 2802 2491 habendi,
2836 2409 3097 2473 tenendi
3129 2415 3192 2473 et
3227 2410 3670 2496 recuperandi,
3704 2417 3768 2474 et
3807 2409 4043 2474 dictam
4085 2409 4591 2494 jurisdicionem,
4626 2431 4809 2474 usum
4858 2417 4923 2475 et

1282 2517 1657 2581 esercicium
1706 2517 1904 2604 ipsius
1961 2516 2400 2601 jurisdicionis
2464 2523 2529 2579 et
2591 2516 3066 2580 vicecomitarie
3130 2516 3407 2580 officium
3461 2516 3840 2599 exercendi,
3888 2516 4169 2581 habendi
4216 2523 4281 2581 et
4327 2517 4549 2581 utendi
4596 2524 4661 2582 et
4707 2517 4924 2582 omnia

1284 2624 1563 2688 faciendi
1608 2645 1811 2710 usque
1860 2623 1942 2687 ad
1977 2624 2287 2688 terminos
2320 2623 2746 2709 supradictos,
2783 2631 2974 2710 prout
3006 2624 3215 2687 eidem
3248 2624 3506 2689 domino
3541 2624 4051 2711 Archiepiscopo
4083 2623 4187 2688 vel
4220 2625 4361 2708 ejus
4394 2625 4636 2689 nuntiis
4666 2625 4924 2707 licebat,

1281 2731 1503 2796 liceret
1550 2740 1615 2796 et
1661 2732 1845 2812 licet3
1883 2738 1948 2795 et
1995 2753 2239 2817 ponens
2288 2753 2434 2794 eum
2484 2731 2547 2795 in
2597 2731 2811 2795 locum
2859 2753 3068 2814 suum,
3102 2731 3313 2817 ipsum
3359 2754 3545 2796 suum
3594 2739 4075 2818 procuratorem
4120 2732 4452 2796 constituit
4485 2732 4548 2796 in
4583 2732 4923 2820 predictis3

1284 2840 1408 2903 sibi
1454 2839 1725 2903 liberam
1772 2847 1836 2903 et
1884 2838 2257 2924 generalem
2304 2838 2959 2920 administracionem,
2996 2860 3190 2923 quam
3236 2839 3488 2925 plenius
3535 2838 3924 2903 conferendo
3971 2860 4175 2924 usque
4223 2839 4305 2903 ad
4353 2840 4668 2904 terminos
4700 2861 4926 2926 supra-

1282 2946 1508 3027 dictos,
1552 2947 1802 3032 sibique
1852 2946 2178 3010 licentiam
2212 2945 2494 3009 intrandi
2541 2951 2605 3009 et
2652 2945 2862 3009 standi
2915 2952 3208 3009 tenutam
3255 2953 3319 3009 et
3364 2946 3838 3032 possessionem
3882 2946 4318 3033 predictorum
4358 2967 4476 3011 sua
4521 2947 4927 3012 auctoritate.

1283 3054 1415 3118 Pro
1464 3075 1591 3139 qua
1640 3054 1899 3139 quidem
1943 3053 2294 3134 locacione,
2345 3052 2756 3117 concessione
2806 3059 2870 3116 et
2919 3052 3188 3117 dacione
3235 3053 3598 3117 reddituum
3648 3061 3712 3118 et
3756 3054 4192 3140 predictorum
4256 3054 4541 3118 omnium
4597 3061 4662 3118 et
4709 3055 4928 3138 singu-

1283 3161 1495 3224 lorum
1542 3161 1710 3224 idem
1758 3159 2055 3224 dominus
2101 3159 2645 3246 Archiepiscopus
2693 3158 2816 3223 fuit
2864 3166 3202 3223 contentus
3248 3169 3312 3223 et
3359 3159 3710 3244 confessus,
3745 3169 3810 3224 et
3857 3161 3922 3224 in
3955 3161 4149 3248 plena
4174 3161 4517 3225 concordia
4564 3183 4709 3225 cum
4755 3161 4926 3225 dicto

1281 3267 1593 3332 Brunello
1643 3267 1894 3332 notario
1944 3267 2137 3331 dante
2186 3274 2250 3331 et
2296 3266 2587 3331 solvente
2634 3267 2776 3330 vice
2825 3275 2889 3330 et
2935 3267 3192 3331 nomine
3241 3267 3393 3332 dicti
3441 3268 3682 3339 domini
3727 3268 4157 3351 Marchionis,
4206 3274 4271 3333 et
4317 3290 4433 3355 pro
4481 3269 4620 3355 ipso
4669 3269 4928 3334 domino

1288 3374 1700 3458 Marchione‚
1748 3374 2052 3439 habuisse
2100 3382 2163 3439 et
2212 3375 2529 3459 recepisse
2578 3373 2660 3437 ab
2710 3395 2786 3437 eo
2834 3381 2898 3437 et
2947 3373 3012 3438 in
3057 3375 3330 3439 veritate
3377 3375 3573 3439 habet
3622 3374 3749 3439 duo
3797 3376 4000 3439 millia
4047 3376 4434 3461 quingentas
4479 3376 4680 3440 libras
4727 3376 4927 3441 bono-

1286 3503 1631 3564 nenorum,
1682 3480 1867 3544 datas
1916 3489 1980 3545 et
2029 3481 2274 3545 solutas
2323 3502 2439 3568 per
2486 3481 2779 3545 dominos
2826 3481 3132 3545 Albizum
3180 3481 3612 3546 Tomaxinum
3660 3481 3739 3546 de
3786 3481 4092 3567 Duglolo‚
4140 3483 4630 3547 Lambertinum
4678 3484 4756 3547 de
4804 3483 4928 3546 Zo-

1284 3588 1700 3670 venzonibus,
1750 3587 2144 3652 Petrizolum
2195 3588 2273 3651 de
2321 3587 2725 3652 Fuscarariis
2773 3596 2839 3652 et
2886 3587 3282 3652 Petrizolum
3330 3588 3409 3652 de
3458 3588 3818 3653 Zohene(¹)
3852 3589 3932 3653 de
3979 3596 4184 3653 strata
4232 3589 4602 3654 Castilionis
4649 3590 4928 3654 civitatis

1280 3695 1596 3777 Bononie,
1632 3716 1999 3781 campsores
2050 3695 2313 3759 idoncos
2361 3702 2425 3759 et
2472 3694 2718 3780 legales
2761 3694 3041 3759 civitatis
3074 3695 3388 3777 Bononie,
3422 3695 3694 3760 dominis
3734 3685 4038 3784 Philippo
4079 3703 4145 3761 et
4190 3697 4537 3762 Francisco
4586 3696 4927 3781 nepotibus

1284 3802 1438 3869 dicti
1485 3803 1726 3867 domini
1776 3802 2266 3890 Archiepiscopi
2316 3804 2458 3888 ejus
2505 3802 2839 3866 voluntate
2887 3809 2951 3866 ct
2998 3802 3324 3867 mandato.
3373 3802 3501 3877 Qui
3563 3825 3930 3891 campsores
3990 3803 4306 3868 dederunt
4361 3811 4425 3868 et
4479 3825 4548 3868 se
4596 3803 4926 3890 obligave-

1282 3919 1433 3975 runt
1480 3912 1718 4001 eisdem
1769 3933 1853 3975 ex
1900 3932 2097 3975 causa
2145 3910 2420 3996 depositi
2483 3910 2623 3996 ipso
2684 3909 2943 3975 domino
2999 3909 3506 3997 Archiepiscopo
3572 3911 3920 3976 mandante
3983 3920 4048 3975 et
4107 3911 4364 3977 volente
4426 3918 4497 3975 ut
4558 3919 4785 3998 aparet
4846 3911 4926 3976 de

1285 4019 1424 4105 ipso
1474 4019 1766 4105 deposito
1815 4040 1898 4082 ex
1946 4019 2374 4082 instrumento
2422 4018 2680 4104 publice
2728 4017 2967 4103 scripto
3015 4038 3211 4082 manu
3257 4017 3698 4083 Bertholomei
3747 4019 3980 4084 notarii
4025 4019 4348 4105 quondam
4393 4018 4646 4105 Cambij
4687 4020 4767 4084 de
4797 4019 4927 4083 Bo-

1281 4126 1497 4190 nonia.
1546 4126 1632 4190 Et
1678 4127 2084 4191 renunciavit
2132 4127 2267 4212 ipse
2317 4125 2612 4189 dominus
2659 4124 3206 4212 Archiepiscopus
3248 4125 3614 4212 exceptioni
3660 4148 3788 4190 non
3835 4126 4006 4209 date,
4049 4127 4277 4210 solute,
4312 4127 4545 4192 tradite
4592 4134 4656 4190 et
4702 4127 4923 4191 habite

1282 4234 1553 4318 pecunie
1602 4235 1740 4320 spei
1787 4234 2038 4297 fucture
2088 4231 2552 4297 numerationis
2599 4240 2664 4296 et
2711 4231 2844 4296 doli
2890 4232 3067 4316 mali,
3116 4232 3507 4298 condicionis
3555 4234 3694 4298 sine
3743 4255 3959 4316 causa,
3991 4234 4055 4297 in
4104 4233 4366 4317 factum,
4400 4242 4590 4321 pacto
4638 4234 4924 4321 speciali,

1285 4341 1585 4425 omnique
1635 4340 1747 4424 alij
1796 4339 2015 4424 legum
2061 4346 2125 4405 et
2174 4360 2495 4404 canonum
2542 4339 2788 4404 anxilio
2836 4339 2957 4403 sibi
3001 4340 3066 4404 in
3098 4340 3220 4403 hoc
3252 4340 3642 4426 competenti
3672 4339 3776 4403 vel
3809 4341 4234 4427 conpetituro,
4267 4348 4630 4427 protestans
4663 4340 4928 4427 insuper

1284 4446 1454 4510 idem
1503 4447 1800 4511 dominus
1846 4448 2394 4533 Archiepiscopus
2442 4447 2524 4510 ad
2570 4446 3072 4533 postulationem
3128 4447 3281 4512 dicti
3340 4447 3675 4532 Brunellj,
3725 4448 3836 4533 qui
3881 4468 4008 4511 non
4056 4448 4365 4512 alienavit
4411 4447 4478 4511 in
4525 4455 4660 4512 toto
4707 4449 4813 4512 vel
4859 4448 4926 4511 in

1280 4562 1466 4639 parte
1514 4575 1630 4618 nec
1688 4554 2165 4618 concessionem
2231 4554 2424 4618 alicui
2485 4554 2640 4619 fecit
2687 4576 2807 4619 nec
2853 4554 3048 4618 faciet
3093 4554 3160 4618 in
3207 4562 3341 4619 toto
3387 4555 3492 4619 vel
3532 4556 3608 4640 jn
3654 4563 3839 4641 parte
3886 4554 3965 4619 de
4011 4555 4316 4641 predictis
4363 4555 4468 4619 vel
4514 4555 4733 4640 aliquo
4783 4576 4925 4641 pre-

1282 4660 1599 4725 dictorum
1650 4682 1767 4724 nec
1815 4660 2293 4725 iurisdicionem
2341 4660 2535 4724 alicui
2582 4661 2934 4744 concessit,
2983 4683 3101 4726 nec
3151 4661 3424 4726 alicuius
3469 4662 3816 4748 protetioni
3861 4662 4146 4744 comisit,
4195 4683 4312 4726 nec
4359 4662 4703 4745 concedet,
4751 4662 4925 4727 subi-

1283 4768 1408 4832 ciet
1454 4768 1561 4832 vel
1607 4769 1869 4833 comitet
1915 4789 2118 4854 usque
2165 4774 2231 4832 et
2295 4767 2462 4832 inter
2521 4769 2870 4832 terminum
2925 4768 3366 4854 supradictum
3412 4791 3530 4834 nec
3577 4769 3947 4856 impetrabit
3993 4774 4217 4834 contra
4264 4769 4620 4856 predictam
4667 4791 4926 4834 conces-

1283 4874 1532 4939 sionem
1579 4883 1643 4940 ct
1687 4875 1857 4939 hunc
1907 4882 2330 4959 contractum,
2382 4875 2804 4962 impetrandis
2863 4881 2929 4940 et
2987 4876 3348 4962 impetratis
3408 4876 3805 4941 renuntiavit
3850 4898 3935 4940 ex
3981 4898 4149 4941 nunc
4210 4884 4473 4963 sponte,
4522 4883 4587 4941 et
4634 4877 4927 4962 promisit

1280 5006 1396 5071 per
1464 5006 1534 5048 se
1601 4992 1666 5048 et
1725 5006 1876 5049 suos
1940 5006 2271 5049 sucesorcs
2327 4984 2498 5048 dicto
2561 4983 2916 5068 Brunello,
2964 4984 3301 5071 stipulanti
3359 4985 3500 5049 vice
3562 4992 3627 5049 et
3690 4985 3946 5049 nomine
4001 4984 4157 5049 dicti
4205 4985 4446 5050 domini
4493 4984 4924 5066 Marchionis,

1282 5091 1488 5157 dictas
1537 5114 1640 5156 res
1688 5092 1933 5157 locatas
1984 5100 2048 5156 et
2094 5112 2399 5156 concesas
2449 5091 2532 5155 ab
2593 5091 2767 5155 omni
2829 5113 3106 5178 persona
3168 5091 3628 5157 eccllesiastica
3690 5100 3754 5157 et
3815 5092 4093 5156 seculari
4154 5092 4516 5157 autorizare
4578 5099 4644 5157 et
4705 5092 4926 5157 defen-

1278 5221 1460 5283 sare,
1524 5208 1796 5285 excepto
1862 5221 2057 5285 quam
2128 5200 2211 5263 ab
2278 5197 2842 5281 universitatibus,
2891 5198 3156 5283 colegiis
3217 5206 3282 5263 et
3344 5199 3781 5284 singularibus
3844 5199 4134 5286 personis
4195 5200 4535 5264 comitatus
4580 5200 4922 5283 Ferrarie,

1284 5307 1611 5371 districtus
1659 5307 1953 5392 Argente
2002 5314 2066 5371 et
2111 5306 2294 5371 Porti
2341 5305 2603 5370 maioris
2651 5312 2715 5370 et
2763 5306 2905 5370 eius
2952 5305 3250 5392 plebatus
3297 5305 3573 5392 Maderij
3621 5314 3687 5372 et
3732 5306 4006 5392 Cavagli
4051 5313 4117 5370 et
4167 5306 4382 5371 Bandi
4440 5307 4508 5370 in
4563 5307 4799 5372 iudicio
4862 5313 4927 5371 et

1280 5423 1489 5498 extra,
1539 5423 1604 5479 et
1649 5416 1709 5479 ei
1752 5415 2015 5479 reficere
2051 5435 2237 5478 omne
2275 5414 2628 5500 dampnum
2661 5419 2726 5478 et
2763 5412 3173 5500 dispendium
3219 5415 3388 5499 quod
3436 5415 3681 5479 faceret
3725 5415 3829 5478 vel
3875 5414 4146 5478 haberet
4192 5414 4257 5477 in
4304 5414 4539 5479 iudicio
4587 5414 4692 5479 vel
4740 5423 4928 5480 extra

1277 5544 1397 5610 pro
1446 5522 1631 5586 dictis
1680 5523 1876 5586 rebus
1926 5521 2347 5586 defendendis
2395 5527 2459 5585 et
2504 5542 2623 5607 pro
2672 5520 2968 5585 faciendo
3018 5520 3348 5585 observari
3409 5522 3716 5608 predicta.
3765 5523 3906 5596 Que
3955 5521 4170 5586 omnia
4218 5522 4509 5609 predicta
4555 5530 4620 5587 et
4668 5523 4927 5609 singula

1274 5631 1454 5716 jdem
1503 5630 1800 5694 dominus
1848 5629 2395 5715 Archiepiscopus
2444 5650 2558 5714 per
2607 5649 2674 5692 se
2720 5635 2786 5692 et
2834 5649 2985 5692 suos
3034 5650 3437 5693 successores
3484 5650 3598 5715 per
3653 5629 4030 5715 solemplem
4092 5629 4576 5716 stipulationem
4633 5630 4927 5717 promisit

1280 5737 1451 5802 dicto
1499 5736 1831 5819 Brunello,
1866 5736 2202 5822 stipulanti
2247 5742 2312 5799 et
2357 5735 2696 5819 recipienti
2740 5735 2880 5799 vice
2929 5743 2995 5799 et
3041 5736 3297 5800 nomine
3344 5735 3498 5800 dicti
3544 5735 3786 5801 domini
3841 5737 4235 5802 Marchionis
4282 5743 4346 5801 et
4391 5758 4509 5823 pro
4556 5738 4695 5801 eius
4741 5737 4925 5801 here·

1280 5845 1490 5927 dibus,
1525 5844 1831 5908 atendere
1865 5851 1930 5907 et
1963 5844 2331 5925 observare,
2379 5841 2565 5905 firma
2610 5841 2853 5907 habere
2902 5851 2968 5908 et
3013 5850 3233 5908 tenere
3280 5851 3345 5908 et
3392 5865 3520 5909 non
3568 5844 4009 5910 contrafacere
4054 5844 4159 5908 vel
4191 5845 4433 5908 venire.
4466 5843 4552 5907 Et
4584 5844 4639 5907 si
4671 5852 4924 5908 contra-

1278 5952 1524 6016 faceret
1570 5953 1669 6016 vel
1720 5951 1990 6035 veniret,
2027 5959 2137 6015 aut
2171 5949 2460 6036 predicta
2506 5955 2571 6012 et
2619 5949 2952 6034 quodlibet
2997 5951 3433 6036 predictorum
3477 5973 3604 6016 non
3655 5952 4047 6033 observaret,
4081 5951 4374 6037 promisit
4412 5973 4528 6038 per
4560 5952 4923 6038 stipulatio-

1279 6081 1427 6124 nem
1475 6060 1645 6123 dicto
1692 6059 2026 6142 Brunello,
2077 6059 2429 6144 stipulante
2475 6056 2616 6121 vice
2665 6064 2729 6120 et
2776 6057 3034 6122 nomine
3082 6059 3237 6123 dicti
3284 6058 3526 6123 domini
3578 6059 3993 6142 Marchionis‚
4042 6059 4196 6123 dare
4243 6066 4308 6123 et
4355 6058 4604 6123 solvere
4668 6060 4926 6124 nomine

1274 6190 1444 6255 pene
1492 6168 1667 6233 mille
1714 6168 1916 6232 libras
1964 6168 2484 6246 bononcnorum3
2520 6185 2643 6249 que
2676 6187 2846 6252 pena
2892 6167 3139 6232 tociens
3201 6167 3545 6232 comitatur
3592 6174 3656 6231 et
3704 6167 3872 6253 posit
3918 6167 4096 6252 exigi
4141 6188 4287 6231 cum
4333 6165 4568 6231 effectu
4616 6167 4816 6232 semel
4863 6175 4927 6232 et

1438 6425 1516 6490 (1)
1554 6422 1636 6475 De
1673 6424 1864 6476 Zolino
1900 6424 1955 6476 in
1997 6421 2314 6492 apographo
2353 6423 2672 6474 ravennate.
2712 6419 2818 6473 Sed
2857 6423 3004 6473 certe
3042 6420 3345 6472 Petm'zolus
3380 6420 3591 6471 domini
3626 6420 3904 6486 Aymere'cr'
3938 6419 4189 6484 Zohem‘s,
4222 6421 4528 6489 descriptus
4552 6422 4608 6473 in
4635 6420 4928 6473 Matricula

1277 6512 1640 6583 Campsorum
1679 6514 1807 6565 anni
1849 6516 1986 6566 1294
2026 6514 2096 6577 (c.
2138 6514 2191 6577 2)
2233 6513 2288 6563 in
2328 6510 2570 6563 Archivo
2608 6509 2755 6563 Max.
2795 6510 3133 6562 bononiensi.
