5542 7775
1740 665 2202 716 SPBCTANTIA
2258 667 2360 716 AD
2419 667 2927 718 Pnorssssonss
2982 669 3400 719 mnmcnvAE
4226 651 4376 721 233

750 818 1020 903 injurias
1066 817 1271 882 factas
1319 819 1685 883 hominibus
1733 820 2012 884 civitatis
2062 827 2126 884 et
2171 821 2499 886 districtus
2545 821 2859 904 Bononie,
2893 830 2958 887 et
2990 823 3160 909 quod
3195 824 3333 908 ipse
3380 823 3664 907 gaudeat
3709 831 3775 888 et
3820 824 4104 909 gaudere
4152 825 4386 890 debeat

751 925 1132 1011 privillegiis
1177 932 1243 989 et
1287 926 1634 1009 beneficiis,
1670 927 1900 1012 quibus
1933 927 2221 1012 gaudent
2260 928 2415 992 dicti
2460 929 2695 995 medici
2741 936 2808 993 et
2854 930 3147 994 doctores
3194 930 3510 995 dictarum
3557 931 3823 1014 arcium,
3856 953 3933 995 ac
3978 931 4033 995 si
4078 932 4385 1018 scriptum

750 1039 921 1096 esset
969 1053 1199 1097 nomen
1246 1033 1388 1117 ejus
1436 1034 1502 1096 in
1544 1032 1854 1119 Collegijs
1887 1034 2172 1120 ipsorum
2214 1034 2631 1119 Medicorum,
2665 1036 3022 1101 Doctorum
3072 1045 3136 1101 et
3181 1037 3662 1123 Magistrorum,
3695 1059 3824 1103 non
3871 1039 4166 1104 obstante
4214 1039 4385 1124 quod

750 1140 1000 1204 dicatur
1031 1140 1203 1225 quod
1248 1141 1333 1204 sit
1372 1140 1593 1225 junior
1639 1141 1907 1226 triginta
1954 1142 2161 1223 annis,
2194 1143 2299 1206 vel
2345 1143 2476 1206 alia
2522 1164 2927 1229 quacumque
2978 1166 3194 1228 causa,
3245 1153 3310 1209 et
3355 1145 3637 1209 maxime
3685 1166 3830 1209 cum
3878 1167 3917 1209 a
3962 1146 4384 1232 prudentibus

751 1247 903 1310 viris
965 1247 1222 1333 publice
1285 1256 1667 1311 enarrentur
1723 1248 1892 1334 quod
1955 1249 2223 1313 scientia
2287 1256 2350 1312 et
2405 1250 2658 1314 bonitas
2722 1250 2993 1337 perfecti
3056 1251 3334 1316 doctoris
3397 1252 3730 1317 consuevit
3789 1253 4141 1339 adimplere
4197 1254 4387 1318 etatis

749 1354 1091 1419 defectum.

793 1569 1118 1634 Partitum
1322 1569 1490 1634 Item
1536 1570 1707 1635 facto
1755 1572 1992 1657 partito
2033 1593 2150 1658 per
2187 1572 2428 1636 dictum
2460 1571 2790 1636 dominum
2825 1573 3250 1659 Capitaneum
3285 1573 3365 1638 de
3399 1573 3678 1638 sedendo
3712 1574 3795 1638 ad
3827 1575 4175 1639 levandum
4205 1583 4270 1639 et
4301 1575 4383 1638 ad

785 1676 1143 1762 magistri
1323 1678 1720 1761 scrutinium,
1768 1687 1839 1742 ut
1885 1678 2126 1743 dictum
2173 1685 2290 1761 est,
2340 1679 2584 1764 placuit
2631 1678 2758 1742 illis
2807 1680 2918 1765 qui
2962 1687 3316 1766 posuerunt
3347 1680 3532 1744 fabas
3566 1681 3770 1764 albas,
3804 1682 3914 1767 qui
3962 1682 4222 1746 fuerunt
4269 1703 4384 1745 nu-

749 1784 1175 1869 Bonnesegne
1238 1808 1244 1941 '
1325 1806 1499 1849 mero
1544 1784 1817 1848 trecenti
1864 1785 2083 1850 decem
2131 1793 2197 1849 et
2243 1807 2504 1867 novem,
2553 1785 2776 1871 quo[d]
2836 1785 3070 1872 peticio
3133 1787 3425 1873 magistri
3488 1787 3915 1873 Bonensegne
3968 1788 4083 1852 filii
4145 1788 4385 1852 domini

1101 1930 1226 1936 ψ-
1319 1893 1685 1957 Benvenuti
1732 1893 2055 1978 Bonifacij
2104 1893 2188 1958 sit
2233 1894 2439 1975 firma,
2488 1895 2705 1959 valeat
2749 1902 2815 1958 et
2860 1902 3081 1959 teneat
3128 1904 3191 1959 et
3238 1896 3501 1982 plenum
3549 1896 3746 1959 robur
3791 1897 4080 1960 obtineat
4123 1903 4190 1961 et
4233 1917 4385 1960 exe-

752 2000 1002 2065 cucioni
1066 2000 1404 2064 mandetur
1464 2000 1529 2063 in
1593 2001 1886 2064 omnibus
1950 2015 2015 2064 et
2074 2022 2191 2087 per
2255 2001 2470 2066 omnia
2531 2001 2886 2066 secundum
2948 2002 3118 2087 quod
3180 2003 3420 2089 scripta
3465 2010 3564 2067 est
3610 2011 3675 2067 et
3718 2003 3887 2068 lecta
3933 2003 4056 2067 fuit
4100 2004 4167 2067 in
4213 2003 4384 2067 dicto

751 2107 1070 2190 Consilio,
1121 2128 1249 2172 non
1295 2108 1701 2173 obstantibus
1748 2116 1868 2172 etc.
1918 2116 1990 2172 ut
2035 2130 2267 2194 supra3
2319 2108 2413 2171 illi
2462 2109 2573 2193 qui
2618 2116 2973 2194 posuerunt
3019 2110 3208 2174 fabas
3261 2111 3483 2195 nigras
3547 2111 3611 2175 in
3674 2111 4067 2176 contrarium
4126 2110 4388 2175 fuerunt

747 2214 970 2278 decem
1015 2221 1080 2278 et
1127 2222 1393 2301 septem.
2123 2206 2131 2215 ⁶

925 2321 1344 2386 Presentibus
1393 2321 1665 2386 Daniele
1715 2322 2035 2386 «Iohannis
2083 2330 2147 2385 et
2191 2323 2489 2387 Rolando
2537 2323 2785 2388 Oasotti
2832 2323 3282 2387 bannitoribus
3325 2325 3579 2411 Populi,
3613 2326 3884 2389 testibus
3918 2325 3982 2388 in
4015 2324 4185 2389 dicto
4219 2325 4383 2390 Con-

749 2430 890 2495 silio
939 2430 1386 2495 existentibus,

2489 2660 2638 2725 XV.

2245 2858 2435 2941 1298,
2490 2860 2575 2921 17
2619 2857 2891 2922 octobris.

810 3054 915 3119 Ex
962 3054 1224 3119 archivo
1273 3056 1478 3119 sancti
1527 3055 1849 3119 Dominici
1897 3055 2184 3137 Bonon.,
2235 3076 2404 3119 nunc
2452 3054 2517 3118 in
2565 3054 2726 3118 Tab.
2761 3053 2938 3118 Max.
2973 3053 3159 3136 bon.,
3209 3062 3362 3118 sect.
3408 3080 3436 3109 α
3471 3054 3839 3119 Demaniale
3873 3079 3933 3136 ι,
3981 3077 4153 3119 num.
4190 3034 4325 3151 ᾗῇ.

924 3287 1000 3351 In
1050 3287 1289 3352 Christi
1335 3288 1613 3369 nomine,
1661 3309 1871 3351 amen.
1920 3287 2116 3352 Anno
2164 3308 2204 3350 a
2251 3287 2589 3351 nativitate
2636 3286 2928 3370 ejusdem
2988 3286 3250 3350 Domini
3311 3286 3649 3351 millesimo
3698 3287 4134 3352 ducentesimo
4181 3308 4382 3352 nona-

746 3397 991 3482 gesimo
1039 3402 1287 3477 octavo,
1321 3394 1667 3459 indictione
1715 3395 2075 3476 undecima,
2109 3393 2211 3457 die
2245 3395 2499 3457 veneris
2532 3394 2781 3459 decimo
2814 3394 3087 3480 septimo
3122 3394 3358 3458 mensis
3392 3394 3693 3458 octubris.
3726 3398 3830 3469 (13⁴
3855 3394 4097 3459 Notum
4129 3395 4211 3459 sit
4240 3396 4381 3459 uni-

745 3504 949 3567 versis
994 3509 1324 3588 presentes
1373 3503 1593 3567 literas
1641 3502 2058 3588 inspecturis,
2110 3501 2278 3587 quod
2337 3522 2452 3565 nos
2514 3502 2716 3565 frater
2777 3500 3217 3565 Thederichus
3280 3500 3499 3565 divina
3560 3500 3971 3566 miseratione
4035 3502 4380 3566 cerviensis

743 3613 1081 3697 episcopus
1129 3611 1488 3696 recepimus
1535 3609 1784 3673 litteras
1833 3609 2221 3673 sanctissimi
2264 3609 2469 3694 patris
2516 3609 2758 3672 domini
2802 3608 3124 3694 Nicholay
3156 3629 3324 3695 pape
3357 3608 3449 3693 iij.
3485 3630 3629 3673 cum
3661 3608 3856 3672 Bulla
3895 3609 4128 3695 Papali
4173 3610 4381 3695 plum-

747 3720 868 3783 bea
915 3718 1267 3804 pendente,
1316 3739 1445 3782 non
1492 3718 1752 3782 vitiatas
1800 3738 1918 3781 nec
1964 3717 2385 3800 cancellatas,
2437 3737 2554 3780 nec
2601 3717 2666 3780 in
2713 3716 2933 3801 aliqua
2979 3716 3079 3779 sui
3124 3724 3309 3801 parte
3357 3716 3632 3781 abolitas
3694 3717 3796 3781 vel
3859 3724 4219 3802 suspectas,
4267 3717 4378 3780 sed

745 3827 806 3891 in
856 3848 974 3890 sua
1020 3827 1228 3913 prima
1273 3826 1485 3912 figura
1532 3834 1597 3890 et
1644 3846 1800 3890 vera
1843 3824 2040 3890 Bulla
2086 3824 2361 3889 formam
2419 3823 2789 3908 hujusmodi
2835 3825 3271 3889 continentes:

932 3960 961 3993 ι
994 3939 1098 4010 (ιζ’
1127 3933 1481 3998 Nicholaus
1528 3934 1903 4020 episcopus,
1950 3954 2177 3996 servus
2223 3953 2558 3997 servorum
2601 3931 2760 4014 Dei,
2809 3931 3165 3996 venerabili
3213 3931 3398 3995 fratri
3447 3932 3849 3997 Thedericho
3896 3931 4196 4018 episcopo
4243 3953 4379 3996 cer-

741 4042 944 4106 viensi
993 4042 1270 4105 salutem
1310 4048 1373 4105 et
1407 4041 1827 4127 apostolicam
1873 4040 2405 4104 benedictionem.
2437 4043 2543 4116 (E‘
2567 4038 2737 4113 Quia
2784 4040 3099 4124 presentis
3146 4039 3276 4103 vite
3325 4039 3604 4103 conditio
3654 4046 3891 4103 statum
3940 4039 4136 4103 habet
4181 4039 4379 4103 insta-

742 4149 956 4232 bilem,
999 4155 1063 4213 et
1108 4170 1187 4212 ea
1238 4169 1361 4234 que
1408 4148 1726 4212 visibilem
1777 4147 2017 4211 habent
2063 4147 2397 4228 effectum,
2434 4147 2703 4211 tendunt
2749 4145 3089 4210 visibiliter
3137 4146 3219 4210 ad
3268 4167 3395 4210 non
3443 4167 3619 4228 esse3
3668 4153 3737 4210 tu
3784 4146 3907 4210 hac
3954 4146 4197 4210 salubri
4242 4168 4376 4210 me-

741 4256 1051 4321 ditatione
1115 4254 1547 4342 premeditans
1610 4254 1781 4319 diem
1842 4261 1950 4318 tue
2012 4254 2551 4340 peregrinationis
2607 4261 2970 4318 extremum
3016 4253 3432 4340 dispositione
3497 4255 3983 4318 testamentaria
4046 4254 4374 4318 desideras

738 4363 1096 4451 prevenire.
1127 4349 1233 4438 (ss
1254 4362 1390 4427 Nos
1437 4363 1654 4448 itaque
1703 4362 1828 4425 tuis
1892 4361 2471 4447 supplicationibus
2535 4361 2861 4443 inclinati,
2911 4368 2981 4425 ut
3041 4361 3121 4425 de
3181 4361 3368 4425 bouis
3416 4362 3541 4424 tuis
3588 4361 4035 4446 undecumque
4083 4383 4210 4425 non
4257 4383 4374 4448 per

739 4472 1099 4536 Ecclesiam
1160 4492 1274 4535 seu
1336 4470 1661 4534 Ecclesias
1725 4470 1897 4534 licite
1961 4468 2330 4555 acquisitis,
2395 4490 2518 4554 que
2580 4469 2664 4532 ad
2723 4476 2787 4532 te
2850 4469 3172 4554 pertinere
3237 4469 3600 4533 omnimode
3662 4468 4116 4552 dinoscuntur,
4172 4469 4374 4533 libere

741 4578 963 4642 testari
1010 4578 1251 4661 valeas,
1300 4598 1377 4642 ac
1423 4577 1503 4641 de
1549 4577 1733 4642 bonis
1781 4577 2126 4642 mobilibus
2174 4576 2644 4658 ecclesiasticis,
2693 4583 2824 4658 tue,
2866 4576 3019 4639 dum
3066 4576 3338 4657 viveres,
3387 4576 3851 4661 dispensationi
3896 4598 4011 4640 seu
4058 4575 4373 4639 admniui-

739 4685 1034 4751 strationi
1080 4685 1388 4768 comissis,
1423 4693 1489 4749 et
1535 4705 1659 4770 que
1708 4705 1836 4748 non
1882 4683 2125 4748 fuerint
2170 4684 2395 4747 altaris
2442 4684 2818 4765 ministerio,
2853 4704 2966 4747 seu
3015 4683 3209 4747 alicui
3253 4683 3521 4768 speciali
3566 4682 3784 4748 divino
3833 4683 4034 4747 cultui
4078 4683 4181 4747 vel
4228 4682 4374 4746 usui

740 4793 1069 4880 deputata,
1101 4793 1207 4857 vel
1254 4814 1378 4878 que
1427 4791 1687 4857 Ordinis
1719 4792 2025 4855 Fratrum
2055 4791 2565 4872 Predicatorum,
2600 4812 2792 4876 quem
2840 4790 3018 4854 fuisti
3064 4792 3413 4877 professus,
3455 4812 3584 4855 non
3630 4790 3933 4872 existant,
3981 4811 4098 4876 pro
4143 4790 4373 4854 decen·

741 4900 910 4964 tibus
957 4908 1023 4964 et
1069 4899 1355 4964 honestis
1400 4899 1702 4985 expensis
1749 4898 1844 4963 tui
1891 4898 2134 4962 funeris
2181 4905 2245 4962 et
2291 4920 2408 4985 pro
2457 4899 2975 4962 remuneratione
3022 4898 3299 4980 illorum,
3333 4899 3443 4983 qui
3487 4898 3602 4962 tibi
3646 4897 4048 4979 serviverint,
4079 4897 4213 4962 sive
4245 4897 4374 4961 sint

739 5007 1221 5093 consanguinei,
1269 5008 1405 5070 sive
1453 5007 1588 5091 alij,
1616 5007 1810 5090 juxta
1856 5006 2103 5090 servitij
2152 5006 2472 5087 meritum,
2507 5006 2732 5069 testari
2780 5026 2858 5070 ac
2901 5005 3241 5091 disponere
3289 5005 3516 5090 possis,
3550 5012 3616 5068 et
3660 5004 3823 5068 alias
3869 5004 4047 5091 prius
4094 5011 4201 5068 tue
4248 5003 4371 5069 Ec-

739 5116 930 5178 clesie
978 5135 1086 5178 ere
1134 5114 1345 5178 alieno
1394 5113 1689 5195 deduct0,
1741 5134 1821 5176 ne
1871 5113 2011 5198 ipsa
2055 5112 2349 5177 Ecclesia
2395 5119 2729 5177 remaneat
2790 5111 3023 5176 debitis
3069 5111 3393 5197 obligata,
3443 5111 3522 5175 de
3570 5111 3724 5197 ipsis
3780 5112 3845 5175 in
3891 5112 4031 5198 pios
4097 5133 4248 5175 usus
4295 5133 4372 5176 ac

740 5222 946 5286 licitos
987 5220 1455 5303 convertendis,
1489 5221 1607 5284 tibi
1647 5220 2030 5285 auctoritate
2062 5219 2458 5305 presentium
2488 5221 2748 5306 plenam
2783 5241 2859 5284 ac
2891 5220 3162 5284 liberam
3194 5218 3602 5284 concedimus
3634 5218 4029 5283 facultatem.
4056 5218 4372 5284 Volumus

739 5337 954 5392 tamen
1000 5335 1073 5393 ut
1124 5328 1192 5392 in
1252 5327 1624 5393 eorumdem
1684 5327 2265 5391 ecclesiasticorum
2326 5326 2742 5412 dispositione
2804 5327 3118 5391 bonorum
3173 5327 3366 5411 juxta
3427 5327 3853 5412 quantitatem
3911 5325 4150 5390 residui
4213 5347 4372 5411 erga

736 5436 1096 5519 Ecclesias‚
1147 5458 1185 5500 a
1232 5436 1464 5522 quibus
1511 5434 1738 5499 eadem
1783 5434 2163 5520 percepisti,
2211 5440 2275 5497 te
2322 5433 2657 5498 liberalem
2704 5434 2991 5517 exibeas,
3040 5441 3232 5520 prout
3286 5435 3677 5499 conscientia
3722 5433 3841 5498 tibi
3888 5432 4259 5515 dictaverit,
4308 5440 4373 5498 et

737 5544 929 5609 saluti
978 5545 1189 5608 anime
1252 5551 1360 5608 tue
1408 5541 1645 5606 videris
1693 5540 2020 5628 expedire.
2069 5540 2314 5605 Datum
2362 5540 2569 5605 Rome
2617 5540 2792 5627 apud
2838 5548 3134 5605 sanctum
3178 5541 3480 5622 Petrum,
3529 5548 3714 5605 sexto
3761 5541 4009 5605 decimo
4057 5540 4371 5605 kalendas

736 5651 955 5734 madii,
1002 5651 1411 5738 pontificatus
1456 5649 1661 5714 nostri
1708 5670 1878 5713 anno
1926 5648 2210 5713 secundo
2261 5672 2319 5713 ν.

914 5759 1211 5823 Predicte
1257 5759 1476 5844 itaque
1524 5757 1906 5821 auctoritate
1953 5756 2211 5821 licentis
2252 5755 2394 5820 sani
2425 5761 2659 5838 mente,
2694 5755 2989 5840 quamvis
3022 5776 3287 5841 corpore
3321 5754 3587 5837 debiles,
3621 5775 3885 5841 presens
3917 5762 4372 5819 testamentum

740 5865 1245 5952 nuncupativum
1292 5864 1429 5929 sine
1475 5864 1730 5950 scriptis
1776 5863 2177 5928 voluntatem
2226 5869 2514 5927 nostram
2559 5862 2853 5927 ultimam
2901 5861 3299 5949 disponimus
3346 5870 3413 5926 et
3457 5861 3729 5925 facimus
3778 5862 3843 5925 in
3888 5861 4059 5926 hunc
4090 5861 4372 5926 modum.

915 5972 995 6037 In
1040 5973 1263 6059 primis
1309 5971 1840 6037 recomandamus
1890 5971 2172 6035 animam
2220 5979 2506 6035 nostram
2552 5969 2695 6034 Deo
2743 5976 2810 6033 et
2856 5969 3045 6034 beate
3078 5970 3283 6034 Marie
3316 5991 3569 6056 semper
3599 5968 3857 6054 Virgini
3888 5977 3953 6032 et
3985 5968 4190 6033 beatis
4222 5990 4372 6032 con-

738 6079 1087 6145 fessoribus
1133 6079 1527 6143 Paterniano
1575 6085 1847 6164 patrono
1894 6076 2184 6143 Ecclesie
2228 6078 2597 6160 cerviensis,
2631 6084 2697 6141 et
2741 6077 2802 6142 N
2809 6076 3059 6142 icholao
3093 6098 3167 6141 ac
3198 6076 3539 6142 Dominico
3572 6077 3859 6162 patronis
3892 6075 4180 6140 Ecclesie
4212 6075 4371 6139 Fra-.-

737 6199 908 6252 trum
953 6186 1440 6251 Predicatorum
1487 6185 1566 6249 de
1612 6185 1929 6251 Bononia.

916 6295 1082 6359 Item
1130 6293 1529 6380 sepulturam
1575 6299 1862 6356 nostram
1909 6292 2207 6377 eligimus
2255 6292 2321 6356 in
2367 6292 2641 6358 ecclesia
2688 6291 2862 6356 beati
2908 6290 3261 6376 Dominici,
3309 6292 3373 6356 in
3422 6292 3717 6378 sepulcro
3765 6290 3937 6376 quod
3998 6289 4062 6353 in
4124 6289 4368 6375 presbi-

736 6403 898 6467 terio
946 6423 1113 6467 novo
1161 6422 1201 6464 a
1247 6401 1451 6464 latere
1499 6399 1757 6464 sinistro
1805 6398 2073 6464 fecimus
2112 6399 2437 6465 fabricari.
2485 6400 2572 6464 Et
2616 6399 2671 6464 si
2703 6398 3038 6484 contingat
3076 6421 3193 6463 nos
3225 6407 3411 6464 extra
3442 6398 3804 6462 Bononiam
3838 6397 4019 6481 mori,
4050 6397 4366 6480 volumus,

735 6510 906 6597 quod
954 6530 1186 6595 corpus
1232 6514 1523 6572 nostrum
1569 6505 1899 6571 deferatur
1944 6506 2204 6571 ibidem.

898 6648 1033 6685 rom.
1071 6647 1134 6683 11.
4138 6629 4207 6679 80
