<?xml version="1.0" encoding="UTF-8"?>
<!DOCTYPE html PUBLIC "-//W3C//DTD XHTML 1.0 Transitional//EN"
    "http://www.w3.org/TR/xhtml1/DTD/xhtml1-transitional.dtd">
<html xmlns="http://www.w3.org/1999/xhtml" xml:lang="en" lang="en">
 <head>
  <title>
</title>
<meta http-equiv="Content-Type" content="text/html;charset=utf-8" />
  <meta name='ocr-system' content='tesseract 3.04.00' />
  <meta name='ocr-capabilities' content='ocr_page ocr_carea ocr_par ocr_line ocrx_word'/>
</head>
<body>
  <div class='ocr_page' id='page_1' title='image "./declarisarchigy00malagoog_0290.png"; bbox 0 0 5542 7775; ppageno 0'>
   <div class='ocr_carea' id='block_1_1' title="bbox 1153 1231 3897 1410">
    <p class='ocr_par' dir='ltr' id='par_1_1' title="bbox 1153 1231 3897 1410">
     <span class='ocr_line' id='line_1_1' title="bbox 1153 1231 3897 1410; baseline -0.007 -2"><span class='ocrx_word' id='word_1_1' title='bbox 1153 1237 2484 1410; x_wconf 77' lang='lat' dir='ltr'>SCHOLARES</span> <span class='ocrx_word' id='word_1_2' title='bbox 2616 1231 3897 1401; x_wconf 77' lang='lat' dir='ltr'><strong>ILLUSTRES.</strong></span> 
     </span>
    </p>
   </div>
   <div class='ocr_carea' id='block_1_2' title="bbox 677 1884 4357 2947">
    <p class='ocr_par' dir='ltr' id='par_1_2' title="bbox 677 1884 4357 2947">
     <span class='ocr_line' id='line_1_2' title="bbox 869 1884 4354 1975; baseline -0.003 -14"><span class='ocrx_word' id='word_1_3' title='bbox 869 1895 1215 1961; x_wconf 86' lang='lat' dir='ltr'><strong><em>Elenchum</em></strong></span> <span class='ocrx_word' id='word_1_4' title='bbox 1260 1896 1627 1961; x_wconf 78' lang='lat' dir='ltr'><em>scholarium</em></span> <span class='ocrx_word' id='word_1_5' title='bbox 1674 1894 2087 1958; x_wconf 74' lang='lat' dir='ltr'><strong><em>illustriorum</em></strong></span> <span class='ocrx_word' id='word_1_6' title='bbox 2132 1899 2398 1957; x_wconf 76' lang='lat' dir='ltr'><strong><em>extremo</em></strong></span> <span class='ocrx_word' id='word_1_7' title='bbox 2443 1892 2567 1956; x_wconf 90' lang='lat' dir='ltr'><strong><em>loco</em></strong></span> <span class='ocrx_word' id='word_1_8' title='bbox 2597 1890 2896 1955; x_wconf 84' lang='lat' dir='ltr'><strong><em>daturum</em></strong></span> <span class='ocrx_word' id='word_1_9' title='bbox 2927 1911 2990 1955; x_wconf 90' lang='lat' dir='ltr'><strong><em>se</em></strong></span> <span class='ocrx_word' id='word_1_10' title='bbox 3008 1891 3296 1975; x_wconf 72' lang='lat' dir='ltr'><strong><em>promisit</em></strong></span> <span class='ocrx_word' id='word_1_11' title='bbox 3325 1889 3398 1953; x_wconf 93' lang='lat' dir='ltr'><strong><em>cl.</em></strong></span> <span class='ocrx_word' id='word_1_12' title='bbox 3435 1886 3683 1952; x_wconf 88' lang='lat' dir='ltr'><strong><em>Sartius</em></strong></span> <span class='ocrx_word' id='word_1_13' title='bbox 3717 1885 3921 1972; x_wconf 89' lang='lat' dir='ltr'><strong><em>(part.</em></strong></span> <span class='ocrx_word' id='word_1_14' title='bbox 3955 1884 4013 1950; x_wconf 94' lang='lat' dir='ltr'><strong>I.</strong></span> <span class='ocrx_word' id='word_1_15' title='bbox 4032 1935 4050 1970; x_wconf 89' lang='lat'><em>‚</em></span> <span class='ocrx_word' id='word_1_16' title='bbox 4082 1892 4224 1950; x_wconf 84' lang='lat' dir='ltr'><strong><em>tom.</em></strong></span> <span class='ocrx_word' id='word_1_17' title='bbox 4257 1885 4313 1950; x_wconf 91' lang='lat' dir='ltr'><strong>I.</strong></span> <span class='ocrx_word' id='word_1_18' title='bbox 4335 1936 4354 1970; x_wconf 83' lang='lat'><em>‚</em></span> 
     </span>
     <span class='ocr_line' id='line_1_3' title="bbox 690 1991 4357 2089; baseline -0.003 -21"><span class='ocrx_word' id='word_1_19' title='bbox 690 2024 832 2089; x_wconf 76' lang='lat' dir='ltr'><strong><em>paq.</em></strong></span> <span class='ocrx_word' id='word_1_20' title='bbox 866 2003 1052 2085; x_wconf 77' lang='lat'><strong>244).</strong></span> <span class='ocrx_word' id='word_1_21' title='bbox 1084 2001 1395 2067; x_wconf 82' lang='lat' dir='ltr'><strong><em>Eumdem</em></strong></span> <span class='ocrx_word' id='word_1_22' title='bbox 1427 2021 1567 2087; x_wconf 76' lang='lat' dir='ltr'><strong><em>erqo</em></strong></span> <span class='ocrx_word' id='word_1_23' title='bbox 1599 1998 1865 2065; x_wconf 74' lang='lat' dir='ltr'><strong><em>exhibuit</em></strong></span> <span class='ocrx_word' id='word_1_24' title='bbox 1896 1998 2285 2064; x_wconf 82' lang='lat' dir='ltr'><strong><em>Fattorinius</em></strong></span> <span class='ocrx_word' id='word_1_25' title='bbox 2314 2018 2388 2062; x_wconf 78' lang='lat' dir='ltr'><strong><em>ex</em></strong></span> <span class='ocrx_word' id='word_1_26' title='bbox 2416 1997 2646 2062; x_wconf 88' lang='lat' dir='ltr'><strong><em>schedis</em></strong></span> <span class='ocrx_word' id='word_1_27' title='bbox 2675 1997 2964 2062; x_wconf 86' lang='lat' dir='ltr'><strong><em>eiusdem.</em></strong></span> <span class='ocrx_word' id='word_1_28' title='bbox 2998 1995 3252 2060; x_wconf 88' lang='lat' dir='ltr'><strong><em>Horum</em></strong></span> <span class='ocrx_word' id='word_1_29' title='bbox 3281 1995 3556 2060; x_wconf 89' lang='lat' dir='ltr'><strong><em>omnium</em></strong></span> <span class='ocrx_word' id='word_1_30' title='bbox 3587 1995 3840 2058; x_wconf 89' lang='lat' dir='ltr'><strong><em>nomina</em></strong></span> <span class='ocrx_word' id='word_1_31' title='bbox 3868 1991 4076 2057; x_wconf 78' lang='lat' dir='ltr'><em>hausit</em></span> <span class='ocrx_word' id='word_1_32' title='bbox 4108 1991 4357 2057; x_wconf 87' lang='lat' dir='ltr'><strong><em>Sartius</em></strong></span> 
     </span>
     <span class='ocr_line' id='line_1_4' title="bbox 691 2100 4357 2189; baseline -0.003 -14"><span class='ocrx_word' id='word_1_33' title='bbox 691 2132 765 2175; x_wconf 72' lang='lat' dir='ltr'><strong><em>ex</em></strong></span> <span class='ocrx_word' id='word_1_34' title='bbox 810 2109 1112 2176; x_wconf 80' lang='lat' dir='ltr'><strong><em>codicibus</em></strong></span> <span class='ocrx_word' id='word_1_35' title='bbox 1163 2107 1593 2175; x_wconf 83' lang='lat' dir='ltr'><strong><em>CCCXXIX.</em></strong></span> <span class='ocrx_word' id='word_1_36' title='bbox 1641 2106 2118 2173; x_wconf 85' lang='lat' dir='ltr'><strong><em>Memorialium</em></strong></span> <span class='ocrx_word' id='word_1_37' title='bbox 2162 2105 2421 2171; x_wconf 82' lang='lat' dir='ltr'><strong><em>Archivi</em></strong></span> <span class='ocrx_word' id='word_1_38' title='bbox 2464 2106 2723 2170; x_wconf 74' lang='lat' dir='ltr'><strong><em>maximi</em></strong></span> <span class='ocrx_word' id='word_1_39' title='bbox 2765 2104 3181 2187; x_wconf 84' lang='lat' dir='ltr'><strong><em>bononiensis,</em></strong></span> <span class='ocrx_word' id='word_1_40' title='bbox 3229 2105 3336 2188; x_wconf 84' lang='lat' dir='ltr'><strong><em>qui</em></strong></span> <span class='ocrx_word' id='word_1_41' title='bbox 3380 2103 3626 2189; x_wconf 87' lang='lat' dir='ltr'><strong><em>quidem</em></strong></span> <span class='ocrx_word' id='word_1_42' title='bbox 3671 2101 3930 2186; x_wconf 76' lang='lat' dir='ltr'><strong><em>codice8‚</em></strong></span> <span class='ocrx_word' id='word_1_43' title='bbox 3976 2102 4151 2165; x_wconf 88' lang='lat' dir='ltr'><strong><em>initio</em></strong></span> <span class='ocrx_word' id='word_1_44' title='bbox 4191 2100 4357 2184; x_wconf 81' lang='lat' dir='ltr'><strong><em>facto</em></strong></span> 
     </span>
     <span class='ocr_line' id='line_1_5' title="bbox 693 2208 4356 2302; baseline -0.003 -19"><span class='ocrx_word' id='word_1_45' title='bbox 693 2217 770 2283; x_wconf 88' lang='lat' dir='ltr'><strong><em>ab</em></strong></span> <span class='ocrx_word' id='word_1_46' title='bbox 814 2239 982 2283; x_wconf 88' lang='lat' dir='ltr'><strong><em>anno</em></strong></span> <span class='ocrx_word' id='word_1_47' title='bbox 1028 2216 1435 2283; x_wconf 78' lang='lat' dir='ltr'><strong><em>MOCLXV.</em></strong></span> <span class='ocrx_word' id='word_1_48' title='bbox 1459 2267 1477 2302; x_wconf 89' lang='lat'><em>‚</em></span> <span class='ocrx_word' id='word_1_49' title='bbox 1526 2219 1906 2299; x_wconf 83' lang='lat' dir='ltr'><strong><em>immensam,</em></strong></span> <span class='ocrx_word' id='word_1_50' title='bbox 1951 2222 2023 2280; x_wconf 85' lang='lat' dir='ltr'><strong><em>ut</em></strong></span> <span class='ocrx_word' id='word_1_51' title='bbox 2066 2216 2156 2279; x_wconf 87' lang='lat' dir='ltr'><strong><em>ita</em></strong></span> <span class='ocrx_word' id='word_1_52' title='bbox 2200 2214 2431 2297; x_wconf 87' lang='lat' dir='ltr'><strong><em>dicam,</em></strong></span> <span class='ocrx_word' id='word_1_53' title='bbox 2477 2234 2687 2279; x_wconf 86' lang='lat' dir='ltr'><strong><em>eorum</em></strong></span> <span class='ocrx_word' id='word_1_54' title='bbox 2730 2220 2980 2299; x_wconf 76' lang='lat' dir='ltr'><strong><em>seqetem·</em></strong></span> <span class='ocrx_word' id='word_1_55' title='bbox 3022 2212 3414 2297; x_wconf 85' lang='lat' dir='ltr'><strong><em>suppeditant</em></strong></span> <span class='ocrx_word' id='word_1_56' title='bbox 3427 2234 3451 2295; x_wconf 83' lang='lat'><strong><em>‚·</em></strong></span> <span class='ocrx_word' id='word_1_57' title='bbox 3489 2211 3842 2296; x_wconf 79' lang='lat' dir='ltr'><strong><em>frequentes</em></strong></span> <span class='ocrx_word' id='word_1_58' title='bbox 3885 2211 4047 2274; x_wconf 88' lang='lat' dir='ltr'><strong><em>enim</em></strong></span> <span class='ocrx_word' id='word_1_59' title='bbox 4092 2208 4356 2273; x_wconf 85' lang='lat' dir='ltr'><strong><em>aderant</em></strong></span> 
     </span>
     <span class='ocr_line' id='line_1_6' title="bbox 689 2315 4355 2408; baseline -0.003 -18"><span class='ocrx_word' id='word_1_60' title='bbox 689 2325 988 2391; x_wconf 73' lang='lat' dir='ltr'><strong><em>scholares</em></strong></span> <span class='ocrx_word' id='word_1_61' title='bbox 1032 2323 1437 2390; x_wconf 85' lang='lat' dir='ltr'><strong><em>contractibus</em></strong></span> <span class='ocrx_word' id='word_1_62' title='bbox 1481 2323 1774 2390; x_wconf 80' lang='lat' dir='ltr'><strong><em>ineundis</em></strong></span> <span class='ocrx_word' id='word_1_63' title='bbox 1816 2323 2077 2408; x_wconf 88' lang='lat' dir='ltr'><strong><em>aliisque</em></strong></span> <span class='ocrx_word' id='word_1_64' title='bbox 2121 2323 2271 2386; x_wconf 89' lang='lat' dir='ltr'><strong><em>actis</em></strong></span> <span class='ocrx_word' id='word_1_65' title='bbox 2302 2319 2570 2406; x_wconf 86' lang='lat' dir='ltr'><strong><em>publicis</em></strong></span> <span class='ocrx_word' id='word_1_66' title='bbox 2613 2328 2930 2405; x_wconf 80' lang='lat' dir='ltr'><strong><em>tamquam</em></strong></span> <span class='ocrx_word' id='word_1_67' title='bbox 2974 2327 3163 2402; x_wconf 79' lang='lat' dir='ltr'><strong><em>testes,</em></strong></span> <span class='ocrx_word' id='word_1_68' title='bbox 3195 2319 3286 2383; x_wconf 83' lang='lat' dir='ltr'><strong><em>vel</em></strong></span> <span class='ocrx_word' id='word_1_69' title='bbox 3330 2325 3646 2404; x_wconf 80' lang='lat' dir='ltr'><strong><em>tamquam</em></strong></span> <span class='ocrx_word' id='word_1_70' title='bbox 3690 2325 3938 2382; x_wconf 87' lang='lat' dir='ltr'><strong><em>actores.</em></strong></span> <span class='ocrx_word' id='word_1_71' title='bbox 3972 2315 4355 2381; x_wconf 82' lang='lat' dir='ltr'><strong><em>Huiusmodi</em></strong></span> 
     </span>
     <span class='ocr_line' id='line_1_7' title="bbox 689 2424 4352 2514; baseline -0.003 -17"><span class='ocrx_word' id='word_1_72' title='bbox 689 2434 1048 2498; x_wconf 80' lang='lat' dir='ltr'><strong><em>collectionis</em></strong></span> <span class='ocrx_word' id='word_1_73' title='bbox 1083 2431 1255 2498; x_wconf 89' lang='lat' dir='ltr'><strong><em>labor</em></strong></span> <span class='ocrx_word' id='word_1_74' title='bbox 1285 2439 1339 2497; x_wconf 90' lang='lat' dir='ltr'><strong><em>et</em></strong></span> <span class='ocrx_word' id='word_1_75' title='bbox 1367 2432 1423 2496; x_wconf 85' lang='lat' dir='ltr'><strong><em>si</em></strong></span> <span class='ocrx_word' id='word_1_76' title='bbox 1451 2452 1579 2496; x_wconf 87' lang='lat' dir='ltr'><strong><em>non</em></strong></span> <span class='ocrx_word' id='word_1_77' title='bbox 1622 2431 2020 2513; x_wconf 87' lang='lat' dir='ltr'><strong><em>necessarius,</em></strong></span> <span class='ocrx_word' id='word_1_78' title='bbox 2054 2436 2109 2494; x_wconf 93' lang='lat' dir='ltr'><strong><em>et</em></strong></span> <span class='ocrx_word' id='word_1_79' title='bbox 2141 2448 2517 2514; x_wconf 88' lang='lat' dir='ltr'><strong><em>quamquam</em></strong></span> <span class='ocrx_word' id='word_1_80' title='bbox 2546 2426 2858 2491; x_wconf 84' lang='lat' dir='ltr'><strong><em>absolutus</em></strong></span> <span class='ocrx_word' id='word_1_81' title='bbox 2903 2447 3026 2491; x_wconf 86' lang='lat' dir='ltr'><strong><em>non</em></strong></span> <span class='ocrx_word' id='word_1_82' title='bbox 3072 2434 3175 2510; x_wconf 86' lang='lat' dir='ltr'><strong><em>est,</em></strong></span> <span class='ocrx_word' id='word_1_83' title='bbox 3206 2446 3317 2491; x_wconf 89' lang='lat' dir='ltr'><strong><em>suo</em></strong></span> <span class='ocrx_word' id='word_1_84' title='bbox 3346 2433 3545 2490; x_wconf 82' lang='lat' dir='ltr'><strong><em>tamen</em></strong></span> <span class='ocrx_word' id='word_1_85' title='bbox 3577 2425 3794 2509; x_wconf 81' lang='lat' dir='ltr'><strong><em>fructu</em></strong></span> <span class='ocrx_word' id='word_1_86' title='bbox 3827 2445 3950 2488; x_wconf 89' lang='lat' dir='ltr'><strong><em>non</em></strong></span> <span class='ocrx_word' id='word_1_87' title='bbox 3981 2431 4145 2489; x_wconf 84' lang='lat' dir='ltr'><strong><em>caret</em></strong></span> <span class='ocrx_word' id='word_1_88' title='bbox 4160 2448 4184 2508; x_wconf 90' lang='lat'><em>;</em></span> <span class='ocrx_word' id='word_1_89' title='bbox 4199 2424 4352 2510; x_wconf 82' lang='lat' dir='ltr'><strong><em>plu-</em></strong></span> 
     </span>
     <span class='ocr_line' id='line_1_8' title="bbox 692 2530 4355 2623; baseline -0.002 -18"><span class='ocrx_word' id='word_1_90' title='bbox 692 2561 789 2605; x_wconf 87' lang='lat' dir='ltr'><strong><em>res</em></strong></span> <span class='ocrx_word' id='word_1_91' title='bbox 831 2541 994 2605; x_wconf 86' lang='lat' dir='ltr'><strong><em>enim</em></strong></span> <span class='ocrx_word' id='word_1_92' title='bbox 1043 2542 1207 2604; x_wconf 86' lang='lat' dir='ltr'><strong><em>inter</em></strong></span> <span class='ocrx_word' id='word_1_93' title='bbox 1249 2559 1461 2604; x_wconf 88' lang='lat' dir='ltr'><strong><em>eorum</em></strong></span> <span class='ocrx_word' id='word_1_94' title='bbox 1505 2545 1847 2623; x_wconf 85' lang='lat' dir='ltr'><strong><em>temporum</em></strong></span> <span class='ocrx_word' id='word_1_95' title='bbox 1891 2536 2191 2601; x_wconf 78' lang='lat' dir='ltr'><strong><em>scholares</em></strong></span> <span class='ocrx_word' id='word_1_96' title='bbox 2234 2541 2586 2618; x_wconf 84' lang='lat' dir='ltr'><strong><em>occurrunt,</em></strong></span> <span class='ocrx_word' id='word_1_97' title='bbox 2619 2535 2728 2620; x_wconf 88' lang='lat' dir='ltr'><strong><em>qui</em></strong></span> <span class='ocrx_word' id='word_1_98' title='bbox 2764 2533 3077 2599; x_wconf 86' lang='lat' dir='ltr'><strong><em>doctrinae</em></strong></span> <span class='ocrx_word' id='word_1_99' title='bbox 3121 2534 3556 2620; x_wconf 74' lang='lat' dir='ltr'><strong><em>diynitatisque</em></strong></span> <span class='ocrx_word' id='word_1_100' title='bbox 3599 2530 3936 2597; x_wconf 82' lang='lat' dir='ltr'><strong><em>celebritate</em></strong></span> <span class='ocrx_word' id='word_1_101' title='bbox 3974 2538 4355 2616; x_wconf 80' lang='lat' dir='ltr'><strong><em>praestantes</em></strong></span> 
     </span>
     <span class='ocr_line' id='line_1_9' title="bbox 691 2638 4355 2731; baseline -0.003 -19"><span class='ocrx_word' id='word_1_102' title='bbox 691 2647 1028 2712; x_wconf 87' lang='lat' dir='ltr'><strong><em>admodum</em></strong></span> <span class='ocrx_word' id='word_1_103' title='bbox 1087 2653 1447 2712; x_wconf 84' lang='lat' dir='ltr'><strong><em>evaserunt:</em></strong></span> <span class='ocrx_word' id='word_1_104' title='bbox 1497 2665 1756 2731; x_wconf 86' lang='lat' dir='ltr'><strong><em>cumque</em></strong></span> <span class='ocrx_word' id='word_1_105' title='bbox 1798 2643 1984 2708; x_wconf 89' lang='lat' dir='ltr'><strong><em>iidem</em></strong></span> <span class='ocrx_word' id='word_1_106' title='bbox 2031 2663 2105 2708; x_wconf 80' lang='lat' dir='ltr'><strong><em>eoe</em></strong></span> <span class='ocrx_word' id='word_1_107' title='bbox 2148 2641 2379 2706; x_wconf 86' lang='lat' dir='ltr'><strong><em>dissitis</em></strong></span> <span class='ocrx_word' id='word_1_108' title='bbox 2432 2643 2740 2728; x_wconf 85' lang='lat' dir='ltr'><strong><em>variisque</em></strong></span> <span class='ocrx_word' id='word_1_109' title='bbox 2798 2640 3146 2726; x_wconf 75' lang='lat' dir='ltr'><strong><em>reqionibus</em></strong></span> <span class='ocrx_word' id='word_1_110' title='bbox 3201 2641 3287 2705; x_wconf 85' lang='lat' dir='ltr'><strong><em>ad</em></strong></span> <span class='ocrx_word' id='word_1_111' title='bbox 3343 2648 3619 2705; x_wconf 83' lang='lat' dir='ltr'><strong><em>nostram</em></strong></span> <span class='ocrx_word' id='word_1_112' title='bbox 3678 2639 3839 2704; x_wconf 88' lang='lat' dir='ltr'><strong><em>hanc</em></strong></span> <span class='ocrx_word' id='word_1_113' title='bbox 3891 2638 4355 2703; x_wconf 66' lang='lat' dir='ltr'><strong><em>Universitatem</em></strong></span> 
     </span>
     <span class='ocr_line' id='line_1_10' title="bbox 697 2745 4353 2839; baseline -0.003 -19"><span class='ocrx_word' id='word_1_114' title='bbox 697 2755 1089 2838; x_wconf 80' lang='lat' dir='ltr'><strong><em>confluerent,</em></strong></span> <span class='ocrx_word' id='word_1_115' title='bbox 1108 2753 1385 2839; x_wconf 81' lang='lat' dir='ltr'><strong><em>profecto</em></strong></span> <span class='ocrx_word' id='word_1_116' title='bbox 1414 2753 1505 2816; x_wconf 80' lang='lat' dir='ltr'><strong><em>vel</em></strong></span> <span class='ocrx_word' id='word_1_117' title='bbox 1534 2754 1667 2836; x_wconf 87' lang='lat' dir='ltr'><strong><em>ipsa</em></strong></span> <span class='ocrx_word' id='word_1_118' title='bbox 1696 2750 1873 2815; x_wconf 82' lang='lat' dir='ltr'><strong><em>nuda</em></strong></span> <span class='ocrx_word' id='word_1_119' title='bbox 1902 2751 2225 2814; x_wconf 81' lang='lat' dir='ltr'><strong><em>nominum</em></strong></span> <span class='ocrx_word' id='word_1_120' title='bbox 2269 2750 2455 2815; x_wconf 89' lang='lat' dir='ltr'><strong><em>series</em></strong></span> <span class='ocrx_word' id='word_1_121' title='bbox 2495 2747 2808 2835; x_wconf 81' lang='lat' dir='ltr'><strong><em>aliquibus</em></strong></span> <span class='ocrx_word' id='word_1_122' title='bbox 2839 2748 3129 2833; x_wconf 77' lang='lat' dir='ltr'><strong><em>prodesse</em></strong></span> <span class='ocrx_word' id='word_1_123' title='bbox 3161 2749 3388 2833; x_wconf 87' lang='lat' dir='ltr'><strong><em>poterit</em></strong></span> <span class='ocrx_word' id='word_1_124' title='bbox 3417 2750 3481 2812; x_wconf 92' lang='lat' dir='ltr'><strong><em>in</em></strong></span> <span class='ocrx_word' id='word_1_125' title='bbox 3504 2748 3920 2832; x_wconf 73' lang='lat' dir='ltr'><strong><em>poeuliarium</em></strong></span> <span class='ocrx_word' id='word_1_126' title='bbox 3951 2745 4353 2810; x_wconf 80' lang='lat' dir='ltr'><strong><em>historiarum</em></strong></span> 
     </span>
     <span class='ocr_line' id='line_1_11' title="bbox 677 2852 3976 2947; baseline -0.002 -21"><span class='ocrx_word' id='word_1_127' title='bbox 677 2862 1012 2947; x_wconf 87' lang='lat' dir='ltr'><strong><em>particulis</em></strong></span> <span class='ocrx_word' id='word_1_128' title='bbox 1056 2859 1472 2925; x_wconf 84' lang='lat' dir='ltr'><strong><em>illustrandis.</em></strong></span> <span class='ocrx_word' id='word_1_129' title='bbox 1521 2857 1629 2922; x_wconf 88' lang='lat' dir='ltr'><strong><em>En</em></strong></span> <span class='ocrx_word' id='word_1_130' title='bbox 1673 2857 2047 2922; x_wconf 89' lang='lat' dir='ltr'><strong><em>scholarium</em></strong></span> <span class='ocrx_word' id='word_1_131' title='bbox 2089 2857 2309 2921; x_wconf 87' lang='lat' dir='ltr'><strong><em>seriem</em></strong></span> <span class='ocrx_word' id='word_1_132' title='bbox 2352 2857 2613 2942; x_wconf 76' lang='lat' dir='ltr'><strong><em>sinyulis</em></strong></span> <span class='ocrx_word' id='word_1_133' title='bbox 2656 2857 2844 2920; x_wconf 86' lang='lat' dir='ltr'><strong><em>annis</em></strong></span> <span class='ocrx_word' id='word_1_134' title='bbox 2886 2855 3104 2919; x_wconf 85' lang='lat' dir='ltr'><strong><em>ordine</em></strong></span> <span class='ocrx_word' id='word_1_135' title='bbox 3147 2854 3514 2940; x_wconf 86' lang='lat' dir='ltr'><strong><em>alphabetico</em></strong></span> <span class='ocrx_word' id='word_1_136' title='bbox 3557 2853 3850 2940; x_wconf 76' lang='lat' dir='ltr'><strong><em>diyestam</em></strong></span> <span class='ocrx_word' id='word_1_137' title='bbox 3877 2852 3976 2918; x_wconf 76' lang='grc'><strong>(1).</strong></span> 
     </span>
    </p>
   </div>
   <div class='ocr_carea' id='block_1_3' title="bbox 1381 3423 1768 3493">
    <p class='ocr_par' dir='ltr' id='par_1_3' title="bbox 1381 3423 1768 3493">
     <span class='ocr_line' id='line_1_12' title="bbox 1381 3423 1768 3493; baseline -0.008 -2"><span class='ocrx_word' id='word_1_138' title='bbox 1381 3423 1768 3493; x_wconf 76' lang='lat' dir='ltr'><strong>MGOLXV.</strong></span> 
     </span>
    </p>
   </div>
   <div class='ocr_carea' id='block_1_4' title="bbox 684 3640 2457 5878">
    <p class='ocr_par' dir='ltr' id='par_1_4' title="bbox 686 3640 1606 3730">
     <span class='ocr_line' id='line_1_13' title="bbox 686 3640 1606 3730; baseline -0.004 -21"><span class='ocrx_word' id='word_1_139' title='bbox 686 3643 864 3730; x_wconf 85' lang='lat' dir='ltr'><strong><em>Mag.</em></strong></span> <span class='ocrx_word' id='word_1_140' title='bbox 914 3643 1168 3708; x_wconf 77' lang='lat' dir='ltr'><strong><em>Alanus</em></strong></span> <span class='ocrx_word' id='word_1_141' title='bbox 1214 3641 1295 3707; x_wconf 88' lang='lat' dir='ltr'><strong><em>de</em></strong></span> <span class='ocrx_word' id='word_1_142' title='bbox 1338 3640 1606 3705; x_wconf 88' lang='lat' dir='ltr'><strong><em>Pruin0.</em></strong></span> 
     </span>
    </p>

    <p class='ocr_par' dir='ltr' id='par_1_5' title="bbox 685 3746 1916 3833">
     <span class='ocr_line' id='line_1_14' title="bbox 685 3746 1916 3833; baseline -0.005 -17"><span class='ocrx_word' id='word_1_143' title='bbox 685 3750 1017 3833; x_wconf 83' lang='lat' dir='ltr'><strong><em>Albertus‚</em></strong></span> <span class='ocrx_word' id='word_1_144' title='bbox 1065 3747 1558 3814; x_wconf 84' lang='lat' dir='ltr'><strong><em>archidiaconus</em></strong></span> <span class='ocrx_word' id='word_1_145' title='bbox 1603 3746 1916 3812; x_wconf 78' lang='lat' dir='ltr'><strong><em>liviensis.</em></strong></span> 
     </span>
    </p>

    <p class='ocr_par' dir='ltr' id='par_1_6' title="bbox 687 3852 2000 3945">
     <span class='ocr_line' id='line_1_15' title="bbox 687 3852 2000 3945; baseline -0.005 -22"><span class='ocrx_word' id='word_1_146' title='bbox 687 3857 863 3945; x_wconf 85' lang='lat' dir='ltr'><strong><em>Mag.</em></strong></span> <span class='ocrx_word' id='word_1_147' title='bbox 911 3856 1152 3938; x_wconf 87' lang='lat' dir='ltr'><strong><em>Bedus,</em></strong></span> <span class='ocrx_word' id='word_1_148' title='bbox 1201 3855 1547 3922; x_wconf 87' lang='lat' dir='ltr'><strong><em>canonicus</em></strong></span> <span class='ocrx_word' id='word_1_149' title='bbox 1595 3852 2000 3920; x_wconf 87' lang='lat' dir='ltr'><strong><em>coloniensis.</em></strong></span> 
     </span>
    </p>

    <p class='ocr_par' dir='ltr' id='par_1_7' title="bbox 684 3959 2455 4137">
     <span class='ocr_line' id='line_1_16' title="bbox 684 3959 2455 4051; baseline -0.005 -20"><span class='ocrx_word' id='word_1_150' title='bbox 684 3966 768 4031; x_wconf 90' lang='lat' dir='ltr'><strong><em>D.</em></strong></span> <span class='ocrx_word' id='word_1_151' title='bbox 815 3964 1256 4051; x_wconf 85' lang='lat' dir='ltr'><strong><em>Berengarius</em></strong></span> <span class='ocrx_word' id='word_1_152' title='bbox 1311 3963 1392 4028; x_wconf 89' lang='lat' dir='ltr'><strong><em>de</em></strong></span> <span class='ocrx_word' id='word_1_153' title='bbox 1450 3962 1849 4045; x_wconf 87' lang='lat' dir='ltr'><strong><em>Berberan0‚</em></strong></span> <span class='ocrx_word' id='word_1_154' title='bbox 1898 3959 2244 4025; x_wconf 89' lang='lat' dir='ltr'><strong><em>canonicus</em></strong></span> <span class='ocrx_word' id='word_1_155' title='bbox 2304 3960 2455 4024; x_wconf 90' lang='lat' dir='ltr'><strong><em>iler-</em></strong></span> 
     </span>
     <span class='ocr_line' id='line_1_17' title="bbox 900 4072 1137 4137; baseline 0 0"><span class='ocrx_word' id='word_1_156' title='bbox 900 4072 1137 4137; x_wconf 88' lang='lat' dir='ltr'><strong><em>densis.</em></strong></span> 
     </span>
    </p>

    <p class='ocr_par' dir='ltr' id='par_1_8' title="bbox 691 4174 2454 4353">
     <span class='ocr_line' id='line_1_18' title="bbox 691 4174 2454 4263; baseline -0.005 -18"><span class='ocrx_word' id='word_1_157' title='bbox 691 4180 775 4245; x_wconf 87' lang='lat' dir='ltr'><strong><em>D.</em></strong></span> <span class='ocrx_word' id='word_1_158' title='bbox 822 4179 1196 4245; x_wconf 88' lang='lat' dir='ltr'><strong><em>Bernardus</em></strong></span> <span class='ocrx_word' id='word_1_159' title='bbox 1250 4178 1330 4243; x_wconf 89' lang='lat' dir='ltr'><strong><em>de</em></strong></span> <span class='ocrx_word' id='word_1_160' title='bbox 1376 4176 1720 4263; x_wconf 79' lang='lat' dir='ltr'><strong><em>FuglianO,</em></strong></span> <span class='ocrx_word' id='word_1_161' title='bbox 1769 4175 2114 4241; x_wconf 90' lang='lat' dir='ltr'><strong><em>canonicus</em></strong></span> <span class='ocrx_word' id='word_1_162' title='bbox 2177 4174 2454 4239; x_wconf 88' lang='lat' dir='ltr'><strong><em>aurelia-</em></strong></span> 
     </span>
     <span class='ocr_line' id='line_1_19' title="bbox 907 4287 1143 4353; baseline -0.004 0"><span class='ocrx_word' id='word_1_163' title='bbox 907 4287 1143 4353; x_wconf 87' lang='lat' dir='ltr'><strong><em>nensis.</em></strong></span> 
     </span>
    </p>

    <p class='ocr_par' dir='ltr' id='par_1_9' title="bbox 692 4389 2453 4568">
     <span class='ocr_line' id='line_1_20' title="bbox 692 4389 2453 4476; baseline -0.005 -15"><span class='ocrx_word' id='word_1_164' title='bbox 692 4395 775 4462; x_wconf 89' lang='lat' dir='ltr'><strong><em>D.</em></strong></span> <span class='ocrx_word' id='word_1_165' title='bbox 821 4394 1198 4460; x_wconf 90' lang='lat' dir='ltr'><strong><em>Bernardus</em></strong></span> <span class='ocrx_word' id='word_1_166' title='bbox 1235 4393 1316 4458; x_wconf 87' lang='lat' dir='ltr'><strong><em>de</em></strong></span> <span class='ocrx_word' id='word_1_167' title='bbox 1354 4391 1805 4476; x_wconf 89' lang='lat' dir='ltr'><strong><em>Villamarino,</em></strong></span> <span class='ocrx_word' id='word_1_168' title='bbox 1838 4389 2184 4456; x_wconf 88' lang='lat' dir='ltr'><strong><em>canonicus</em></strong></span> <span class='ocrx_word' id='word_1_169' title='bbox 2217 4410 2453 4475; x_wconf 88' lang='lat' dir='ltr'><strong><em>gerun-</em></strong></span> 
     </span>
     <span class='ocr_line' id='line_1_21' title="bbox 905 4502 1142 4568; baseline 0 0"><span class='ocrx_word' id='word_1_170' title='bbox 905 4502 1142 4568; x_wconf 87' lang='lat' dir='ltr'><strong><em>densis.</em></strong></span> 
     </span>
    </p>

    <p class='ocr_par' dir='ltr' id='par_1_10' title="bbox 687 4607 1988 4694">
     <span class='ocr_line' id='line_1_22' title="bbox 687 4607 1988 4694; baseline -0.006 -16"><span class='ocrx_word' id='word_1_171' title='bbox 687 4611 772 4677; x_wconf 93' lang='lat' dir='ltr'><strong><em>D.</em></strong></span> <span class='ocrx_word' id='word_1_172' title='bbox 821 4611 1259 4693; x_wconf 84' lang='lat' dir='ltr'><strong><em>Benacursus‚</em></strong></span> <span class='ocrx_word' id='word_1_173' title='bbox 1308 4607 1655 4673; x_wconf 87' lang='lat' dir='ltr'><strong><em>canonicus</em></strong></span> <span class='ocrx_word' id='word_1_174' title='bbox 1701 4607 1988 4694; x_wconf 83' lang='lat' dir='ltr'><strong><em>pisanus.</em></strong></span> 
     </span>
    </p>

    <p class='ocr_par' dir='ltr' id='par_1_11' title="bbox 689 4711 2457 4891">
     <span class='ocr_line' id='line_1_23' title="bbox 689 4711 2457 4798; baseline -0.005 -14"><span class='ocrx_word' id='word_1_175' title='bbox 689 4719 773 4784; x_wconf 93' lang='lat' dir='ltr'><strong><em>D.</em></strong></span> <span class='ocrx_word' id='word_1_176' title='bbox 820 4718 1132 4784; x_wconf 87' lang='lat' dir='ltr'><strong><em>Bonanus</em></strong></span> <span class='ocrx_word' id='word_1_177' title='bbox 1180 4715 1424 4782; x_wconf 88' lang='lat' dir='ltr'><strong><em>domini</em></strong></span> <span class='ocrx_word' id='word_1_178' title='bbox 1461 4714 1505 4781; x_wconf 89' lang='lat' dir='ltr'><strong>J</strong></span> <span class='ocrx_word' id='word_1_179' title='bbox 1508 4714 1780 4780; x_wconf 89' lang='lat' dir='ltr'><strong><em>ohannis</em></strong></span> <span class='ocrx_word' id='word_1_180' title='bbox 1823 4712 1954 4798; x_wconf 87' lang='lat' dir='ltr'><strong><em>[de]</em></strong></span> <span class='ocrx_word' id='word_1_181' title='bbox 2002 4711 2457 4778; x_wconf 84' lang='lat' dir='ltr'><strong><em>Crescenzoni·</em></strong></span> 
     </span>
     <span class='ocr_line' id='line_1_24' title="bbox 905 4824 1432 4891; baseline -0.002 0"><span class='ocrx_word' id='word_1_182' title='bbox 905 4828 1026 4891; x_wconf 91' lang='lat' dir='ltr'><strong><em>bus</em></strong></span> <span class='ocrx_word' id='word_1_183' title='bbox 1074 4825 1154 4890; x_wconf 90' lang='lat' dir='ltr'><strong><em>de</em></strong></span> <span class='ocrx_word' id='word_1_184' title='bbox 1198 4824 1432 4890; x_wconf 88' lang='lat' dir='ltr'><strong><em>Roma.</em></strong></span> 
     </span>
    </p>

    <p class='ocr_par' dir='ltr' id='par_1_12' title="bbox 690 4927 2454 5016">
     <span class='ocr_line' id='line_1_25' title="bbox 690 4927 2454 5016; baseline -0.003 -17"><span class='ocrx_word' id='word_1_185' title='bbox 690 4934 774 4999; x_wconf 89' lang='lat' dir='ltr'><strong><em>D.</em></strong></span> <span class='ocrx_word' id='word_1_186' title='bbox 825 4933 1173 4999; x_wconf 85' lang='lat' dir='ltr'><strong><em>Corsalvus</em></strong></span> <span class='ocrx_word' id='word_1_187' title='bbox 1217 4931 1522 5015; x_wconf 87' lang='lat' dir='ltr'><strong><em>Redoici,</em></strong></span> <span class='ocrx_word' id='word_1_188' title='bbox 1571 4930 1916 4997; x_wconf 85' lang='lat' dir='ltr'><strong><em>canonicus</em></strong></span> <span class='ocrx_word' id='word_1_189' title='bbox 1961 4927 2454 5016; x_wconf 87' lang='lat' dir='ltr'><strong><em>palensinensis.</em></strong></span> 
     </span>
    </p>

    <p class='ocr_par' dir='ltr' id='par_1_13' title="bbox 689 5033 2456 5213">
     <span class='ocr_line' id='line_1_26' title="bbox 689 5033 2456 5121; baseline -0.004 -16"><span class='ocrx_word' id='word_1_190' title='bbox 689 5040 773 5105; x_wconf 95' lang='lat' dir='ltr'><strong><em>D.</em></strong></span> <span class='ocrx_word' id='word_1_191' title='bbox 818 5039 1036 5105; x_wconf 87' lang='lat' dir='ltr'><strong><em>David</em></strong></span> <span class='ocrx_word' id='word_1_192' title='bbox 1082 5038 1357 5104; x_wconf 71' lang='lat' dir='ltr'><strong><em>«Ioannis</em></strong></span> <span class='ocrx_word' id='word_1_193' title='bbox 1403 5037 1791 5121; x_wconf 78' lang='lat' dir='ltr'><strong><em>viennensis,</em></strong></span> <span class='ocrx_word' id='word_1_194' title='bbox 1840 5036 2187 5101; x_wconf 89' lang='lat' dir='ltr'><strong><em>canonicus</em></strong></span> <span class='ocrx_word' id='word_1_195' title='bbox 2231 5033 2456 5099; x_wconf 87' lang='lat' dir='ltr'><strong><em>laude-</em></strong></span> 
     </span>
     <span class='ocr_line' id='line_1_27' title="bbox 903 5143 2106 5213; baseline -0.004 -1"><span class='ocrx_word' id='word_1_196' title='bbox 903 5146 1227 5213; x_wconf 84' lang='lat' dir='ltr'><strong><em>monensis</em></strong></span> <span class='ocrx_word' id='word_1_197' title='bbox 1274 5151 1340 5211; x_wconf 87' lang='lat' dir='ltr'><strong><em>et</em></strong></span> <span class='ocrx_word' id='word_1_198' title='bbox 1383 5145 1666 5211; x_wconf 89' lang='lat' dir='ltr'><strong><em>decanus</em></strong></span> <span class='ocrx_word' id='word_1_199' title='bbox 1711 5143 2106 5209; x_wconf 81' lang='lat' dir='ltr'><strong><em>veronensis.</em></strong></span> 
     </span>
    </p>

    <p class='ocr_par' dir='ltr' id='par_1_14' title="bbox 689 5249 2407 5341">
     <span class='ocr_line' id='line_1_28' title="bbox 689 5249 2407 5341; baseline -0.004 -21"><span class='ocrx_word' id='word_1_200' title='bbox 689 5254 866 5341; x_wconf 86' lang='lat' dir='ltr'><strong><em>Mag.</em></strong></span> <span class='ocrx_word' id='word_1_201' title='bbox 912 5254 1093 5319; x_wconf 84' lang='lat' dir='ltr'><strong><em>Elias</em></strong></span> <span class='ocrx_word' id='word_1_202' title='bbox 1139 5253 1413 5319; x_wconf 86' lang='lat' dir='ltr'><strong><em>Marcoli</em></strong></span> <span class='ocrx_word' id='word_1_203' title='bbox 1456 5252 1783 5340; x_wconf 89' lang='lat' dir='ltr'><strong><em>quondam</em></strong></span> <span class='ocrx_word' id='word_1_204' title='bbox 1828 5251 2072 5317; x_wconf 88' lang='lat' dir='ltr'><strong><em>domini</em></strong></span> <span class='ocrx_word' id='word_1_205' title='bbox 2115 5249 2407 5315; x_wconf 86' lang='lat' dir='ltr'><strong><em>Roberti.</em></strong></span> 
     </span>
    </p>

    <p class='ocr_par' dir='ltr' id='par_1_15' title="bbox 689 5359 2046 5445">
     <span class='ocr_line' id='line_1_29' title="bbox 689 5359 2046 5445; baseline -0.004 -17"><span class='ocrx_word' id='word_1_206' title='bbox 689 5363 773 5428; x_wconf 95' lang='lat' dir='ltr'><strong><em>D.</em></strong></span> <span class='ocrx_word' id='word_1_207' title='bbox 818 5361 1189 5445; x_wconf 87' lang='lat' dir='ltr'><strong><em>Federicus,</em></strong></span> <span class='ocrx_word' id='word_1_208' title='bbox 1237 5360 1583 5427; x_wconf 90' lang='lat' dir='ltr'><strong><em>canonicus</em></strong></span> <span class='ocrx_word' id='word_1_209' title='bbox 1629 5359 2046 5425; x_wconf 68' lang='lat' dir='ltr'><strong><em>treverensis.</em></strong></span> 
     </span>
    </p>

    <p class='ocr_par' dir='ltr' id='par_1_16' title="bbox 689 5464 2450 5553">
     <span class='ocr_line' id='line_1_30' title="bbox 689 5464 2450 5553; baseline -0.005 -16"><span class='ocrx_word' id='word_1_210' title='bbox 689 5472 773 5537; x_wconf 95' lang='lat' dir='ltr'><strong><em>D.</em></strong></span> <span class='ocrx_word' id='word_1_211' title='bbox 819 5470 1268 5536; x_wconf 83' lang='lat' dir='ltr'><strong><em>Ferdinandus</em></strong></span> <span class='ocrx_word' id='word_1_212' title='bbox 1313 5469 1600 5553; x_wconf 84' lang='lat' dir='ltr'><strong><em>Martini,</em></strong></span> <span class='ocrx_word' id='word_1_213' title='bbox 1647 5468 1992 5534; x_wconf 89' lang='lat' dir='ltr'><strong><em>canonicus</em></strong></span> <span class='ocrx_word' id='word_1_214' title='bbox 2039 5464 2450 5531; x_wconf 82' lang='lat' dir='ltr'><strong><em>zamorensis.</em></strong></span> 
     </span>
    </p>

    <p class='ocr_par' dir='ltr' id='par_1_17' title="bbox 688 5573 2450 5664">
     <span class='ocr_line' id='line_1_31' title="bbox 688 5573 2450 5664; baseline -0.003 -20"><span class='ocrx_word' id='word_1_215' title='bbox 688 5578 774 5646; x_wconf 93' lang='lat' dir='ltr'><strong><em>D.</em></strong></span> <span class='ocrx_word' id='word_1_216' title='bbox 805 5578 1189 5644; x_wconf 80' lang='lat' dir='ltr'><strong><em>Fernandus</em></strong></span> <span class='ocrx_word' id='word_1_217' title='bbox 1218 5577 1506 5664; x_wconf 84' lang='lat' dir='ltr'><strong><em>Fugerii,</em></strong></span> <span class='ocrx_word' id='word_1_218' title='bbox 1539 5575 1980 5641; x_wconf 84' lang='lat' dir='ltr'><strong><em>thesaurarius</em></strong></span> <span class='ocrx_word' id='word_1_219' title='bbox 2012 5573 2450 5640; x_wconf 86' lang='lat' dir='ltr'><strong><em>calabriensis.</em></strong></span> 
     </span>
    </p>

    <p class='ocr_par' dir='ltr' id='par_1_18' title="bbox 690 5681 2448 5878">
     <span class='ocr_line' id='line_1_32' title="bbox 690 5681 2448 5770; baseline -0.003 -20"><span class='ocrx_word' id='word_1_220' title='bbox 690 5687 774 5751; x_wconf 93' lang='lat' dir='ltr'><strong><em>D.</em></strong></span> <span class='ocrx_word' id='word_1_221' title='bbox 825 5685 1261 5750; x_wconf 81' lang='lat' dir='ltr'><strong><em>Gandisalvus</em></strong></span> <span class='ocrx_word' id='word_1_222' title='bbox 1320 5683 1752 5767; x_wconf 81' lang='lat' dir='ltr'><strong><em>Ferdinandi,</em></strong></span> <span class='ocrx_word' id='word_1_223' title='bbox 1799 5682 2232 5770; x_wconf 83' lang='lat' dir='ltr'><strong><em>portionarius</em></strong></span> <span class='ocrx_word' id='word_1_224' title='bbox 2299 5681 2448 5747; x_wconf 90' lang='lat' dir='ltr'><strong><em>bur·</em></strong></span> 
     </span>
     <span class='ocr_line' id='line_1_33' title="bbox 905 5814 1142 5878; baseline -0.013 -19"><span class='ocrx_word' id='word_1_225' title='bbox 905 5814 1142 5878; x_wconf 74' lang='lat' dir='ltr'><strong><em>gensis.</em></strong></span> 
     </span>
    </p>
   </div>
   <div class='ocr_carea' id='block_1_5' title="bbox 690 6018 2460 6626">
    <p class='ocr_par' dir='ltr' id='par_1_19' title="bbox 690 6018 2460 6626">
     <span class='ocr_line' id='line_1_34' title="bbox 851 6018 2455 6090; baseline -0.002 -16"><span class='ocrx_word' id='word_1_226' title='bbox 851 6022 929 6089; x_wconf 95' lang='grc'><strong><em>(1)</em></strong></span> <span class='ocrx_word' id='word_1_227' title='bbox 968 6021 1090 6074; x_wconf 83' lang='lat' dir='ltr'><strong><em>Hiis</em></strong></span> <span class='ocrx_word' id='word_1_228' title='bbox 1127 6021 1453 6090; x_wconf 79' lang='lat' dir='ltr'><strong><em>praesertim</em></strong></span> <span class='ocrx_word' id='word_1_229' title='bbox 1488 6020 1837 6090; x_wconf 79' lang='lat' dir='ltr'><strong><em>adiungenda</em></strong></span> <span class='ocrx_word' id='word_1_230' title='bbox 1873 6022 2001 6071; x_wconf 83' lang='lat' dir='ltr'><strong><em>sunt</em></strong></span> <span class='ocrx_word' id='word_1_231' title='bbox 2038 6019 2261 6072; x_wconf 79' lang='lat' dir='ltr'><strong><em>nomina</em></strong></span> <span class='ocrx_word' id='word_1_232' title='bbox 2297 6018 2455 6071; x_wconf 83' lang='lat' dir='ltr'><strong><em>scho-</em></strong></span> 
     </span>
     <span class='ocr_line' id='line_1_35' title="bbox 690 6108 2457 6180; baseline -0.001 -18"><span class='ocrx_word' id='word_1_233' title='bbox 690 6111 906 6177; x_wconf 86' lang='lat' dir='ltr'><strong><em>larium,</em></strong></span> <span class='ocrx_word' id='word_1_234' title='bbox 932 6128 1074 6180; x_wconf 86' lang='lat' dir='ltr'><strong><em>quae</em></strong></span> <span class='ocrx_word' id='word_1_235' title='bbox 1099 6111 1447 6180; x_wconf 88' lang='lat' dir='ltr'><strong><em>reperiuntur</em></strong></span> <span class='ocrx_word' id='word_1_236' title='bbox 1470 6111 1527 6163; x_wconf 87' lang='lat' dir='ltr'><strong><em>in</em></strong></span> <span class='ocrx_word' id='word_1_237' title='bbox 1554 6126 1746 6180; x_wconf 87' lang='lat' dir='ltr'><strong><em>opere:</em></strong></span> <span class='ocrx_word' id='word_1_238' title='bbox 1774 6110 1912 6161; x_wconf 81' lang='lat' dir='ltr'><strong><em>Acta</em></strong></span> <span class='ocrx_word' id='word_1_239' title='bbox 1935 6109 2194 6162; x_wconf 79' lang='lat' dir='ltr'><strong><em>Natiom&#39;s</em></strong></span> <span class='ocrx_word' id='word_1_240' title='bbox 2228 6108 2457 6161; x_wconf 82' lang='lat' dir='ltr'><strong><em>Germa-</em></strong></span> 
     </span>
     <span class='ocr_line' id='line_1_36' title="bbox 690 6198 2458 6253; baseline 0 -2"><span class='ocrx_word' id='word_1_241' title='bbox 690 6202 843 6252; x_wconf 84' lang='lat' dir='ltr'><strong><em>nicae</em></strong></span> <span class='ocrx_word' id='word_1_242' title='bbox 876 6199 1250 6252; x_wconf 80' lang='lat' dir='ltr'><strong><em>Universitatis</em></strong></span> <span class='ocrx_word' id='word_1_243' title='bbox 1285 6200 1624 6253; x_wconf 83' lang='lat' dir='ltr'><strong><em>bononiensis</em></strong></span> <span class='ocrx_word' id='word_1_244' title='bbox 1659 6237 1674 6252; x_wconf 91' lang='lat'><strong>.</strong></span> <span class='ocrx_word' id='word_1_245' title='bbox 1712 6237 1726 6252; x_wconf 93' lang='lat'><strong>.</strong></span> <span class='ocrx_word' id='word_1_246' title='bbox 1766 6238 1781 6252; x_wconf 95' lang='lat'><strong>.</strong></span> <span class='ocrx_word' id='word_1_247' title='bbox 1820 6238 1835 6252; x_wconf 95' lang='lat'><strong>.</strong></span> <span class='ocrx_word' id='word_1_248' title='bbox 1873 6200 2157 6251; x_wconf 76' lang='lat' dir='ltr'><strong><em>ediderunt</em></strong></span> <span class='ocrx_word' id='word_1_249' title='bbox 2191 6198 2458 6252; x_wconf 80' lang='lat' dir='ltr'><strong><em>Eruestus</em></strong></span> 
     </span>
     <span class='ocr_line' id='line_1_37' title="bbox 691 6287 2458 6358; baseline 0.001 -18"><span class='ocrx_word' id='word_1_250' title='bbox 691 6288 1089 6341; x_wconf 84' lang='lat' dir='ltr'><strong><em>Friedlaender</em></strong></span> <span class='ocrx_word' id='word_1_251' title='bbox 1112 6294 1158 6341; x_wconf 85' lang='lat' dir='ltr'><strong><em>et</em></strong></span> <span class='ocrx_word' id='word_1_252' title='bbox 1185 6288 1417 6342; x_wconf 83' lang='lat' dir='ltr'><strong><em>Carolus</em></strong></span> <span class='ocrx_word' id='word_1_253' title='bbox 1439 6288 1721 6356; x_wconf 74' lang='lat' dir='ltr'><strong><em>Malaqola</em></strong></span> <span class='ocrx_word' id='word_1_254' title='bbox 1747 6289 2039 6356; x_wconf 74' lang='lat' dir='ltr'><strong><em>(Bel-oliui,</em></strong></span> <span class='ocrx_word' id='word_1_255' title='bbox 2063 6288 2208 6358; x_wconf 73' lang='lat' dir='ltr'><strong><em>typis</em></strong></span> <span class='ocrx_word' id='word_1_256' title='bbox 2234 6287 2301 6341; x_wconf 81' lang='lat' dir='ltr'><strong>G.</strong></span> <span class='ocrx_word' id='word_1_257' title='bbox 2326 6289 2458 6341; x_wconf 86' lang='lat' dir='ltr'><strong><em>Rei·</em></strong></span> 
     </span>
     <span class='ocr_line' id='line_1_38' title="bbox 692 6377 2459 6446; baseline 0.001 -15"><span class='ocrx_word' id='word_1_258' title='bbox 692 6378 848 6444; x_wconf 87' lang='lat' dir='ltr'><strong><em>meri‚</em></strong></span> <span class='ocrx_word' id='word_1_259' title='bbox 872 6377 1484 6446; x_wconf 75' lang='lat' dir='ltr'><strong>MDOCOLXXXVH.)</strong></span> <span class='ocrx_word' id='word_1_260' title='bbox 1511 6381 1567 6431; x_wconf 80' lang='lat' dir='ltr'><strong><em>et</em></strong></span> <span class='ocrx_word' id='word_1_261' title='bbox 1591 6378 1648 6430; x_wconf 88' lang='lat' dir='ltr'><strong><em>in</em></strong></span> <span class='ocrx_word' id='word_1_262' title='bbox 1672 6378 1841 6431; x_wconf 86' lang='lat' dir='ltr'><strong><em>libro:</em></strong></span> <span class='ocrx_word' id='word_1_263' title='bbox 1875 6377 2210 6445; x_wconf 70' lang='lat' dir='ltr'><strong><em>Monoqrafie</em></strong></span> <span class='ocrx_word' id='word_1_264' title='bbox 2230 6378 2459 6432; x_wconf 83' lang='lat' dir='ltr'><strong><em>storiche</em></strong></span> 
     </span>
     <span class='ocr_line' id='line_1_39' title="bbox 690 6466 2456 6538; baseline 0 -19"><span class='ocrx_word' id='word_1_265' title='bbox 690 6467 829 6521; x_wconf 84' lang='lat' dir='ltr'><strong><em>dello</em></strong></span> <span class='ocrx_word' id='word_1_266' title='bbox 865 6467 1056 6521; x_wconf 81' lang='lat' dir='ltr'><strong><em>Studio</em></strong></span> <span class='ocrx_word' id='word_1_267' title='bbox 1092 6466 1396 6534; x_wconf 75' lang='lat' dir='ltr'><strong><em>Boloynese‚</em></strong></span> <span class='ocrx_word' id='word_1_268' title='bbox 1420 6468 1481 6520; x_wconf 83' lang='lat' dir='ltr'><strong><em>di</em></strong></span> <span class='ocrx_word' id='word_1_269' title='bbox 1518 6466 1683 6520; x_wconf 84' lang='lat' dir='ltr'><strong><em>Carlo</em></strong></span> <span class='ocrx_word' id='word_1_270' title='bbox 1718 6467 1999 6535; x_wconf 71' lang='lat' dir='ltr'><strong><em>Malayola</em></strong></span> <span class='ocrx_word' id='word_1_271' title='bbox 2035 6467 2330 6538; x_wconf 80' lang='lat' dir='ltr'><strong><em>(Bologna,</em></strong></span> <span class='ocrx_word' id='word_1_272' title='bbox 2355 6467 2456 6520; x_wconf 81' lang='lat' dir='ltr'><strong><em>Za-</em></strong></span> 
     </span>
     <span class='ocr_line' id='line_1_40' title="bbox 691 6555 2460 6626; baseline 0.001 -18"><span class='ocrx_word' id='word_1_273' title='bbox 691 6557 933 6624; x_wconf 88' lang='lat' dir='ltr'><strong><em>nichelli,</em></strong></span> <span class='ocrx_word' id='word_1_274' title='bbox 976 6558 1146 6625; x_wconf 83' lang='lat'>1888)</span> <span class='ocrx_word' id='word_1_275' title='bbox 1183 6573 1301 6626; x_wconf 82' lang='lat' dir='ltr'><strong><em>par.</em></strong></span> <span class='ocrx_word' id='word_1_276' title='bbox 1327 6556 1435 6610; x_wconf 81' lang='lat'><strong>11.:</strong></span> <span class='ocrx_word' id='word_1_277' title='bbox 1474 6556 1625 6610; x_wconf 85' lang='lat' dir='ltr'><strong><em>Serie</em></strong></span> <span class='ocrx_word' id='word_1_278' title='bbox 1659 6558 1749 6609; x_wconf 85' lang='lat' dir='ltr'><strong><em>dei</em></strong></span> <span class='ocrx_word' id='word_1_279' title='bbox 1782 6555 1989 6610; x_wconf 79' lang='lat' dir='ltr'><strong><em>Rettori</em></strong></span> <span class='ocrx_word' id='word_1_280' title='bbox 2025 6572 2052 6609; x_wconf 91' lang='lat' dir='ltr'><strong><em>e</em></strong></span> <span class='ocrx_word' id='word_1_281' title='bbox 2097 6555 2218 6609; x_wconf 82' lang='lat' dir='ltr'><strong><em>Vice</em></strong></span> <span class='ocrx_word' id='word_1_282' title='bbox 2250 6555 2460 6610; x_wconf 80' lang='lat' dir='ltr'><strong><em>Rettori</em></strong></span> 
     </span>
    </p>
   </div>
   <div class='ocr_carea' id='block_1_6' title="bbox 2578 3421 4347 5872">
    <p class='ocr_par' dir='ltr' id='par_1_20' title="bbox 2581 3421 4347 3598">
     <span class='ocr_line' id='line_1_41' title="bbox 2581 3421 4347 3511; baseline 0.002 -24"><span class='ocrx_word' id='word_1_283' title='bbox 2581 3421 2665 3487; x_wconf 94' lang='lat' dir='ltr'><strong><em>D.</em></strong></span> <span class='ocrx_word' id='word_1_284' title='bbox 2722 3421 3148 3486; x_wconf 85' lang='lat' dir='ltr'><strong><em>Gardefridus</em></strong></span> <span class='ocrx_word' id='word_1_285' title='bbox 3195 3422 3274 3488; x_wconf 90' lang='lat' dir='ltr'><strong><em>de</em></strong></span> <span class='ocrx_word' id='word_1_286' title='bbox 3321 3423 3742 3508; x_wconf 85' lang='lat' dir='ltr'><strong><em>Modrescin.,</em></strong></span> <span class='ocrx_word' id='word_1_287' title='bbox 3790 3425 3959 3490; x_wconf 90' lang='lat' dir='ltr'><strong><em>filius</em></strong></span> <span class='ocrx_word' id='word_1_288' title='bbox 4022 3426 4347 3511; x_wconf 83' lang='lat' dir='ltr'><strong><em>quondam</em></strong></span> 
     </span>
     <span class='ocr_line' id='line_1_42' title="bbox 2797 3528 3744 3598; baseline 0.004 -5"><span class='ocrx_word' id='word_1_289' title='bbox 2797 3528 3039 3594; x_wconf 89' lang='lat' dir='ltr'><strong><em>domini</em></strong></span> <span class='ocrx_word' id='word_1_290' title='bbox 3085 3529 3455 3595; x_wconf 81' lang='lat' dir='ltr'><strong><em>Gardefridi</em></strong></span> <span class='ocrx_word' id='word_1_291' title='bbox 3502 3532 3744 3598; x_wconf 85' lang='lat' dir='ltr'><strong><em>militis.</em></strong></span> 
     </span>
    </p>

    <p class='ocr_par' dir='ltr' id='par_1_21' title="bbox 2582 3637 4345 3832">
     <span class='ocr_line' id='line_1_43' title="bbox 2582 3637 4345 3727; baseline 0.003 -26"><span class='ocrx_word' id='word_1_292' title='bbox 2582 3637 2757 3724; x_wconf 82' lang='lat' dir='ltr'><strong><em>Mag.</em></strong></span> <span class='ocrx_word' id='word_1_293' title='bbox 2802 3638 3170 3705; x_wconf 84' lang='lat' dir='ltr'><strong><em>Gaufredus</em></strong></span> <span class='ocrx_word' id='word_1_294' title='bbox 3202 3640 3281 3704; x_wconf 89' lang='lat' dir='ltr'><strong><em>de</em></strong></span> <span class='ocrx_word' id='word_1_295' title='bbox 3314 3639 3740 3723; x_wconf 88' lang='lat' dir='ltr'><strong><em>Bellomonte‚</em></strong></span> <span class='ocrx_word' id='word_1_296' title='bbox 3775 3642 4125 3727; x_wconf 84' lang='lat' dir='ltr'><strong><em>apostolice</em></strong></span> <span class='ocrx_word' id='word_1_297' title='bbox 4161 3642 4345 3708; x_wconf 85' lang='lat' dir='ltr'><strong><em>Sedis</em></strong></span> 
     </span>
     <span class='ocr_line' id='line_1_44' title="bbox 2796 3747 3958 3832; baseline 0.003 -21"><span class='ocrx_word' id='word_1_298' title='bbox 2796 3747 3105 3832; x_wconf 86' lang='lat' dir='ltr'><strong><em>Legatus,</em></strong></span> <span class='ocrx_word' id='word_1_299' title='bbox 3154 3768 3300 3812; x_wconf 90' lang='lat' dir='ltr'><strong><em>cum</em></strong></span> <span class='ocrx_word' id='word_1_300' title='bbox 3347 3748 3490 3812; x_wconf 85' lang='lat' dir='ltr'><strong><em>aliis</em></strong></span> <span class='ocrx_word' id='word_1_301' title='bbox 3537 3749 3958 3815; x_wconf 87' lang='lat' dir='ltr'><strong><em>scholaribus.</em></strong></span> 
     </span>
    </p>

    <p class='ocr_par' dir='ltr' id='par_1_22' title="bbox 2580 3851 4345 3939">
     <span class='ocr_line' id='line_1_45' title="bbox 2580 3851 4345 3939; baseline 0.005 -22"><span class='ocrx_word' id='word_1_302' title='bbox 2580 3851 2665 3918; x_wconf 94' lang='lat' dir='ltr'><strong><em>D.</em></strong></span> <span class='ocrx_word' id='word_1_303' title='bbox 2718 3851 3070 3919; x_wconf 82' lang='lat' dir='ltr'><strong><em>Gaufridus</em></strong></span> <span class='ocrx_word' id='word_1_304' title='bbox 3118 3854 3198 3920; x_wconf 90' lang='lat' dir='ltr'><strong><em>de</em></strong></span> <span class='ocrx_word' id='word_1_305' title='bbox 3246 3854 3553 3939; x_wconf 85' lang='lat' dir='ltr'><strong><em>Arciaco,</em></strong></span> <span class='ocrx_word' id='word_1_306' title='bbox 3601 3859 4005 3923; x_wconf 84' lang='lat' dir='ltr'><strong><em>santonensis</em></strong></span> <span class='ocrx_word' id='word_1_307' title='bbox 4052 3859 4345 3926; x_wconf 89' lang='lat' dir='ltr'><strong><em>diocesis.</em></strong></span> 
     </span>
    </p>

    <p class='ocr_par' dir='ltr' id='par_1_23' title="bbox 2580 3960 4345 4135">
     <span class='ocr_line' id='line_1_46' title="bbox 2580 3960 4345 4048; baseline 0.006 -23"><span class='ocrx_word' id='word_1_308' title='bbox 2580 3961 2664 4027; x_wconf 94' lang='lat' dir='ltr'><strong><em>D.</em></strong></span> <span class='ocrx_word' id='word_1_309' title='bbox 2715 3960 3149 4027; x_wconf 84' lang='lat' dir='ltr'><strong><em>Gondisalvus</em></strong></span> <span class='ocrx_word' id='word_1_310' title='bbox 3221 3963 3601 4028; x_wconf 84' lang='lat' dir='ltr'><strong><em>Gandisalvi</em></strong></span> <span class='ocrx_word' id='word_1_311' title='bbox 3626 4014 3643 4048; x_wconf 87' lang='lat'>‚</span> <span class='ocrx_word' id='word_1_312' title='bbox 3706 3968 4051 4032; x_wconf 90' lang='lat' dir='ltr'><strong><em>canonicus</em></strong></span> <span class='ocrx_word' id='word_1_313' title='bbox 4119 3969 4345 4035; x_wconf 89' lang='lat' dir='ltr'><strong><em>braca-</em></strong></span> 
     </span>
     <span class='ocr_line' id='line_1_47' title="bbox 2795 4091 3021 4135; baseline 0.009 -2"><span class='ocrx_word' id='word_1_314' title='bbox 2795 4091 3021 4135; x_wconf 89' lang='lat' dir='ltr'><strong><em>rens1s.</em></strong></span> 
     </span>
    </p>

    <p class='ocr_par' dir='ltr' id='par_1_24' title="bbox 2580 4176 4346 4368">
     <span class='ocr_line' id='line_1_48' title="bbox 2580 4176 4346 4265; baseline 0.005 -23"><span class='ocrx_word' id='word_1_315' title='bbox 2580 4176 2757 4264; x_wconf 81' lang='lat' dir='ltr'><strong><em>Mag.</em></strong></span> <span class='ocrx_word' id='word_1_316' title='bbox 2809 4177 3132 4243; x_wconf 84' lang='lat' dir='ltr'><strong><em>Gerlanus</em></strong></span> <span class='ocrx_word' id='word_1_317' title='bbox 3178 4178 3473 4244; x_wconf 81' lang='lat' dir='ltr'><strong><em>Jhenans</em></strong></span> <span class='ocrx_word' id='word_1_318' title='bbox 3521 4180 3845 4265; x_wconf 88' lang='lat' dir='ltr'><strong><em>quondam</em></strong></span> <span class='ocrx_word' id='word_1_319' title='bbox 3891 4181 4134 4248; x_wconf 89' lang='lat' dir='ltr'><strong><em>domini</em></strong></span> <span class='ocrx_word' id='word_1_320' title='bbox 4188 4184 4346 4250; x_wconf 82' lang='lat' dir='ltr'><strong><em>Gui-</em></strong></span> 
     </span>
     <span class='ocr_line' id='line_1_49' title="bbox 2794 4277 3768 4368; baseline 0.005 -20"><span class='ocrx_word' id='word_1_321' title='bbox 2794 4284 3016 4368; x_wconf 79' lang='lat' dir='ltr'><strong><em>lielmi,</em></strong></span> <span class='ocrx_word' id='word_1_322' title='bbox 3065 4277 3428 4351; x_wconf 87' lang='lat' dir='ltr'><strong><em>turonensis</em></strong></span> <span class='ocrx_word' id='word_1_323' title='bbox 3475 4286 3768 4353; x_wconf 89' lang='lat' dir='ltr'><strong><em>diocesis.</em></strong></span> 
     </span>
    </p>

    <p class='ocr_par' dir='ltr' id='par_1_25' title="bbox 2581 4390 4085 4478">
     <span class='ocr_line' id='line_1_50' title="bbox 2581 4390 4085 4478; baseline 0.003 -20"><span class='ocrx_word' id='word_1_324' title='bbox 2581 4392 2759 4478; x_wconf 77' lang='lat' dir='ltr'><strong>Mag.</strong></span> <span class='ocrx_word' id='word_1_325' title='bbox 2809 4390 3214 4476; x_wconf 85' lang='lat' dir='ltr'><strong><em>Guiliehnus,</em></strong></span> <span class='ocrx_word' id='word_1_326' title='bbox 3262 4394 3746 4459; x_wconf 82' lang='lat' dir='ltr'><strong><em>cenomanensis</em></strong></span> <span class='ocrx_word' id='word_1_327' title='bbox 3793 4394 4085 4463; x_wconf 87' lang='lat' dir='ltr'><strong><em>diocesis.</em></strong></span> 
     </span>
    </p>

    <p class='ocr_par' dir='ltr' id='par_1_26' title="bbox 2579 4499 3582 4585">
     <span class='ocr_line' id='line_1_51' title="bbox 2579 4499 3582 4585; baseline 0.001 -20"><span class='ocrx_word' id='word_1_328' title='bbox 2579 4499 2665 4565; x_wconf 89' lang='lat' dir='ltr'><strong><em>D.</em></strong></span> <span class='ocrx_word' id='word_1_329' title='bbox 2716 4499 3126 4583; x_wconf 81' lang='lat' dir='ltr'><strong><em>Guilieltnus,</em></strong></span> <span class='ocrx_word' id='word_1_330' title='bbox 3171 4501 3314 4585; x_wconf 86' lang='lat' dir='ltr'><strong><em>ejus</em></strong></span> <span class='ocrx_word' id='word_1_331' title='bbox 3361 4500 3582 4567; x_wconf 84' lang='lat' dir='ltr'><strong><em>frater.</em></strong></span> 
     </span>
    </p>

    <p class='ocr_par' dir='ltr' id='par_1_27' title="bbox 2581 4606 4345 4781">
     <span class='ocr_line' id='line_1_52' title="bbox 2581 4606 4345 4698; baseline 0.002 -26"><span class='ocrx_word' id='word_1_332' title='bbox 2581 4607 2758 4694; x_wconf 79' lang='lat' dir='ltr'><strong><em>Mag.</em></strong></span> <span class='ocrx_word' id='word_1_333' title='bbox 2807 4607 3007 4693; x_wconf 88' lang='lat' dir='ltr'><strong><em>Hugo</em></strong></span> <span class='ocrx_word' id='word_1_334' title='bbox 3052 4606 3306 4694; x_wconf 86' lang='lat' dir='ltr'><strong><em>Vigerii</em></strong></span> <span class='ocrx_word' id='word_1_335' title='bbox 3352 4608 3675 4695; x_wconf 86' lang='lat' dir='ltr'><strong><em>quondam</em></strong></span> <span class='ocrx_word' id='word_1_336' title='bbox 3722 4609 3964 4675; x_wconf 87' lang='lat' dir='ltr'><strong><em>domini</em></strong></span> <span class='ocrx_word' id='word_1_337' title='bbox 4009 4611 4345 4698; x_wconf 87' lang='lat' dir='ltr'><strong><em>Hugonis,</em></strong></span> 
     </span>
     <span class='ocr_line' id='line_1_53' title="bbox 2798 4715 3546 4781; baseline 0.003 -2"><span class='ocrx_word' id='word_1_338' title='bbox 2798 4716 3209 4780; x_wconf 88' lang='lat' dir='ltr'><strong><em>sansonensis</em></strong></span> <span class='ocrx_word' id='word_1_339' title='bbox 3254 4715 3546 4781; x_wconf 89' lang='lat' dir='ltr'><strong><em>diocesis.</em></strong></span> 
     </span>
    </p>

    <p class='ocr_par' dir='ltr' id='par_1_28' title="bbox 2583 4822 4344 4909">
     <span class='ocr_line' id='line_1_54' title="bbox 2583 4822 4344 4909; baseline 0.003 -21"><span class='ocrx_word' id='word_1_340' title='bbox 2583 4822 2761 4909; x_wconf 81' lang='lat' dir='ltr'><strong><em>Mag.</em></strong></span> <span class='ocrx_word' id='word_1_341' title='bbox 2810 4823 2855 4889; x_wconf 87' lang='lat' dir='ltr'><strong>J</strong></span> <span class='ocrx_word' id='word_1_342' title='bbox 2858 4824 3144 4890; x_wconf 89' lang='lat' dir='ltr'><strong><em>ohannes</em></strong></span> <span class='ocrx_word' id='word_1_343' title='bbox 3176 4824 3257 4888; x_wconf 89' lang='lat' dir='ltr'><strong><em>de</em></strong></span> <span class='ocrx_word' id='word_1_344' title='bbox 3286 4824 3532 4908; x_wconf 86' lang='lat' dir='ltr'><strong><em>Insula,</em></strong></span> <span class='ocrx_word' id='word_1_345' title='bbox 3557 4823 3903 4889; x_wconf 84' lang='lat' dir='ltr'><strong><em>canonicus</em></strong></span> <span class='ocrx_word' id='word_1_346' title='bbox 3927 4828 4344 4894; x_wconf 89' lang='lat' dir='ltr'><strong><em>tornacensis.</em></strong></span> 
     </span>
    </p>

    <p class='ocr_par' dir='ltr' id='par_1_29' title="bbox 2582 4929 4345 5103">
     <span class='ocr_line' id='line_1_55' title="bbox 2582 4929 4345 5018; baseline 0.002 -23"><span class='ocrx_word' id='word_1_347' title='bbox 2582 4929 2759 5017; x_wconf 81' lang='lat' dir='ltr'><strong><em>Mag.</em></strong></span> <span class='ocrx_word' id='word_1_348' title='bbox 2807 4930 2851 4997; x_wconf 89' lang='lat' dir='ltr'><strong>J</strong></span> <span class='ocrx_word' id='word_1_349' title='bbox 2854 4931 3140 4997; x_wconf 88' lang='lat' dir='ltr'><strong><em>ohannes</em></strong></span> <span class='ocrx_word' id='word_1_350' title='bbox 3172 4931 3251 4996; x_wconf 88' lang='lat' dir='ltr'><strong><em>de</em></strong></span> <span class='ocrx_word' id='word_1_351' title='bbox 3284 4931 3613 4996; x_wconf 87' lang='lat' dir='ltr'><strong><em>Mauduno</em></strong></span> <span class='ocrx_word' id='word_1_352' title='bbox 3647 4931 3969 5018; x_wconf 89' lang='lat' dir='ltr'><strong><em>quondam</em></strong></span> <span class='ocrx_word' id='word_1_353' title='bbox 4002 4933 4046 4997; x_wconf 88' lang='lat' dir='ltr'><strong>J</strong></span> <span class='ocrx_word' id='word_1_354' title='bbox 4050 4934 4345 5018; x_wconf 87' lang='lat' dir='ltr'><strong><em>ohannis,</em></strong></span> 
     </span>
     <span class='ocr_line' id='line_1_56' title="bbox 2798 5038 3603 5103; baseline 0.001 -1"><span class='ocrx_word' id='word_1_355' title='bbox 2798 5038 3264 5103; x_wconf 86' lang='lat' dir='ltr'><strong><em>aurelianensis</em></strong></span> <span class='ocrx_word' id='word_1_356' title='bbox 3312 5038 3603 5103; x_wconf 86' lang='lat' dir='ltr'><strong><em>diocesis.</em></strong></span> 
     </span>
    </p>

    <p class='ocr_par' dir='ltr' id='par_1_30' title="bbox 2581 5143 4344 5318">
     <span class='ocr_line' id='line_1_57' title="bbox 2581 5143 4344 5232; baseline 0.001 -23"><span class='ocrx_word' id='word_1_357' title='bbox 2581 5143 2758 5230; x_wconf 85' lang='lat' dir='ltr'><strong><em>Mag.</em></strong></span> <span class='ocrx_word' id='word_1_358' title='bbox 2806 5145 2851 5211; x_wconf 83' lang='lat' dir='ltr'><strong>J</strong></span> <span class='ocrx_word' id='word_1_359' title='bbox 2855 5145 3143 5211; x_wconf 83' lang='lat' dir='ltr'><strong><em>ohannes</em></strong></span> <span class='ocrx_word' id='word_1_360' title='bbox 3188 5145 3267 5210; x_wconf 90' lang='lat' dir='ltr'><strong><em>de</em></strong></span> <span class='ocrx_word' id='word_1_361' title='bbox 3309 5145 3584 5232; x_wconf 84' lang='lat' dir='ltr'><strong><em>Sepibus</em></strong></span> <span class='ocrx_word' id='word_1_362' title='bbox 3614 5144 3785 5210; x_wconf 87' lang='lat' dir='ltr'><strong><em>filius</em></strong></span> <span class='ocrx_word' id='word_1_363' title='bbox 3816 5146 4059 5211; x_wconf 89' lang='lat' dir='ltr'><strong><em>domini</em></strong></span> <span class='ocrx_word' id='word_1_364' title='bbox 4091 5147 4344 5232; x_wconf 85' lang='lat' dir='ltr'><strong><em>Uberti‚</em></strong></span> 
     </span>
     <span class='ocr_line' id='line_1_58' title="bbox 2793 5252 3523 5318; baseline 0.003 -3"><span class='ocrx_word' id='word_1_365' title='bbox 2793 5252 3183 5317; x_wconf 79' lang='lat' dir='ltr'><strong><em>lexoviensis</em></strong></span> <span class='ocrx_word' id='word_1_366' title='bbox 3230 5252 3523 5318; x_wconf 90' lang='lat' dir='ltr'><strong><em>diocesis.</em></strong></span> 
     </span>
    </p>

    <p class='ocr_par' dir='ltr' id='par_1_31' title="bbox 2578 5357 4346 5447">
     <span class='ocr_line' id='line_1_59' title="bbox 2578 5357 4346 5447; baseline 0.002 -24"><span class='ocrx_word' id='word_1_367' title='bbox 2578 5357 2757 5446; x_wconf 86' lang='lat' dir='ltr'><strong><em>Mag.</em></strong></span> <span class='ocrx_word' id='word_1_368' title='bbox 2798 5358 2842 5425; x_wconf 89' lang='lat' dir='ltr'><strong>J</strong></span> <span class='ocrx_word' id='word_1_369' title='bbox 2846 5359 3132 5424; x_wconf 90' lang='lat' dir='ltr'><strong><em>ohannes</em></strong></span> <span class='ocrx_word' id='word_1_370' title='bbox 3167 5359 3568 5443; x_wconf 84' lang='lat' dir='ltr'><strong><em>Gondisalvi,</em></strong></span> <span class='ocrx_word' id='word_1_371' title='bbox 3602 5359 3949 5425; x_wconf 83' lang='lat' dir='ltr'><strong><em>canonicus</em></strong></span> <span class='ocrx_word' id='word_1_372' title='bbox 3983 5360 4346 5447; x_wconf 84' lang='lat' dir='ltr'><strong><em>burgensis.</em></strong></span> 
     </span>
    </p>

    <p class='ocr_par' dir='ltr' id='par_1_32' title="bbox 2578 5465 4345 5639">
     <span class='ocr_line' id='line_1_60' title="bbox 2578 5465 4345 5553; baseline 0.002 -23"><span class='ocrx_word' id='word_1_373' title='bbox 2578 5465 2757 5552; x_wconf 84' lang='lat' dir='ltr'><strong><em>Mag.</em></strong></span> <span class='ocrx_word' id='word_1_374' title='bbox 2805 5466 3139 5532; x_wconf 87' lang='lat' dir='ltr'><strong><em>Johannes</em></strong></span> <span class='ocrx_word' id='word_1_375' title='bbox 3186 5466 3266 5531; x_wconf 92' lang='lat' dir='ltr'><strong><em>de</em></strong></span> <span class='ocrx_word' id='word_1_376' title='bbox 3313 5466 3594 5532; x_wconf 86' lang='lat' dir='ltr'><strong><em>Meduno</em></strong></span> <span class='ocrx_word' id='word_1_377' title='bbox 3640 5467 3966 5552; x_wconf 89' lang='lat' dir='ltr'><strong><em>quondam</em></strong></span> <span class='ocrx_word' id='word_1_378' title='bbox 4005 5466 4049 5533; x_wconf 89' lang='lat' dir='ltr'><strong>J</strong></span> <span class='ocrx_word' id='word_1_379' title='bbox 4052 5468 4345 5553; x_wconf 87' lang='lat' dir='ltr'><strong><em>ohannis,</em></strong></span> 
     </span>
     <span class='ocr_line' id='line_1_61' title="bbox 2792 5574 3596 5639; baseline 0.002 -2"><span class='ocrx_word' id='word_1_380' title='bbox 2792 5574 3258 5639; x_wconf 84' lang='lat' dir='ltr'><strong><em>aurelianensis</em></strong></span> <span class='ocrx_word' id='word_1_381' title='bbox 3304 5574 3596 5639; x_wconf 87' lang='lat' dir='ltr'><strong><em>diocesis.</em></strong></span> 
     </span>
    </p>

    <p class='ocr_par' dir='ltr' id='par_1_33' title="bbox 2579 5678 4347 5872">
     <span class='ocr_line' id='line_1_62' title="bbox 2579 5678 4347 5768; baseline 0.002 -24"><span class='ocrx_word' id='word_1_382' title='bbox 2579 5678 2757 5767; x_wconf 81' lang='lat' dir='ltr'><strong><em>Mag.</em></strong></span> <span class='ocrx_word' id='word_1_383' title='bbox 2784 5681 2827 5746; x_wconf 89' lang='lat' dir='ltr'><strong>J</strong></span> <span class='ocrx_word' id='word_1_384' title='bbox 2832 5681 3119 5746; x_wconf 90' lang='lat' dir='ltr'><strong><em>ohannes</em></strong></span> <span class='ocrx_word' id='word_1_385' title='bbox 3144 5680 3223 5746; x_wconf 92' lang='lat' dir='ltr'><strong><em>de</em></strong></span> <span class='ocrx_word' id='word_1_386' title='bbox 3251 5681 3451 5747; x_wconf 84' lang='lat' dir='ltr'><strong><em>Sacro</em></strong></span> <span class='ocrx_word' id='word_1_387' title='bbox 3484 5681 3720 5747; x_wconf 85' lang='lat' dir='ltr'><strong><em>Cesare</em></strong></span> <span class='ocrx_word' id='word_1_388' title='bbox 3748 5681 4077 5768; x_wconf 89' lang='lat' dir='ltr'><strong><em>quondam</em></strong></span> <span class='ocrx_word' id='word_1_389' title='bbox 4100 5682 4143 5747; x_wconf 82' lang='lat' dir='ltr'>J</span> <span class='ocrx_word' id='word_1_390' title='bbox 4147 5684 4347 5749; x_wconf 87' lang='lat' dir='ltr'><strong><em>ohan-</em></strong></span> 
     </span>
     <span class='ocr_line' id='line_1_63' title="bbox 2794 5788 3710 5872; baseline 0.002 -19"><span class='ocrx_word' id='word_1_391' title='bbox 2794 5788 2916 5872; x_wconf 89' lang='lat' dir='ltr'><strong><em>nis,</em></strong></span> <span class='ocrx_word' id='word_1_392' title='bbox 2963 5788 3372 5854; x_wconf 79' lang='lat' dir='ltr'><strong><em>bituricensis</em></strong></span> <span class='ocrx_word' id='word_1_393' title='bbox 3418 5788 3710 5855; x_wconf 89' lang='lat' dir='ltr'><strong><em>diocesis.</em></strong></span> 
     </span>
    </p>
   </div>
   <div class='ocr_carea' id='block_1_7' title="bbox 2580 6018 4351 6621">
    <p class='ocr_par' dir='ltr' id='par_1_34' title="bbox 2580 6018 4351 6535">
     <span class='ocr_line' id='line_1_64' title="bbox 2580 6018 4348 6090; baseline -0.002 -16"><span class='ocrx_word' id='word_1_394' title='bbox 2580 6019 2705 6074; x_wconf 82' lang='lat' dir='ltr'><strong><em>dell&#39;</em></strong></span> <span class='ocrx_word' id='word_1_395' title='bbox 2724 6022 2902 6073; x_wconf 82' lang='lat' dir='ltr'><strong><em>antico</em></strong></span> <span class='ocrx_word' id='word_1_396' title='bbox 2938 6019 3127 6071; x_wconf 84' lang='lat' dir='ltr'><strong><em>Studio</em></strong></span> <span class='ocrx_word' id='word_1_397' title='bbox 3161 6020 3224 6071; x_wconf 89' lang='lat' dir='ltr'><strong><em>di</em></strong></span> <span class='ocrx_word' id='word_1_398' title='bbox 3257 6018 3530 6086; x_wconf 74' lang='lat' dir='ltr'><strong><em>Boloqna,</em></strong></span> <span class='ocrx_word' id='word_1_399' title='bbox 3565 6036 3691 6089; x_wconf 83' lang='lat' dir='ltr'><strong><em>pag.</em></strong></span> <span class='ocrx_word' id='word_1_400' title='bbox 3734 6022 3833 6072; x_wconf 82' lang='lat'><strong><em>129</em></strong></span> <span class='ocrx_word' id='word_1_401' title='bbox 3873 6024 3929 6072; x_wconf 88' lang='lat' dir='ltr'><strong><em>et</em></strong></span> <span class='ocrx_word' id='word_1_402' title='bbox 3966 6037 4080 6090; x_wconf 84' lang='lat' dir='ltr'><strong><em>seq.</em></strong></span> <span class='ocrx_word' id='word_1_403' title='bbox 4118 6048 4184 6059; x_wconf 90' lang='lat'>—</span> <span class='ocrx_word' id='word_1_404' title='bbox 4224 6019 4348 6072; x_wconf 82' lang='lat' dir='ltr'><strong><em>Non</em></strong></span> 
     </span>
     <span class='ocr_line' id='line_1_65' title="bbox 2582 6108 4347 6181; baseline -0.001 -18"><span class='ocrx_word' id='word_1_405' title='bbox 2582 6126 2788 6181; x_wconf 84' lang='lat' dir='ltr'><strong><em>paucos</em></strong></span> <span class='ocrx_word' id='word_1_406' title='bbox 2825 6108 2996 6162; x_wconf 81' lang='lat' dir='ltr'><strong><em>refert</em></strong></span> <span class='ocrx_word' id='word_1_407' title='bbox 3034 6108 3330 6178; x_wconf 83' lang='lat' dir='ltr'><strong><em>Catalogus</em></strong></span> <span class='ocrx_word' id='word_1_408' title='bbox 3369 6125 3605 6174; x_wconf 84' lang='lat' dir='ltr'><strong><em>errores,</em></strong></span> <span class='ocrx_word' id='word_1_409' title='bbox 3650 6110 3746 6179; x_wconf 87' lang='lat' dir='ltr'><strong><em>qui</em></strong></span> <span class='ocrx_word' id='word_1_410' title='bbox 3787 6113 4033 6162; x_wconf 81' lang='lat' dir='ltr'><strong><em>actorum</em></strong></span> <span class='ocrx_word' id='word_1_411' title='bbox 4083 6110 4347 6179; x_wconf 76' lang='lat' dir='ltr'><strong><em>graphiae</em></strong></span> 
     </span>
     <span class='ocr_line' id='line_1_66' title="bbox 2582 6199 4349 6268; baseline 0.001 -16"><span class='ocrx_word' id='word_1_412' title='bbox 2582 6203 2798 6253; x_wconf 78' lang='lat' dir='ltr'><strong><em>tantum</em></strong></span> <span class='ocrx_word' id='word_1_413' title='bbox 2824 6199 3100 6251; x_wconf 81' lang='lat' dir='ltr'><strong><em>tribuendi</em></strong></span> <span class='ocrx_word' id='word_1_414' title='bbox 3126 6216 3233 6251; x_wconf 87' lang='lat' dir='ltr'><strong><em>non</em></strong></span> <span class='ocrx_word' id='word_1_415' title='bbox 3259 6202 3403 6265; x_wconf 83' lang='lat' dir='ltr'><strong><em>sunt,</em></strong></span> <span class='ocrx_word' id='word_1_416' title='bbox 3429 6200 3753 6268; x_wconf 86' lang='lat' dir='ltr'><strong><em>praesertim</em></strong></span> <span class='ocrx_word' id='word_1_417' title='bbox 3781 6214 3906 6251; x_wconf 85' lang='lat' dir='ltr'><strong><em>cum</em></strong></span> <span class='ocrx_word' id='word_1_418' title='bbox 3930 6200 4090 6251; x_wconf 85' lang='lat' dir='ltr'><strong><em>unius</em></strong></span> <span class='ocrx_word' id='word_1_419' title='bbox 4116 6201 4349 6253; x_wconf 82' lang='lat' dir='ltr'><strong><em>nominis</em></strong></span> 
     </span>
     <span class='ocr_line' id='line_1_67' title="bbox 2581 6288 4350 6358; baseline -0.002 -15"><span class='ocrx_word' id='word_1_420' title='bbox 2581 6305 2747 6358; x_wconf 80' lang='lat' dir='ltr'><strong><em>saepe</em></strong></span> <span class='ocrx_word' id='word_1_421' title='bbox 2786 6288 2940 6340; x_wconf 79' lang='lat' dir='ltr'><strong><em>varia</em></strong></span> <span class='ocrx_word' id='word_1_422' title='bbox 2974 6288 3232 6357; x_wconf 81' lang='lat' dir='ltr'><strong><em>praebuit</em></strong></span> <span class='ocrx_word' id='word_1_423' title='bbox 3267 6288 3602 6341; x_wconf 82' lang='lat' dir='ltr'><strong><em>Fattorinius</em></strong></span> <span class='ocrx_word' id='word_1_424' title='bbox 3641 6288 3925 6358; x_wconf 83' lang='lat' dir='ltr'><strong><em>exempla3</em></strong></span> <span class='ocrx_word' id='word_1_425' title='bbox 3964 6288 4058 6341; x_wconf 88' lang='lat' dir='ltr'><strong><em>sed</em></strong></span> <span class='ocrx_word' id='word_1_426' title='bbox 4104 6288 4350 6341; x_wconf 82' lang='lat' dir='ltr'><strong><em>laborem</em></strong></span> 
     </span>
     <span class='ocr_line' id='line_1_68' title="bbox 2582 6376 4351 6449; baseline -0.001 -17"><span class='ocrx_word' id='word_1_427' title='bbox 2582 6380 2862 6449; x_wconf 83' lang='lat' dir='ltr'><strong><em>ingentem</em></strong></span> <span class='ocrx_word' id='word_1_428' title='bbox 2889 6376 3103 6430; x_wconf 87' lang='lat' dir='ltr'><strong><em>efficere</em></strong></span> <span class='ocrx_word' id='word_1_429' title='bbox 3125 6378 3195 6429; x_wconf 86' lang='lat' dir='ltr'><strong><em>ad</em></strong></span> <span class='ocrx_word' id='word_1_430' title='bbox 3220 6378 3442 6430; x_wconf 85' lang='lat' dir='ltr'><strong><em>nomina</em></strong></span> <span class='ocrx_word' id='word_1_431' title='bbox 3466 6378 3683 6448; x_wconf 81' lang='lat' dir='ltr'><strong><em>singula</em></strong></span> <span class='ocrx_word' id='word_1_432' title='bbox 3708 6378 3764 6429; x_wconf 90' lang='lat' dir='ltr'><strong><em>in</em></strong></span> <span class='ocrx_word' id='word_1_433' title='bbox 3790 6377 4204 6430; x_wconf 78' lang='lat' dir='ltr'><strong><em>Memorialibus</em></strong></span> <span class='ocrx_word' id='word_1_434' title='bbox 4226 6394 4351 6448; x_wconf 88' lang='lat' dir='ltr'><strong><em>pro-</em></strong></span> 
     </span>
     <span class='ocr_line' id='line_1_69' title="bbox 2582 6464 3511 6535; baseline -0.002 -15"><span class='ocrx_word' id='word_1_435' title='bbox 2582 6467 2781 6534; x_wconf 81' lang='lat' dir='ltr'><strong><em>banda,</em></strong></span> <span class='ocrx_word' id='word_1_436' title='bbox 2818 6464 2954 6518; x_wconf 88' lang='lat' dir='ltr'><strong><em>mihi</em></strong></span> <span class='ocrx_word' id='word_1_437' title='bbox 2989 6466 3324 6535; x_wconf 83' lang='lat' dir='ltr'><strong><em>impossibile</em></strong></span> <span class='ocrx_word' id='word_1_438' title='bbox 3363 6467 3511 6518; x_wconf 83' lang='lat' dir='ltr'><strong><em>duxi.</em></strong></span> 
     </span>
    </p>

    <p class='ocr_par' dir='ltr' id='par_1_35' title="bbox 3980 6557 4191 6621">
     <span class='ocr_line' id='line_1_70' title="bbox 3980 6557 4191 6621; baseline -0.005 -13"><span class='ocrx_word' id='word_1_439' title='bbox 3980 6557 4068 6621; x_wconf 83' lang='lat'><strong>(0.</strong></span> <span class='ocrx_word' id='word_1_440' title='bbox 4107 6559 4191 6620; x_wconf 72' lang='lat' dir='ltr'><strong><em>u.)</em></strong></span> 
     </span>
    </p>
   </div>
  </div>
 </body>
</html>
