5542 7775
1583 587 2045 638 SPEOTANTIA
2102 587 2203 637 AD
2262 585 2772 637 PROFESSORES
2830 586 3042 637 JURIs
3099 584 3367 636 CIVILIS
4190 564 4287 635 47

660 741 1092 829 proprietatis,
1142 743 1279 806 sine
1320 742 1795 829 jnquietatione
1842 742 2060 829 aliqua
2108 763 2147 805 a
2194 741 2363 806 dicto
2398 741 2671 806 Comuni
2703 742 2909 806 sancti
2940 740 2983 806 J
2988 740 3259 805 ohannis
3292 741 3765 827 imperpetuum
3797 738 4094 802 facienda
4127 739 4296 804 dicto

660 849 1071 931 monasteriO,
1123 871 1310 914 omne
1358 849 1444 932 id,
1495 849 1666 935 quod
1714 855 1813 913 est
1858 848 2127 913 inferius
2176 870 2215 912 a
2267 849 2431 931 loco,
2467 848 2618 913 dato
2665 854 2730 912 et
2778 848 3156 933 consignato
3205 869 3244 911 a
3291 847 3476 912 nobis
3522 868 3738 933 supra,
3774 845 4047 911 Comuni
4091 847 4298 911 sancti

656 955 700 1021 J
707 955 1002 1039 ohannis,
1053 964 1117 1020 et
1163 955 1363 1020 vadat
1408 975 1636 1023 versus
1686 977 1875 1020 mane
1923 955 2166 1020 directo
2214 955 2298 1019 ad
2346 955 2526 1019 filum
2572 976 2773 1040 usque
2826 955 2910 1019 ad
2956 954 3227 1018 limitem
3273 953 3352 1018 de
3401 952 3636 1019 Curtis.

838 1062 1007 1127 Item
1052 1085 1169 1149 pro
1216 1063 1385 1128 bono
1431 1064 1607 1149 pacis
1654 1071 1718 1127 et
1763 1063 2100 1127 concordie
2148 1062 2488 1126 laudamus
2536 1069 2600 1126 et
2648 1061 3041 1126 arbitramur
3086 1068 3150 1125 et
3200 1060 3671 1125 amichabiliter
3712 1060 4109 1147 disponendo
4149 1082 4296 1147 pro-

662 1171 1055 1252 nuntiamus,
1106 1170 1276 1255 quod
1324 1171 1533 1235 dictus
1579 1170 1902 1256 syndicus·
1930 1170 2135 1234 sancti
2183 1169 2524 1252 Johannis‚
2574 1170 2832 1233 nomine
2880 1168 3036 1232 dicti
3083 1168 3410 1251 Comunis,
3451 1173 3516 1232 et
3561 1168 3801 1232 dictum
3849 1166 4157 1251 Comune,
4191 1167 4300 1233 det

661 1284 727 1341 et
772 1276 984 1341 solvat
1029 1277 1199 1341 dicto
1248 1276 1506 1341 domino
1552 1276 1819 1358 Abbati,
1870 1276 2125 1340 nomine
2175 1274 2329 1338 dicti
2375 1275 2773 1360 monasterij,
2815 1281 2880 1338 et
2927 1276 3069 1360 ejus
3116 1274 3381 1360 syndico
3429 1275 3710 1360 dompno
3756 1273 4145 1357 Lanfranco,
4181 1273 4297 1338 du-

660 1390 882 1469 centas
929 1382 1128 1447 libras
1174 1384 1662 1449 bononenorum
1709 1383 1859 1447 hinc
1907 1382 1992 1446 ad
2036 1382 2352 1446 kalendas
2399 1382 2616 1446 martii
2663 1383 2993 1468 proximas
3039 1394 3368 1446 venturas.

836 1489 1004 1555 Item
1062 1489 1451 1577 precipimus
1514 1489 1685 1577 quod
1742 1490 1985 1554 dictum
2042 1489 2329 1554 Comune
2393 1488 2599 1553 sancti
2646 1488 2966 1553 «Iohannis
3014 1510 3144 1553 non
3189 1487 3423 1552 debeat
3462 1488 3830 1574 jnquietare
3870 1489 3946 1573 jn
3993 1487 4294 1572 dominic,

658 1597 1077 1684 proprietate,
1111 1619 1225 1661 seu
1257 1597 1628 1682 possesione
1676 1597 1918 1661 dictum
1967 1596 2428 1661 monasterium
2475 1596 2541 1659 in
2589 1617 2687 1678 eo,
2721 1596 2889 1682 quod
2941 1616 3139 1682 supra
3187 1595 3357 1660 dicto
3405 1594 3793 1659 monasterio
3843 1595 4293 1679 concessimus,

659 1725 775 1768 seu
822 1704 1309 1787 aiudicavimus,
1358 1704 1462 1768 vel
1503 1706 1579 1789 Jn
1625 1705 1846 1790 aliqua
1893 1711 2078 1790 parte
2125 1705 2287 1788 ejus.

836 1811 1003 1875 Item
1050 1810 1132 1874 ad
1179 1818 1469 1875 eternam
1515 1811 1609 1875 rei
1654 1811 2034 1875 memoriam
2075 1810 2463 1897 precipimus
2512 1810 2683 1897 quod
2716 1809 3077 1896 predictum
3109 1808 3396 1875 Comune
3428 1809 3636 1874 sancti
3666 1809 3708 1874 J
3713 1810 4007 1893 ohannis,
4039 1809 4296 1874 nomine

657 1917 814 1982 dicti
859 1917 1185 2000 ComuniS,
1233 1924 1298 1982 et
1344 1919 1486 2003 ejus
1534 1918 1859 2004 syndicus,
1908 1926 1974 1982 et
2019 1918 2227 1982 dictus
2274 1917 2571 1981 dominus
2609 1917 2860 2000 Abbas,
2893 1916 3152 1982 nomine
3200 1916 3352 1981 dicti
3399 1917 3796 2002 monasterij,
3845 1923 3910 1981 et
3957 1917 4098 2002 ejus
4145 1939 4292 2003 syn-

658 2025 870 2108 dicus,
920 2025 1161 2089 faciant
1208 2025 1313 2090 vel
1359 2025 1500 2089 fieri
1545 2025 1788 2090 faciant
1835 2025 2194 2090 comuniter
2238 2032 2303 2089 et
2351 2025 2728 2089 comunibus
2786 2024 3089 2111 expensis
3145 2045 3344 2088 unum
3390 2023 3706 2087 fossatum
3744 2025 3820 2109 jn
3867 2023 4142 2089 confinio
4188 2046 4293 2088 su-

657 2131 971 2219 pradicto,
1014 2133 1125 2217 qui
1170 2132 1368 2197 vadat
1415 2131 1498 2196 ad
1544 2132 1724 2196 filum
1769 2153 1808 2196 a
1855 2132 2057 2196 limite
2104 2132 2184 2196 de
2232 2138 2425 2218 ponte
2473 2131 2667 2217 longo
2714 2152 2917 2217 usque
2966 2130 3047 2194 ad
3095 2131 3366 2195 limitem
3412 2130 3490 2195 de
3540 2130 3754 2196 Curtis
3802 2153 4026 2195 versus
4081 2152 4291 2214 mane,

660 2246 724 2302 et
770 2239 853 2302 sit
902 2239 1186 2326 amplum
1233 2261 1349 2326 per
1396 2260 1513 2304 sex
1559 2240 1757 2326 pedes
1810 2246 1875 2304 et
1920 2246 2222 2304 cavatum
2265 2260 2383 2325 per
2432 2246 2709 2325 quatuor
2752 2239 2971 2324 pedes,
3006 2245 3071 2303 et
3111 2240 3188 2324 jn
3227 2238 3514 2323 quolibet
3546 2239 3754 2325 capite
3787 2237 3941 2302 dicti
3973 2238 4200 2303 fossati
4229 2246 4294 2304 et

659 2347 853 2410 etiam
895 2348 967 2431 jn
1017 2346 1228 2411 medio
1275 2347 1555 2412 debeant
1602 2347 1980 2412 comunibus
2027 2347 2329 2433 expensis
2377 2347 2591 2411 facere
2652 2347 2757 2411 vel
2820 2347 2959 2410 fieri
3016 2346 3230 2411 facere
3277 2367 3475 2410 unum
3518 2346 3760 2410 bonum
3806 2346 4168 2433 pillastrum
4213 2347 4293 2412 de

659 2453 859 2517 malta
905 2454 1174 2537 calcina,
1223 2476 1520 2538 grossum
1564 2462 1629 2519 et
1676 2455 1963 2540 amplum
2010 2454 2076 2517 in
2122 2454 2296 2518 omni
2340 2461 2525 2540 parte
2576 2454 2677 2517 sui
2722 2474 2837 2539 per
2882 2459 3013 2518 tres
3061 2454 3279 2540 pedes,
3326 2460 3391 2518 et
3437 2454 3640 2518 altum
3686 2475 3804 2540 per
3850 2453 4010 2518 duos
4055 2461 4292 2541 puntos

658 2560 807 2625 hinc
854 2560 937 2624 ad
984 2561 1219 2625 festum
1266 2561 1473 2624 sancti
1518 2560 1855 2624 Michaelis
1897 2560 1976 2625 de
2009 2581 2228 2625 mense
2261 2560 2643 2647 septembris
2676 2561 2970 2645 proxime
3002 2560 3278 2625 venturi.
3311 2560 3398 2624 Et
3429 2560 3816 2647 precipimus
3847 2560 4020 2646 quod
4050 2562 4292 2625 dictum

658 2666 972 2731 fossatum
1019 2667 1253 2731 debeat
1300 2667 1763 2732 discomborari
1809 2667 1889 2732 de
1934 2668 2124 2733 tertio
2152 2669 2227 2752 ju
2261 2668 2523 2732 tertium
2556 2688 2797 2731 annum
2828 2667 3205 2749 comuniter,
3239 2676 3304 2731 et
3336 2668 3714 2732 comunibus
3746 2668 4069 2753 expensis.
4103 2667 4294 2742 Quod

655 2773 922 2837 laudum
970 2773 1213 2838 factum
1259 2765 1382 2837 fuit
1429 2775 1495 2838 in
1541 2774 1867 2861 presentia
1912 2774 2225 2861 Raynerii
2272 2774 2352 2839 de
2398 2774 2711 2839 Albirolis
2758 2773 3025 2860 syndico
3092 2774 3399 2860 predicte,
3448 2780 3513 2838 et
3573 2773 3839 2860 dompni
3899 2774 4300 2839 Lanfranchi

655 2880 906 2966 syndici
951 2880 1105 2945 dicti
1152 2882 1548 2967 monasterij,
1598 2881 1679 2945 ad
1729 2903 1922 2967 quem
1968 2881 2210 2946 dictum
2256 2882 2730 2967 conpromisum
2780 2881 3191 2945 traslatatum
3238 2881 3379 2945 fuit.

835 2986 977 3060 Que
1026 2988 1241 3051 omnia
1287 2995 1353 3051 et
1397 2987 1656 3073 singula
1697 2988 1773 3072 jn
1819 2988 2077 3052 comuni
2123 2988 2465 3052 concordia
2517 2987 2879 3070 laudamus,
2920 2986 3311 3051 arbitramur
3356 2993 3421 3051 et
3467 2986 3833 3071 diffinimus,
3876 2987 4295 3068 aiudicamus,

656 3094 1000 3159 dividimus
1046 3102 1111 3159 et
1156 3096 1545 3182 precipimus
1594 3095 2055 3160 inviolabiliter
2102 3096 2446 3161 observare
2495 3097 2577 3161 ab
2623 3103 2899 3182 utraque
2963 3094 3279 3181 partium,
3327 3094 3448 3160 sub
3502 3116 3673 3181 pena
3721 3117 3845 3183 que
3906 3096 3973 3159 in
4029 3117 4298 3182 conpro-

656 3202 817 3266 miso
864 3202 1246 3267 continetur.

830 3309 1069 3373 Latum
1115 3310 1251 3374 sive
1297 3311 1813 3396 pronuntiatum,
1864 3311 2001 3375 sive
2046 3311 2183 3375 lata
2229 3332 2345 3375 seu
2388 3311 2806 3397 pronuntiata
2853 3310 2977 3375 fuit
3032 3311 3152 3375 hec
3217 3310 3538 3375 sententia
3586 3332 3700 3374 seu
3747 3309 4012 3374 laudum
4059 3310 4125 3374 in
4174 3310 4296 3375 Ca-

654 3417 857 3503 pitulo
904 3416 1172 3481 ecclesie
1220 3417 1427 3481 sancti
1474 3417 1830 3482 Salvatoris
1878 3418 1958 3482 de
2006 3423 2195 3503 porta
2239 3418 2447 3500 Nova,
2482 3418 2889 3503 presentibus
2935 3418 3213 3504 dompno
3272 3417 3513 3500 Guezo,
3552 3417 3780 3482 Priore
3827 3425 4047 3482 sancte
4088 3418 4294 3483 Mario

655 3523 734 3587 de
780 3523 966 3587 Reno
1015 3534 1079 3586 et
1126 3524 1333 3587 sancti
1392 3522 1748 3589 Salvatoris
1795 3523 2107 3611 predicti,
2158 3532 2221 3588 et
2268 3524 2480 3589 donno
2528 3524 2817 3610 Ugolino
2865 3524 3107 3590 domini
3153 3525 3470 3589 Zamboni
3515 3524 3875 3611 Episcop0,
3925 3532 3990 3590 et
4037 3524 4295 3590 domino

654 3630 937 3696 Martino
984 3630 1380 3717 Prosperoso
1428 3631 1700 3714 notario,
1734 3638 1800 3695 et
1846 3631 2104 3696 domino
2138 3631 2475 3696 Jacobello
2523 3631 2765 3696 domini
2810 3632 3122 3696 Petrizoli
3166 3632 3435 3696 Femine
3471 3633 3741 3716 notarie,
3775 3641 3840 3698 et
3879 3632 4137 3698 domino
4169 3634 4295 3697 Pe-

653 3737 880 3802 trizolo
913 3737 1226 3802 Asaldine
1273 3738 1353 3802 de
1398 3738 1600 3803 Porta
1644 3738 1854 3822 Nova,
1888 3745 1955 3803 et
2000 3739 2258 3804 domino
2311 3739 2635 3804 Petrizolo
2682 3739 2956 3804 condam
3004 3739 3246 3804 domini
3292 3739 3559 3825 Ugolini
3603 3740 3683 3804 de
3726 3739 3915 3805 Gisso
3963 3740 4043 3804 de
4091 3740 4295 3806 Porta

654 3845 863 3927 Nova,
912 3853 976 3911 et
1023 3845 1281 3911 domino
1328 3845 1692 3931 Malatigua
1748 3846 2024 3912 condam
2069 3845 2346 3932 Jenoisij
2395 3846 2474 3912 de
2521 3847 2723 3912 Porta
2769 3848 2981 3932 Nova,
3029 3853 3094 3912 et
3140 3846 3397 3912 domino
3442 3845 3900 3934 Raymundino
3949 3848 4296 3914 Geffadelli

652 3953 732 4017 de
778 3954 978 4018 Porta
1024 3954 1232 4037 Nova,
1283 3960 1347 4017 et
1394 3953 1652 4019 domino
1701 3954 2046 4019 Corvolino
2092 3955 2429 4036 Barberio,
2473 3960 2538 4019 et
2585 3955 2844 4020 domino
2889 3955 3207 4021 Nicholao
3254 3955 3561 4019 Nadalini
3616 3955 3889 4020 condam
3932 3956 4114 4021 Petri
4157 3957 4291 4021 Na-

654 4059 819 4124 dalis
868 4061 1139 4144 notari0,
1189 4067 1252 4125 et
1299 4060 1557 4126 domino
1606 4061 1855 4126 Jacobo
1904 4061 2140 4145 Coche,
2190 4068 2385 4126 testes
2432 4062 2646 4148 rogati
2691 4069 2757 4126 et
2803 4062 3017 4127 vocati
3062 4062 3343 4128 fuerunt.

830 4168 916 4232 Et
972 4168 1391 4252 juterlineavi
1448 4169 1536 4232 ad
1571 4170 1843 4253 jnvicem
1903 4177 1957 4234 et
2000 4171 2148 4255 ipsis
2190 4169 2443 4234 arbitris
2487 4191 2592 4235 seu
2637 4169 3109 4234 arbitratoribus
3152 4191 3259 4235 seu
3303 4169 3763 4235 amichabilibus
3817 4161 4305 4255 conpositonbus'

652 4281 717 4339 et
763 4277 966 4358 omni,
1015 4282 1080 4338 et
1119 4275 1372 4359 facient,
1418 4284 1484 4340 et
1523 4277 1777 4359 facient,
1825 4282 1889 4341 et
1933 4280 2350 4362 conpositorea

828 4381 913 4446 Et
958 4404 1080 4467 ego
1125 4382 1531 4446 Alamannus
1578 4382 1657 4447 de
1706 4381 2026 4466 Floranis,
2075 4385 2460 4448 auctoritate
2501 4384 2832 4471 jmperiali
2877 4384 3189 4469 notarius,
3229 4385 3330 4457 his
3363 4383 3660 4450 omnibus
3686 4384 3979 4469 juterfui,
4014 4391 4079 4449 et
4110 4406 4291 4449 man-

651 4488 802 4554 dato
850 4488 1165 4553 dictorum
1210 4489 1526 4553 arbitrum
1573 4510 1688 4553 seu
1735 4489 2196 4555 arbitratorum
2242 4491 2498 4577 scripsi,
2547 4500 2612 4556 et
2658 4513 2760 4556 me
2809 4491 3179 4579 subscripsi.

1044 4598 1103 4660 A
1151 4604 1243 4659 ter
1280 4617 1352 4660 o:

830 4596 1163 4767 Sente[11tia
1211 4594 1508 4789 lgm-lper
1552 4703 1845 4769 dominos
1890 4704 2332 4791 Bonapartem
2378 4713 2443 4770 et
2493 4705 3028 4771 Seuzanominem
3074 4728 3191 4793 pro
3237 4713 3460 4772 sancto
3507 4706 3830 4772 Johanue.

2304 5025 2631 5092 XXVIII.

1911 5240 2105 5323 1256,
2151 5240 2239 5304 28
2280 5241 2594 5324 februaria*
2639 5250 2693 5307 et
2737 5243 2824 5305 24
2873 5244 3018 5306 mai.

1917 5452 2023 5521 Ex
2071 5454 2352 5540 Reyistro
2396 5476 2567 5539 nove,
2615 5476 2744 5519 car.
2801 5458 2925 5520 102
2972 5478 3024 5520 r.

829 5663 937 5727 DE
1006 5683 1317 5730 m'r‘rsms
1388 5665 1760 5731 Commums
1817 5666 2157 5749 Bonomn,
2222 5686 2407 5741 Quon
2467 5678 2744 5735 vAnAu'r
2814 5689 3219 5735 nummum
3264 5689 3650 5736 nncnp'rum
3696 5708 3785 5718 —
3832 5672 4150 5738 Businca
4205 5711 4284 5721 —-

648 5769 1039 5856 Exemplum
1085 5773 1509 5857 quarumdam
1555 5774 1916 5838 litterarum
1962 5775 2053 5839 sic
2102 5775 2575 5862 incipientium:

827 5878 1066 5962 Magne
1114 5879 1467 5943 nobilitatis
1514 5887 1579 5944 et
1626 5881 1941 5967 sapientie
1999 5881 2308 5947 militibus
2368 5883 2688 5948 Potestati
2747 5892 2814 5948 et
2876 5884 3266 5971 CapitaneO,
3316 5892 3381 5950 et
3426 5886 3739 5950 Anziauis
3786 5893 3852 5951 et
3899 5886 4284 5955 Consulibus

652 5984 929 6050 civitatis
977 5985 1301 6068 Bononie,
1349 5994 1414 6051 et
1463 5987 1745 6053 Consilio
1794 5996 1858 6053 et
1906 5988 2245 6054 Communi
2292 5990 2645 6055 Nicholaus
2693 5992 3018 6077 quondam
3062 5992 3402 6057 Ramberti
3445 5993 3825 6077 Bazallerii,
3876 5994 4286 6061 Guillielmus

653 6091 909 6173 GosiuS,
935 6092 1255 6175 PotestaS,
1288 6093 1634 6159 Rainerius
1666 6095 1745 6159 de
1778 6095 2115 6179 LiazariiS,
2143 6096 2535 6183 Capitaneus
2566 6099 2790 6185 populi
2822 6099 3157 6182 Faventie,
3185 6098 3560 6184 Consilium,
3588 6102 3799 6166 contio
3833 6108 3899 6166 et
3930 6102 4282 6168 Commune

651 6220 720 6265 se
768 6200 941 6285 ipsos
989 6199 1197 6263 eidem
1246 6200 1650 6287 beneplacita
1696 6210 1761 6267 et
1807 6203 2114 6267 mandata
2161 6204 2239 6268 de
2288 6212 2503 6269 vestra
2549 6204 3007 6288 dominatione,
3055 6208 3344 6293 potentia
3390 6214 3455 6272 et
3500 6209 3819 6294 sapientia
3865 6217 4164 6294 gerentes
4211 6212 4284 6275 fi-

650 6305 906 6371 duciam
952 6307 1332 6393 specialem,
1380 6308 1618 6374 idcirco
1664 6332 1780 6375 vos
1828 6320 2201 6398 reputamus
2251 6320 2580 6399 tamquam
2637 6314 2931 6379 dominos
2977 6315 3326 6400 speciales3
3372 6316 3523 6381 hinc
3569 6323 3667 6381 est
3713 6317 3914 6403 quod,
3962 6339 4110 6382 cum
4154 6341 4285 6383 una

649 6434 802 6500 pars
849 6421 913 6478 et
960 6414 1089 6478 alia
1136 6414 1384 6480 faciunt
1429 6422 1494 6480 et
1539 6415 1830 6482 fecerunt
1877 6419 2330 6504 guarnimenta
2375 6420 2459 6484 ad
2506 6420 3008 6487 destructionem
3054 6421 3332 6487 civitatis
3379 6423 3723 6508 Faventie,
3770 6432 3836 6488 et
3897 6446 4025 6490 nou
4082 6427 4284 6492 modi-
