5542 7775
1621 587 2084 638 SPECTANTIA
2140 587 2241 636 AD
2301 584 2812 669 Psorsssonss
2870 581 3082 633 sums
3140 579 3407 631 olvnns
4228 556 4324 627 77

695 750 796 822 (ιῖ
829 746 1148 811 Dominus
1195 743 1524 808 Marsilius
1573 743 1652 806 de
1699 741 2144 828 Mantighellis
2190 741 2412 804 doctor
2442 737 2912 821 decretorum,‘

689 857 794 930 (Ῑῖ
825 853 1141 918 Dominus
1187 852 1505 916 Martinus
1553 850 1913 915 Sulimanni
1959 850 2179 913 doctor
2226 848 2464 932 legum,
2903 827 2923 958 1

694 964 799 1035 (ιζ’
830 960 1149 1025 Dominus
1196 957 1506 1023 Albertus
1553 958 1795 1022 domini
1841 955 2197 1022 Oddofredi
2242 955 2464 1018 doctor
2507 953 2747 1038 legum,
2905 991 2909 1020 ,·
2960 1001 3066 1065 isti
3098 1008 3246 1064 sunt
3277 1000 3570 1063 doctores
3603 1000 3661 1064 le
3715 1021 3817 1063 um
3855 999 3965 1083 qui
4005 999 4326 1065 ordinarie

691 1071 793 1143 (ιζ’
828 1066 1143 1131 Dominus
1188 1064 1631 1129 Bertholutius
1679 1064 1758 1128 (10
1805 1064 2015 1128 Pretis
2065 1063 2287 1127 doctor
2331 1061 2571 1145 legum,
2908 1059 2920 1158 J
2961 1111 3020 1174 le
3073 1117 3187 1173 unt
3668 1023 3711 1086 g

693 1179 798 1250 (ζ’
828 1174 1147 1239 Dominus
1194 1172 1516 1259 Phillipus
1563 1173 1641 1236 de
1688 1171 2087 1236 Foscarariis
2135 1169 2351 1253 legum
2399 1166 2642 1248 doctor,
2905 1161 2910 1174 ⁴
3025 1133 3068 1195 g
3192 1159 3206 1173 '

692 1284 797 1356 (Ῑῖ
827 1281 1145 1345 Dominus
1189 1280 1435 1344 Paulus
1483 1279 1725 1343 domini
1769 1278 2033 1342 Martini
2081 1276 2303 1340 doctor
2346 1274 2586 1359 legum,
2904 1185 2924 1354 1

699 1391 805 1464 (Ῑῖ
833 1388 1152 1452 Dominus
1197 1387 1585 1451 Franciscus
1635 1385 1941 1450 Sasollini
1986 1384 2209 1447 doctor
2253 1382 2492 1466 legum,

697 1500 801 1572 (ιζ
830 1495 1148 1560 Dominus
1195 1494 1559 1558 P-almerius
1607 1494 1829 1558 doctor
1874 1491 2298 1571 decretorum,

699 1608 802 1679 (ῑζ
834 1602 1152 1668 Dominus
1198 1601 1485 1666 Jacobus
1532 1601 1840 1684 Belvixij,

694 1713 799 1785 (Ῑῖ
830 1710 1145 1773 Dominus
1192 1708 1685 1772 Bertholomeus
1731 1707 1810 1771 de
1858 1707 2246 1791 ManzolinO,

698 1821 802 1894 (ιῖ
833 1816 1152 1882 Dominus
1199 1815 1547 1879 Vianixius
1594 1815 1836 1879 domini
1887 1814 2379 1901 Pasipauperij,

682 1929 788 2001 (Π
818 1924 1137 1989 Dominus
1185 1923 1483 1987 Thornax
1531 1922 1609 1987 (10
1662 1922 2056 2005 MarzaloliO,

696 2036 801 2109 (ιῖ
830 2031 1159 2113 Nicolaus,
1208 2030 1624 2094 stationarius
1670 2029 2148 2095 Universitatis.

697 2143 804 2216 (ἵ
833 2138 1231 2224 Minghinus,
1280 2137 1695 2201 stationarius
1741 2136 2095 2202 Petiarum.

698 2251 802 2324 (ιζ’
832 2247 1018 2311 Unus
1064 2245 1358 2309 Bidellus
1404 2244 1726 2331 generalis
1773 2244 2253 2312 Universitatis.

698 2358 803 2430 (ιζ
833 2354 1167 2419 «Iohannes
1216 2352 1493 2436 Cambij,
1540 2352 1956 2416 stationarius
2002 2353 2332 2420 librorum.

2418 1501 2439 1758 1
2515 1662 2619 1726 isti
2666 1667 2816 1724 sunt
2864 1661 2973 1746 (101
3022 1661 3247 1744 legunt
3294 1659 3805 1724 extraordinarie
3853 1666 3917 1723 et
3972 1657 4329 1744 vulgariter

2421 1767 2443 2026 s
2511 1768 2890 1851 Bachalarij
2939 1768 3371 1833 nominantur.

704 2467 809 2538 (Π
839 2461 1156 2526 Dominus
1199 2460 1658 2524 Lambertinus
1703 2458 2041 2545 Rampone
2089 2461 2311 2526 doctor
2365 2464 2602 2549 legum,
2696 2464 2807 2549 qui
2855 2464 3133 2528 debeant
3187 2483 3519 2527 remanere
3581 2469 3868 2549 tempore
3930 2461 4332 2525 exercituum

701 2574 804 2647 (Ιῖ
833 2569 1152 2634 Dominus
1199 2567 1565 2632 Ubaldinus
1598 2567 1677 2631 de
1708 2567 2078 2632 Malavoltis
2112 2569 2333 2634 doctor
2366 2572 2604 2655 legum,
2639 2459 2660 2658 ξ
2697 2578 2761 2635 01
2810 2572 3289 2635 cavalcatarum
3360 2570 3442 2633 ad
3504 2569 3966 2634 consulendum
4034 2567 4330 2632 Vicat-ios

689 2677 1091 2742 dominorum
1140 2674 1490 2740 Potestatis
1537 2681 1601 2738 et
1648 2674 1989 2761 Capitanei
2032 2682 2097 2739 ct
2143 2677 2572 2742 Antianorum
2621 2685 2685 2742 et
2736 2678 3112 2743 Consullum
3159 2676 3382 2763 populi
3421 2675 3833 2740 bononiensis
3865 2681 3930 2739 et
3977 2674 4329 2740 Commune

702 2784 1015 2866 Bononie,
1066 2784 1231 2847 sicut
1276 2790 1340 2846 et
1387 2781 1644 2868 quando
1695 2782 1847 2868 ipsis
1881 2783 2181 2847 Antianis
2214 2792 2277 2848 et
2311 2784 2721 2850 Consullibus
2754 2785 3082 2849 videbitur
3113 2783 3441 2871 expedire,
3476 2783 3657 2847 salvo
3691 2782 3882 2867 quod,
3915 2782 3969 2845 si
4001 2781 4333 2846 habebunt

701 2913 937 2978 equum
984 2892 1049 2954 in
1099 2890 1460 2972 Communi,
1508 2896 1849 2953 teneantur
1896 2896 1960 2953 et
2005 2890 2285 2954 debeant
2332 2893 2550 2956 venire
2598 2892 2701 2956 vel
2754 2892 3009 2955 mittere
3057 2891 3476 2955 sufficientem
3525 2886 3976 2972 rescont[r]um
4018 2889 4159 2953 loco
4192 2910 4330 2971 suo,

707 3021 852 3063 cum
900 3020 1065 3084 equo
1114 3019 1305 3083 quem
1352 2996 1489 3082 ipse
1535 2996 1641 3060 vel
1686 2997 1811 3082 ipsi
1855 2997 2097 3060 habent
2145 2998 2248 3061 vel
2296 2998 2627 3063 habebunt
2674 2999 2739 3062 in
2792 2998 3130 3063 Communi
3179 2997 3590 3081 bononiensi,
3640 2997 4007 3082 asignatum
4053 2996 4157 3059 vel
4206 2995 4330 3059 asi-

700 3106 1051 3191 gnandum,
1100 3113 1218 3169 etc.

2382 3283 2628 3347 XLIX.

2254 3461 2451 3538 1298,
2499 3462 2588 3524 20
2632 3462 2794 3525 iulii.

1874 3654 1979 3720 Ex
2027 3655 2379 3720 Tabulario
2427 3656 2714 3721 Maximo
2761 3657 3161 3739 bononiensi,

962 3764 1025 3827 in
1074 3762 1542 3828 Memorialibus
1591 3762 1896 3826 Milanitti
1939 3763 2015 3826 de
2060 3761 2415 3845 Mimans,
2461 3784 2626 3826 amm
2676 3762 3230 3847 MCCXCVIII.‚
3277 3764 3376 3828 die
3421 3762 3726 3827 XXVII.
3775 3765 3917 3828 iulii
3948 3762 4045 3827 (¹).

877 3961 1210 4025 Discretus
1257 3959 1357 4023 vir
1407 3959 1702 4023 dominus
1752 3958 2074 4043 Ugolinus
2125 3958 2203 4022 de
2252 3959 2735 4042 Montezanico,
2799 3966 3179 4045 procurator
3227 3960 3537 4047 sapientis
3584 3960 3708 4023 viri
3771 3959 4012 4025 domini
4058 3959 4215 4024 Dini
4260 3959 4339 4024 (10

704 4069 992 4133 Muxello
1037 4068 1256 4153 legum
1304 4067 1604 4149 doctoris,
1654 4066 1900 4130 habens
1949 4066 2030 4130 ad
2078 4065 2492 4152 infrascripta
2523 4066 2785 4152 plenum
2819 4067 3213 4149 mandatum,
3248 4074 3438 4153 prout
3470 4067 3549 4131 de
3584 4068 3726 4154 ipso
3760 4067 4063 4133 mandato
4097 4074 4162 4132 01
4191 4089 4339 4154 pro-

702 4176 1033 4241 curatione
1080 4181 1257 4260 patet
1305 4196 1388 4237 ex
1435 4175 1859 4238 instrumento
1907 4174 2144 4258 scripto
2193 4194 2389 4236 manu
2435 4173 2711 4237 Blanchi
2760 4174 2994 4259 notarij
3045 4195 3082 4237 a
3131 4196 3232 4238 me
3280 4175 3530 4239 notario
3577 4176 3716 4240 viso
3765 4181 3829 4239 et
3861 4175 4048 4258 lecto,
4083 4175 4340 4240 nomine

704 4284 860 4348 dicti
905 4282 1146 4347 domini
1194 4282 1347 4346 Diui
1398 4281 1690 4368 promisit
1736 4303 1851 4367 per
1900 4281 2402 4366 stipulationem,
2452 4282 2589 4345 sine
2637 4283 2856 4367 aliqua
2903 4283 3283 4369 exceptione
3311 4283 3476 4366 juris
3523 4283 3628 4346 vel
3675 4282 3830 4348 facti
3879 4305 3947 4347 se
3992 4282 4339 4369 obligando

703 4390 982 4455 Arnulfo
1030 4389 1354 4475 quondam
1401 4389 1443 4452 J
1449 4389 1756 4452 ohannini
1805 4389 2075 4470 notari0,
2125 4388 2280 4452 dare
2329 4396 2392 4452 et
2439 4389 2688 4453 solvere
2722 4410 2799 4453 00
2831 4390 3167 4453 restituere
3201 4390 3430 4474 eidem,
3466 4397 3577 4454 aut
3610 4412 3726 4454 suo
3761 4398 3935 4455 certo
3971 4391 4202 4454 nuncio
4234 4391 4340 4455 vel

707 4499 848 4583 ejus
878 4497 1246 4579 heredibus,
1273 4495 1402 4561 CL.
1431 4497 1630 4560 libras
1664 4496 2149 4565 bononenorum
2184 4495 2333 4559 hinc
2366 4495 2447 4559 ad
2481 4495 2642 4559 duos
2674 4517 2927 4560 menses
2961 4497 3253 4582 proxime
3285 4504 3593 4561 venturos
3626 4497 3690 4561 in
3726 4498 3985 4562 civitate
4011 4497 4338 4581 Bononie;

708 4626 901 4690 quam
946 4603 1217 4690 pecunie
1266 4603 1694 4688 quantitatem
1741 4602 1947 4667 dictus
1998 4602 2296 4665 dominus
2341 4602 2685 4688 Ugolinus,
2736 4610 3114 4688 procurator
3161 4603 3315 4667 dicti
3360 4604 3601 4667 domini
3633 4603 3810 4687 Diui,
3844 4610 3914 4667 ut
3948 4604 4188 4668 dictum
4222 4611 4339 4686 est,

706 4712 1038 4776 confessus
1084 4718 1149 4774 et
1195 4716 1538 4774 contentus
1589 4710 1709 4773 fuit
1755 4709 2059 4773 habuisse
2107 4716 2171 4773 et
2218 4710 2558 4795 recepisse,
2594 4731 2668 4773 ac
2716 4710 2842 4774 sibi
2875 4710 3131 4774 nomine
3163 4710 3319 4774 dicti
3351 4710 3593 4775 domiui
3624 4710 3782 4775 Diui
3813 4712 4063 4796 integre
4097 4712 4340 4794 datum,

706 4819 985 4882 solutum
1033 4825 1097 4880 et
1148 4823 1555 4880 numeratum
1605 4817 1802 4880 fuisse
1851 4816 1933 4879 ab
1982 4816 2208 4879 eodem
2256 4815 2533 4880 Arnulfo
2583 4838 2666 4879 ex
2714 4837 2911 4880 causa
2956 4817 3162 4880 mutui
3208 4817 3287 4880 (10
3334 4838 3498 4904 pura
3568 4825 3740 4881 sorte
3810 4824 3875 4881 et
3936 4818 4148 4903 gratia
4194 4840 4338 4904 spe-

709 4925 876 5008 ciali,
923 4925 1169 4989 scilicet
1214 4932 1468 4988 centum
1518 4923 1718 4987 libras
1765 4945 1881 5009 pro
1930 4923 2142 4987 dando
2191 4929 2255 4986 ct
2302 4922 2629 4988 offerendo
2679 4945 2874 5010 super
2921 4924 3125 4987 altare
3173 4924 3546 4988 monasterii
3593 4925 3801 4988 sancti
3846 4924 4232 4990 Columbani
4262 4924 4341 4989 (10

706 5031 1024 5114 Βο00010,
1073 5038 1137 5094 01
1185 5051 1345 5115 quas
1398 5037 1654 5093 centum
1702 5029 1901 5093 libras
1950 5029 2086 5114 ipse
2135 5029 2432 5093 dominus
2480 5029 2803 5114 Ugolinus
2851 5030 2929 5093 de
2978 5030 3177 5115 ipsius
3239 5030 3480 5095 domini
3529 5031 3698 5096 Dino
3763 5032 4103 5115 maudat0,
4167 5031 4343 5095 dedit

708 5138 1033 5202 abbatisse
1082 5144 1145 5201 et
1192 5136 1583 5201 monialibus
1630 5136 1783 5199 dicti
1831 5136 2205 5199 monasterii
2265 5136 2470 5199 sancti
2538 5136 2928 5201 Culumbani
2974 5136 3053 5200 de
3099 5136 3438 5220 Bononia,
3484 5138 3782 5224 ponendo
3853 5147 3917 5203 et
3964 5138 4342 5204 dimittendo

709 5267 819 5310 eas
867 5266 1063 5330 supra
1111 5245 1351 5309 dictum
1402 5244 1606 5307 altare
1656 5244 1720 5307 in
1771 5244 2095 5330 presentia
2143 5242 2469 5335 abbatisse
2516 5251 2580 5306 et
2625 5244 2999 5308 monialium
3048 5245 3306 5308 nomine
3355 5244 3718 5329 oblationis,
3752 5246 4001 5310 ratione
4048 5252 4113 5309 01
4160 5267 4342 5311 0000-

709 5353 886 5417 sione
933 5351 1189 5416 domine
1236 5351 1413 5433 Bice,
1464 5351 1687 5414 uxoris
1733 5351 1886 5414 dicti
1933 5349 2175 5413 domini
2223 5349 2397 5432 Dini,
2447 5371 2569 5435 que
2620 5357 2770 5414 tunc
2816 5351 3123 5437 temporis
3170 5351 3371 5437 ipsius
3405 5352 3748 5416 oblationis
3782 5353 4128 5440 assumpsit
4160 5352 4342 5417 habi-

707 5466 845 5524 tum
892 5459 1224 5544 religionis
1274 5458 1338 5522 in
1389 5458 1780 5522 monasterio
1833 5457 2152 5543 prelibato
2200 5466 2350 5520 ante
2399 5457 2640 5521 dictum
2686 5459 2913 5541 altare,
2948 5465 3011 5522 et
3057 5458 3220 5521 alias
3252 5458 3723 5545 quinquaginta
3755 5459 3975 5543 libras,
4011 5481 4172 5546 quas
4205 5461 4341 5547 ipse

710 5566 1004 5631 dominus
1050 5565 1374 5651 Ugolinus
1425 5565 1629 5652 ipsius
1677 5564 1920 5628 domini
1964 5563 2119 5627 Dini
2167 5564 2492 5647 mandato,
2541 5565 2733 5628 solvit
2780 5586 2856 5629 ac
2901 5565 3077 5629 dedit
3123 5565 3188 5629 in
3235 5565 3634 5630 vestimentis
3681 5573 3745 5630 et
3792 5567 3935 5630 aliis
3969 5566 4198 5653 pannis
4231 5589 4344 5632 ne·

710 5673 1005 5739 cessariis
1052 5673 1176 5758 ipsi
1225 5671 1480 5736 domine
1530 5671 1686 5736 Bice
1735 5672 1797 5735 in
1836 5672 2006 5736 dicto
2040 5670 2451 5754 monasterio,
2489 5694 2633 5735 cum
2664 5672 2892 5759 pactis,
2925 5673 3129 5758 penis,
3155 5672 3706 5759 promissionibus,
3742 5672 4245 5759 obligationibus
4276 5674 4342 5739 in

711 5781 850 5867 ipso
897 5781 1323 5844 instrumento
1373 5778 1709 5864 appositis,
1758 5800 1841 5842 ex
1889 5777 2330 5842 instrumentis
2380 5777 2701 5841 «Iohannis
2748 5780 3044 5865 magistri
3088 5779 3268 5843 Petri
3313 5779 3611 5844 Barberii
3659 5780 3738 5844 de
3785 5780 4039 5845 Unzola
4087 5782 4342 5865 notarii,

710 5887 901 5953 hodie
950 5887 1122 5950 facto
1170 5885 1464 5950 Bononie
1514 5887 1579 5949 in
1627 5887 1872 5972 palatio
1918 5885 2312 5972 Episcopali,
2363 5886 2772 5971 presentibus
2817 5886 3119 5951 Vandino
3168 5886 3492 5972 quondam
3524 5886 3766 5951 domini
3798 5887 4052 5952 Alberti
4086 5887 4165 5952 de
4196 5888 4341 5953 Ρ10-

710 5993 988 6081 cigottis,
1022 5993 1364 6058 Matthiolo
1413 5992 1655 6058 domini
1701 5993 2065 6057 Benveuuti
2099 5993 2178 6057 (10
2211 5994 2595 6079 RognaticO,
2620 5993 2855 6078 Ugone
2887 5993 3312 6080 Borghexaui
3345 5994 3597 6058 notario
3630 5995 3819 6059 officii
3853 5996 4341 6079 memorialium,

709 6100 1017 6167 Petronio
1063 6101 1243 6164 Petri
1290 6100 1528 6164 Belicti
1577 6101 1852 6182 notario,
1899 6100 2293 6170 Princivalle
2339 6100 2418 6164 de
2463 6101 2842 6185 Piccigottis
2890 6101 3182 6184 testibus,
3231 6107 3295 6164 et
3341 6102 3432 6165 sic
3480 6101 3634 6166 dicti
3679 6102 4130 6176 contrahentes
4164 6102 4345 6167 dixe·

711 6214 862 6272 runt
909 6214 974 6271 et
1020 6207 1216 6272 scribi
1261 6206 1556 6272 feceruut
1602 6228 1735 6271 una
1782 6229 1927 6271 cum
1975 6206 2145 6272 dicto
2193 6206 2488 6289 notario;
2537 6215 2601 6271 et
2647 6215 2866 6294 partes
2915 6208 3172 6292 cognite
3219 6207 3479 6272 fuerunt
3525 6229 3565 6271 a
3610 6207 3780 6273 (11010
3828 6209 4099 6273 notario.

874 6439 951 6504 (1)
991 6437 1080 6489 Sic
1120 6436 1281 6489 Sarti.
1322 6436 1428 6488 Sed
1466 6437 1522 6487 in
1563 6437 1973 6489 Memorialibus
2010 6437 2282 6489 Mz'lam'tte‘
2314 6437 2418 6489 hoo
2458 6441 2659 6502 actum,
2699 6454 2841 6489 0000
2880 6454 2986 6507 (100
3024 6454 3207 6507 supra,
3247 6453 3354 6489 nou
3394 6438 3594 6490 inveni.
3631 6439 3704 6503 (c.
3733 6442 3815 6504 M.)
