5542 7775
1244 633 1279 701 1
1296 632 1338 703 3
1352 633 1395 701 4
2815 648 3304 699 MONUMENTA

1222 807 1601 893 frequenter
1647 806 1954 892 pacificus
2004 811 2210 869 status
2259 805 2547 870 locorum
2596 826 2712 870 suo
2759 804 3061 890 regimini
3109 802 3594 868 commissorum
3642 804 3973 887 evertitur,
4007 812 4073 869 et
4111 806 4310 870 multe
4344 806 4638 872 oriuntur
4669 811 4879 894 noxie,

1218 916 1567 995 novitates,
1618 913 1927 1000 expedire
1974 913 2423 998 cognoscimus
2471 919 2543 976 nt
2591 912 2657 975 in
2703 911 2863 977 locis
2911 911 3203 976 Ecclesic
3250 931 3515 975 romane
3577 911 3886 996 subjectis
3932 913 4275 996 novitates,
4324 934 4407 977 ex
4455 916 4688 1002 quibus
4735 940 4880 1004 pos-

1216 1028 1368 1087 sunt
1414 1021 1568 1085 oriri
1613 1020 1934 1107 pericula,
1969 1027 2283 1106 quantum
2332 1042 2475 1085 cum
2524 1019 2667 1085 Deo
2715 1040 3057 1106 possumus
3103 1018 3451 1082 salubriter
3497 1019 3833 1084 evitemus,
3867 1019 4020 1105 Hijs
4062 1020 4260 1106 igitur
4307 1022 4478 1087 circa
4526 1027 4878 1091 novitatem

1203 1129 1545 1194 vitandam
1591 1129 1657 1192 in
1710 1128 2026 1214 regimine
2094 1127 2376 1192 civitatis
2423 1134 2639 1193 nostre
2688 1127 3106 1191 bononiensis
3152 1126 3216 1190 in
3265 1126 3646 1191 scrutinium
3706 1128 4238 1194 considerationis
4288 1139 4502 1196 nostre
4551 1131 4876 1218 deductis,

1206 1238 1601 1302 fraternitati
1646 1244 1780 1320 tue,
1831 1235 1909 1300 de
1959 1256 2087 1321 qua
2131 1235 2394 1322 plenam
2442 1236 2508 1299 in
2555 1234 2840 1300 Domino
2885 1234 3187 1299 fiduciam
3236 1235 3543 1319 gerimus,
3591 1237 3987 1323 presentium
4032 1244 4257 1303 tenore
4305 1240 4760 1306 committimus
4806 1251 4873 1307 et

1203 1345 1609 1428 mandamus,
1644 1352 1971 1430 quatenus
2023 1365 2170 1408 cum
2214 1343 2558 1429 possessio,
2592 1349 2658 1407 et
2689 1342 2899 1429 quasi,
2934 1342 3215 1406 civitatis
3263 1342 3698 1426 bononiensis,
3747 1344 4089 1409 comitatus
4135 1353 4201 1410 et
4246 1347 4574 1413 districtus
4606 1358 4671 1413 et
4716 1351 4875 1416 alio-

1210 1475 1353 1518 rum
1392 1452 1643 1537 jurium
1686 1452 1879 1537 juxta
1927 1458 2217 1516 tenorem
2264 1457 2329 1515 et
2375 1450 2651 1515 sormam
2710 1450 3048 1514 literarum
3114 1458 3482 1515 nostrarum
3542 1473 3738 1538 super
3792 1453 4312 1519 reconciliatione
4373 1455 4871 1543 Universitatis,

1208 1560 1430 1647 populi
1479 1567 1544 1624 et
1591 1559 1968 1625 Communis
2020 1558 2301 1623 civitatis
2348 1557 2641 1643 ejusdem
2683 1557 2997 1622 hactenus
3048 1557 3509 1641 confectarum,
3543 1559 3740 1623 fuerit
3783 1559 3968 1624 nobis
4016 1567 4081 1624 et
4113 1582 4377 1626 romane
4408 1563 4720 1648 Ecclesie,
4757 1588 4872 1631 seu

1204 1668 1363 1751 tibi,
1411 1689 1603 1754 quem
1652 1667 1736 1730 ad
1793 1665 1856 1730 id
1905 1687 2022 1753 per
2068 1666 2232 1730 alias
2280 1672 2533 1730 nostras
2581 1665 2805 1729 literas
2852 1664 3297 1751 deputandum
3346 1665 3781 1751 providimus,
3831 1673 4051 1732 nostro
4110 1676 4175 1733 et
4237 1670 4529 1754 ejusdem
4582 1672 4872 1739 Ecclesic

1206 1796 1474 1841 romane
1522 1781 1588 1838 et
1634 1795 2083 1839 successorum
2134 1780 2497 1839 nostrorum
2543 1772 2803 1838 nomine
2851 1772 3170 1855 restituta,
3221 1780 3284 1837 et
3331 1774 3673 1839 ratificatio
3719 1775 4005 1838 omnium
4051 1783 4117 1840 et
4158 1777 4561 1863 singulorum
4609 1788 4869 1845 conten·

1209 1892 1423 1947 torum
1471 1883 1537 1946 in
1585 1883 1740 1968 ipsis
1787 1882 2019 1965 literis,
2068 1882 2268 1945 salvis
2315 1879 2701 1966 quibusdam
2747 1880 3317 1963 declarationibus,
3352 1881 3901 1947 moderationibus
3948 1890 4012 1948 et
4058 1885 4572 1970 suppletionibus
4617 1889 4872 1953 noviter

1209 2012 1329 2077 per
1376 2012 1492 2055 nos
1538 1990 1727 2054 factis
1775 2011 1976 2076 super
2022 1989 2213 2054 certis
2262 1988 2549 2053 articulis
2595 1989 2914 2052 contentis
2966 1988 3030 2051 in
3078 1988 3282 2052 literis
3337 1990 3741 2072 memoratis,
3789 1997 3980 2077 prout
4027 1991 4092 2055 in
4140 1992 4344 2056 literis
4391 1995 4628 2058 nostris
4674 2018 4870 2082 snper

1208 2097 1338 2183 hijs
1386 2097 1694 2161 consectis
1741 2097 2001 2183 plenius
2048 2096 2431 2178 continetur,
2465 2095 2634 2160 infra
2683 2095 2998 2159 kalendas
3048 2096 3285 2159 mensis
3332 2097 3716 2183 septembris
3763 2098 4056 2184 proxime
4104 2099 4356 2164 futuras
4403 2101 4600 2165 fuerit
4645 2104 4870 2168 subse-

1209 2212 1379 2287 cuta,
1414 2204 1681 2269 Thadeo
1715 2204 1794 2268 de
1842 2203 2134 2291 Pepulis,
2172 2204 2392 2289 legum
2437 2203 2704 2285 doctori,
2739 2204 2865 2267 civi
2913 2202 3315 2287 bononiensi,
3350 2205 3534 2289 cujus
3566 2205 3933 2289 provisione
3966 2213 4031 2270 et
4061 2206 4401 2291 diligentia
4430 2208 4583 2273 dicti
4616 2211 4867 2295 civitas,

1209 2314 1551 2377 comitatus
1585 2320 1649 2376 et
1681 2312 2032 2395 districtus,
2067 2313 2233 2376 sicut
2265 2311 2695 2393 Universitas,
2728 2310 3009 2397 populus
3042 2318 3108 2375 et
3140 2311 3494 2375 Commune
3528 2312 3955 2378 bononienses
3988 2314 4173 2379 nobis
4204 2336 4322 2401 per
4353 2337 4573 2380 eorum
4623 2318 4868 2402 literas,

1209 2442 1329 2486 nec
1377 2442 1506 2485 non
1553 2441 1670 2500 per
1720 2420 2064 2504 magistros
2116 2419 2385 2483 Petrum
2431 2418 2510 2482 de
2556 2418 2925 2505 Bonpetris,
2975 2418 3195 2504 legum
3241 2418 3590 2502 doctorem,
3639 2441 3716 2484 ac
3760 2419 4291 2486 Bonaventuram
4337 2423 4659 2507 Jacobini,
4694 2426 4867 2491 cives

1208 2528 1661 2611 bononienses,
1709 2527 1992 2592 sindicos
2042 2534 2105 2591 et
2150 2534 2603 2614 procuratores
2650 2548 2895 2608 eorum,
2947 2526 3030 2590 ad
3079 2548 3194 2590 nos
3242 2534 3306 2591 et
3355 2526 3588 2591 Sedem
3637 2529 4060 2614 apostolicam
4107 2530 4483 2614 destinatos,
4518 2533 4866 2600 sindicario

1211 2644 1279 2701 et
1326 2637 1770 2724 procuratorio
1816 2638 2078 2701 nomine
2125 2636 2439 2701 dictorum
2491 2635 3016 2699 constituentium
3074 2635 3488 2717 intimarunt,
3537 2635 3799 2700 fuerunt
3860 2636 4173 2701 hactenus
4237 2638 4300 2702 in
4364 2646 4536 2703 statu
4598 2642 4866 2726 pacifico

1211 2746 1596 2827 conservati,
1630 2753 1694 2809 et
1741 2752 2008 2831 sperant
2058 2744 2493 2808 verisimiliter
2539 2764 2607 2806 se
2656 2743 3075 2829 imposterum
3125 2743 3619 2825 conservandos,
3654 2751 3718 2808 et
3765 2744 3846 2808 ob
3891 2745 4014 2809 hoc
4062 2744 4258 2830 ijdem
4289 2746 4719 2832 Universitas,
4752 2772 4867 2836 po·

1204 2853 1396 2939 pnlus
1443 2860 1509 2917 et
1556 2852 1931 2935 Commune,
1967 2852 2046 2916 de
2100 2852 2300 2937 ipsius
2334 2850 2584 2915 Thadei
2625 2851 2938 2935 regimine
2971 2856 3458 2933 contententur3
3494 2851 3782 2915 volentes
3815 2852 4251 2935 nihilominus,
4286 2861 4352 2919 et
4390 2857 4864 2922 consentientes

1205 2982 1511 3047 expresse
1557 2981 1675 3046 per
1720 2960 1982 3023 eosdem
2032 2959 2314 3023 sindicos
2363 2966 2427 3021 et
2472 2966 2923 3044 procuratores
2970 2958 3284 3022 habentes
3333 2958 3416 3022 ad
3464 2958 3583 3022 hoc
3632 2959 3912 3044 speciale
3959 2961 4355 3043 mandatum,
4389 2970 4461 3027 nt
4501 2985 4584 3027 ex
4631 2986 4862 3050 procu·

1203 3068 1445 3132 ratorio
1492 3066 1865 3132 eorumdem
1911 3066 2249 3131 evidenter
2297 3074 2588 3152 apparet,
2624 3066 2796 3151 quod
2844 3066 2908 3129 in
2956 3065 3244 3129 archivio
3294 3087 3559 3130 romane
3607 3066 3898 3131 Ecclesic
3946 3066 4218 3132 facimus
4265 3072 4655 3155 conservari,
4691 3074 4859 3159 quod

1206 3174 1405 3259 ijdem
1450 3174 1728 3260 populus
1777 3181 1841 3237 et
1886 3172 2244 3238 Commune
2293 3172 2375 3235 ad
2424 3172 2808 3236 solutionem
2857 3193 3086 3236 census
3135 3172 3319 3236 nobis
3354 3179 3418 3235 et
3450 3173 3925 3237 successoribus
3973 3174 4229 3257 nostris,
4264 3196 4339 3239 ac
4374 3176 4665 3261 Collegio
4697 3178 4858 3243 Fra·

1203 3291 1376 3347 trum
1424 3288 1792 3346 nostrorum
1838 3288 2060 3345 sancte
2109 3302 2375 3344 romane
2423 3279 2711 3344 Ecclesic
2760 3280 3204 3345 Cardinalium
3252 3279 3453 3343 debiti
3508 3280 3873 3345 faciendam
3922 3282 4118 3345 etiam
4165 3282 4536 3367 hujusmodi
4574 3288 4859 3371 presenti

1204 3390 1618 3456 concessione
1667 3389 1941 3453 durante
1988 3394 2370 3452 remaneant
2422 3387 2712 3472 obligati,
2748 3394 2817 3451 tu
2865 3386 3111 3473 absque
3159 3388 3289 3451 alia
3338 3388 3774 3452 nominatione
3823 3388 3901 3453 de
3949 3389 4088 3475 ipso
4134 3411 4251 3475 per
4288 3390 4494 3457 dictos
4525 3392 4858 3458 Universi·

1204 3505 1443 3581 tatem,
1492 3498 1804 3584 populum
1851 3503 1916 3560 et
1964 3495 2320 3561 Commune
2368 3494 2700 3576 facienda,
2749 3494 2929 3581 prius
2976 3502 3195 3559 tamen
3244 3496 3471 3560 eodem
3518 3495 3784 3561 Thadeo
3833 3518 3872 3560 a
3936 3497 4280 3581 cujuslibet
4341 3502 4857 3565 excommunica-

1203 3606 1397 3671 tionis
1453 3605 1774 3669 sententia
1831 3604 1936 3668 vel
2002 3604 2376 3688 sententijs,
2426 3603 2659 3689 quibus
2708 3609 2971 3690 propter
3017 3609 3322 3667 contenta
3386 3604 3453 3668 in
3514 3603 3716 3667 literis
3781 3604 4321 3669 reconciliationis
4383 3607 4708 3692 predicte,
4754 3610 4857 3673 vel

1203 3712 1589 3777 anctoritate
1637 3718 2005 3776 nostrorum
2051 3732 2467 3797 processuum
2519 3710 2928 3797 postmodum
2989 3718 3381 3793 secutorum,
3436 3711 3574 3775 fore
3637 3711 3922 3775 noscitur
3983 3710 4329 3775 innodatus
4375 3721 4521 3799 post
4565 3716 4857 3801 predicta

1202 3841 1320 3908 per
1365 3827 1429 3884 te
1478 3819 1767 3907 plenarie
1815 3818 2181 3883 executioni
2230 3817 2569 3898 mandata,
2618 3817 2816 3880 salvis
2864 3816 3437 3900 declarationibus,
3486 3816 4033 3882 moderationibus
4081 3824 4145 3883 et
4190 3820 4705 3907 suppletionibus
4751 3846 4857 3889 su·

1202 3928 1529 4016 predictiS,
1563 3928 1947 3992 auctoritate
1994 3934 2216 3991 nostra
2257 3927 2451 4010 juxta
2497 3925 2773 3989 formam
2820 3925 3112 3990 Ecclesic
3161 3926 3479 4008 absoluto,
3514 3934 3579 3990 et
3612 3926 3917 4011 injunctis
3957 3927 4079 3991 sibi
4112 3949 4306 4015 super
4339 3929 4466 4014 hijs
4497 3933 4856 4016 penitentia

1205 4036 1477 4100 salutari
1525 4041 1588 4099 et
1636 4035 1785 4119 alijs
1834 4056 1958 4120 que
2007 4034 2086 4098 de
2128 4035 2276 4119 jure
2325 4033 2566 4097 fuerint
2614 4033 3032 4119 iniungenda,
3074 4032 3695 4097 admidistrationem
3742 4034 4100 4120 plenariam
4139 4036 4383 4120 jurium
4432 4045 4498 4101 et
4541 4038 4858 4104 bonorum

1204 4144 1285 4208 ad
1335 4143 1630 4207 eamdem
1674 4142 2034 4206 Ecclesiam
2085 4142 2147 4205 in
2196 4141 2478 4222 civitate,
2529 4141 2836 4205 comitatu
2886 4149 2951 4205 et
2998 4140 3291 4205 districtu
3339 4141 3642 4228 predictis
3688 4143 4148 4228 pertinentium
4188 4143 4541 4229 gerendam
4574 4154 4638 4210 et
4669 4168 4855 4213 exer·

1205 4251 1479 4317 cendam
1520 4273 1639 4336 per
1686 4250 1965 4314 eundem
2013 4248 2373 4330 Thadenm,
2410 4248 2665 4312 nomine
2714 4257 2780 4311 et
2826 4248 2965 4312 vice
3015 4249 3251 4312 nostris
3299 4256 3364 4313 et
3403 4248 3693 4313 Ecclesie
3727 4257 4099 4332 memorate,
4133 4272 4337 4337 usqne
4380 4251 4463 4315 ad
4510 4254 4856 4320 triennium

1204 4358 1561 4445 apostolica
1610 4357 1993 4421 auctoritate
2041 4356 2394 4438 concedas,
2444 4356 2730 4441 exceptis
2779 4363 3183 4419 sacramento
3231 4355 3559 4420 fidelitatis
3607 4378 3647 4420 a
3692 4356 4025 4421 Potestate
4072 4364 4138 4422 et
4184 4357 4561 4444 Capitane0,
4597 4363 4856 4446 quando

1207 4466 1382 4530 cives
1429 4465 1858 4529 bononienses
1899 4486 2015 4550 per
2048 4463 2475 4549 Capitaneum
2509 4463 2647 4548 regi
2682 4463 3024 4546 voluerint,
3060 4463 3419 4549 ceterisque
3454 4463 3832 4528 officialibus
3864 4471 3930 4529 et
3961 4465 4212 4532 civibus
4244 4467 4523 4533 civitatis
4571 4470 4862 4554 ejusdem

1204 4575 1612 4661 recipiendo,
1663 4595 1780 4637 nec
1828 4593 1956 4636 non
2003 4572 2285 4636 dominio
2335 4592 2409 4635 ac
2460 4592 2635 4635 mero
2684 4579 2749 4635 et
2796 4572 2998 4635 mixto
3045 4571 3346 4657 imperio,
3388 4571 3836 4656 jurisdictione
3883 4580 3949 4637 et
3995 4574 4468 4661 superioritate,
4518 4586 4582 4641 et
4629 4577 4860 4642 horum

1207 4682 1648 4768 recognitione
1698 4680 2023 4762 civitatis,
2073 4679 2415 4743 comitatus
2463 4686 2528 4743 et
2574 4679 2902 4744 districtus
2948 4679 3420 4765 predictorum,
3468 4678 3552 4742 ad
3599 4701 3714 4743 nos
3761 4689 3825 4743 et
3871 4680 4110 4745 dictam
4155 4681 4516 4748 Ecclesiam
4561 4693 4857 4771 spectan-

1200 4791 1395 4874 tibus,
1430 4811 1660 4855 census
1709 4809 1965 4875 quoque
2016 4788 2215 4851 annui
2263 4786 2450 4851 nobis
2499 4794 2563 4850 et
2610 4787 3087 4851 successoribus
3138 4786 3373 4850 nostris
3416 4808 3489 4851 ac
3539 4785 3828 4872 Collegio
3875 4787 4178 4853 Fratrum
4225 4797 4591 4856 nostrorum
4637 4801 4858 4858 sancte

1203 4918 1468 4964 romane
1515 4896 1807 4961 Ecclesic
1856 4894 2304 4961 Cardinalium
2367 4894 2449 4958 ab
2516 4895 2761 4958 eisdem
2823 4894 3072 4959 civibus
3133 4893 3502 4980 prestandi,
3554 4915 3629 4957 ac
3677 4895 3873 4959 etiam
3936 4896 4393 4961 mittendorum
4441 4899 4732 4984 equitum
4778 4901 4860 4965 ad

1204 5005 1540 5071 servitium
1586 5002 1879 5088 ejusdem
1923 5022 2190 5065 romane
2238 5001 2558 5084 Ecclesie,
2608 5001 2977 5086 receptione
3041 5001 3410 5066 officialium
3467 5023 3722 5088 quoque
3788 5001 3872 5065 ad
3911 5003 4426 5087 jurisdictionem
4489 5005 4860 5091 hujusmodi

1202 5116 1342 5179 vice
1393 5121 1460 5177 et
1507 5112 1764 5176 nomine
1812 5131 2076 5174 romane
2125 5109 2414 5174 Ecclesic
2464 5109 2915 5190 exercendam,
2965 5115 3031 5171 et
3077 5108 3616 5172 administratoris
3657 5109 3902 5194 jurium
3949 5116 4015 5174 et
4056 5111 4371 5175 bonorum
4402 5113 4861 5179 Universitatis

1200 5221 1495 5307 ejusdem
1541 5240 1658 5306 per
1709 5217 2065 5283 Commune
2113 5224 2178 5282 et
2224 5217 2534 5304 populum
2581 5216 3011 5281 bononienses
3058 5214 3616 5299 nominandorum,
3650 5223 3716 5280 et
3747 5238 3862 5303 per
3895 5216 4099 5302 ipsam
4135 5240 4467 5282 romanam
4498 5219 4855 5285 Ecclesiam

1201 5328 1671 5415 eligendorum,
1720 5326 2187 5413 ponendorum,
2240 5324 2834 5389 constituendorum
2883 5345 2996 5388 seu
3046 5322 3591 5409 deputandorum,
3641 5325 3976 5406 electione,
4017 5326 4354 5410 positione,
4405 5328 4858 5393 constitutione

1205 5443 1271 5500 et
1318 5435 1736 5522 deputatione
1786 5433 2119 5516 faciendis,
2169 5441 2233 5496 et
2282 5432 2428 5515 alijs
2470 5432 2726 5516 juribus
2773 5431 3092 5495 universis
3141 5432 3650 5517 competentibus
3699 5431 3764 5495 in
3812 5431 4095 5514 civitate,
4129 5434 4438 5497 comitatu
4469 5441 4536 5498 et
4566 5434 4858 5499 districtu

1199 5542 1705 5608 bononiensibus
1752 5540 1961 5605 eidem
2008 5561 2275 5604 romane
2325 5539 2637 5622 Ecclesie,
2673 5539 3028 5603 secundum
3061 5538 3229 5624 quod
3280 5539 3341 5602 in
3392 5538 3579 5602 dictis
3626 5539 3829 5602 literis
3876 5560 4071 5625 super
4118 5539 4289 5604 dicta
4334 5542 4857 5606 reconciliatione

1200 5650 1533 5732 confectiS,
1583 5649 1896 5736 premissa
1943 5649 2199 5734 plenius
2251 5647 2721 5732 exprimuntur,
2757 5668 2882 5732 que
2932 5647 3148 5709 omnia
3194 5646 3378 5710 nobis
3425 5646 3740 5732 dictisque
3789 5647 4265 5711 successoribus
4313 5654 4378 5711 et
4424 5669 4689 5713 romane
4733 5648 4857 5714 Ec-

1205 5759 1402 5824 clesic
1452 5757 1857 5842 integraliter
1905 5776 2330 5836 reservamus,
2380 5776 2631 5839 queque
2680 5761 2872 5840 prout
2918 5754 3036 5817 hec
3083 5754 3147 5817 in
3197 5754 3383 5817 dictis
3429 5754 3632 5816 literis
3680 5776 3873 5839 super
3919 5754 4090 5818 dicta
4135 5755 4657 5820 reconciliatione
4705 5777 4850 5820 con-

1204 5867 1392 5931 fectis
1438 5865 1693 5951 plenius
1742 5863 2170 5944 continentur,
2204 5883 2321 5947 per
2370 5884 2484 5926 nos
2534 5869 2598 5925 et
2645 5861 2848 5926 dictos
2897 5883 3299 5926 successores
3348 5883 3422 5925 ac
3471 5861 3763 5925 eamdem
3811 5882 4146 5926 romanam
4190 5861 4573 5945 Ecclesiam,
4616 5885 4727 5927 seu
4777 5864 4855 5927 de

1201 5974 1508 6038 mandato
1558 5979 1777 6036 nostro
1827 5978 1891 6035 et
1938 5970 2258 6033 dictorum
2307 5990 2749 6034 successorum
2805 5977 2870 6033 et
2916 5969 3206 6052 ejusdem
3252 5968 3565 6051 Ecclesie,
3601 5990 3729 6032 non
3777 5975 3993 6032 tamen
4041 5990 4158 6054 per
4190 5969 4488 6033 eumdem
4520 5969 4860 6034 Thadeum

1202 6082 1346 6146 fieri
1393 6081 1692 6145 volumus
1740 6086 1805 6143 et
1850 6079 2047 6143 etiam
2094 6077 2423 6158 exerceri,
2472 6077 2669 6139 salvis
2718 6076 3298 6158 declarationibus,
3348 6076 3895 6141 moderationibus
3951 6082 4014 6140 et
4062 6076 4576 6161 suppletionibus
4633 6099 4857 6163 snpra-

1206 6190 1396 6254 dictis
1444 6209 1605 6275 quas
1655 6188 1950 6252 volumus
1999 6184 2349 6250 observari.
2399 6184 2805 6271 Recepturus
2852 6185 2933 6247 ab
2982 6184 3208 6248 eodem
3257 6183 3544 6264 Thadeo,
3602 6190 3819 6247 nostro
3875 6193 3940 6247 et
3984 6204 4426 6247 successorum
4492 6190 4854 6248 nostrorum

1205 6320 1282 6362 ac
1330 6297 1624 6382 ejusdem
1671 6296 1963 6360 Ecclesic
2010 6314 2277 6358 romane
2327 6293 2605 6375 nomine,
2632 6294 3075 6377 juramentum
3114 6291 3444 6355 fidelitatis
3478 6291 3691 6355 debite
3725 6291 3844 6355 sub
3877 6292 3999 6354 hac
4031 6291 4277 6354 forma:
4323 6316 4354 6348 ι
4387 6290 4521 6378 Eyo
4561 6291 4860 6356 Thadeus

1204 6406 1281 6471 de
1328 6404 1581 6490 Pepulis
1611 6405 1790 6489 jure,
1832 6402 1996 6488 quod
2037 6401 2113 6466 ab
2157 6401 2272 6466 hac
2316 6400 2469 6463 hora
2516 6402 2581 6462 in
2627 6408 2808 6463 antea
2846 6400 3049 6483 fidelis
3092 6406 3146 6462 et
3190 6398 3466 6462 obediens
3511 6420 3614 6463 ero
3659 6398 3824 6463 beato
3873 6397 4055 6462 Petro
4087 6400 4366 6483 principi
4403 6398 4856 6483 Apostolorum,

1204 6521 1259 6579 et
1303 6514 1679 6577 sanctissimo
1719 6512 1889 6596 patri
1934 6511 2178 6575 domino
2236 6529 2366 6572 meo
2420 6508 2665 6570 domino
2727 6505 3054 6571 Beneclicto
3103 6528 3268 6591 pape
3330 6507 3715 6589 duodecimo,
3764 6508 4012 6590 eiusque
4070 6505 4506 6570 successoribus
4574 6508 4859 6570 canonice
