5542 7775
1617 647 2079 699 sPEcrAN'rlA
2134 650 2238 698 An
2296 649 2806 700 Pssornssonns
2863 649 3073 700 sums
3130 649 3398 702 clvrms
4220 630 4317 701 83

688 803 961 886 morari,
1011 802 1101 866 ali
1146 808 1210 866 et
1259 802 1489 866 nutriri
1535 803 1709 888 apud
1755 825 1902 867 eum
1949 824 2139 887 quem
2189 803 2329 888 ipsa
2376 803 2636 867 domina
2684 803 2879 868 Clara
2924 804 3229 889 elegerit,
3270 803 3548 868 dumodo
3612 811 3828 868 tamen
3878 805 3940 868 in
3988 804 4177 869 domo
4226 806 4320 870 vi-

687 909 850 992 trici,
899 909 1143 974 scilicet
1191 908 1406 972 mariti
1453 908 1709 973 domine
1758 908 1969 991 Clare,
2016 909 2123 973 vel
2170 910 2495 993 conjuncti
2543 909 2666 995 ipsi
2708 910 2941 974 marito
2990 931 3118 974 non
3165 917 3450 973 moretur
3497 910 3632 973 sive
3680 919 4028 974 morentur.

865 1016 1030 1080 Item
1082 1015 1356 1102 precipit
1403 1023 1468 1078 et
1513 1015 1780 1079 mandat
1826 1015 2012 1079 dictis
2060 1016 2417 1098 tutoribus,
2466 1015 2711 1080 scilicet
2754 1016 3214 1080 Bonaventure
3278 1024 3341 1081 et
3389 1016 3544 1080 mihi
3590 1017 3888 1100 Andree,
3937 1018 4107 1103 quod
4153 1018 4321 1083 dicte

687 1122 943 1186 domine
991 1123 1180 1187 Clare
1230 1122 1308 1186 de
1356 1122 1773 1207 pensionibus
1814 1121 2170 1205 domorum,
2206 1122 2509 1186 frumenti
2557 1129 2622 1186 et
2668 1122 2846 1186 bladi
2892 1121 3171 1187 debeant
3217 1122 3440 1187 redere
3483 1123 3798 1187 rationem
3832 1125 4118 1210 quolibet
4152 1146 4321 1189 anno

688 1230 753 1292 in
802 1230 966 1293 festo
1013 1229 1189 1294 beati
1233 1229 1414 1293 Petri
1462 1229 1699 1293 mensis
1740 1229 1928 1314 junii.
1977 1228 2063 1292 Et
2110 1229 2189 1293 de
2236 1229 2387 1293 vino
2435 1236 2499 1292 et
2556 1229 2911 1293 redditibus
2958 1229 3119 1311 vini,
3169 1230 3412 1294 scilicet
3474 1237 3784 1316 quantum
3846 1231 4041 1295 fuerit
4100 1253 4320 1317 perce-

686 1345 868 1423 ptum
913 1338 979 1401 in
1027 1336 1366 1402 vindemiis
1413 1337 1493 1401 de
1540 1338 1712 1417 vino,
1758 1344 1823 1400 et
1870 1343 2181 1421 quantum
2228 1336 2453 1400 corbes
2499 1335 2634 1399 vini
2682 1337 2876 1400 fuerit
2922 1337 3206 1419 vendita,
3241 1337 3534 1400 similiter
3581 1337 3858 1401 debeant
3904 1337 4171 1402 reddere
4219 1361 4321 1403 ra-

686 1446 929 1509 tionem
974 1445 1041 1508 in
1088 1444 1254 1509 festo
1302 1445 1508 1508 saneti
1552 1443 1889 1508 Michaelis
1937 1443 2173 1507 mensis
2221 1444 2623 1530 septembris,
2658 1450 2722 1508 et
2769 1443 2966 1507 etiam
3012 1444 3091 1508 de
3137 1444 3553 1530 predictiset
3599 1445 3893 1509 omnibus
3935 1446 4078 1509 aliis
4110 1446 4321 1510 reddi-

688 1553 859 1617 tibus
908 1552 1196 1638 quolibet
1242 1572 1412 1616 anno
1461 1557 1748 1637 tempore
1798 1571 2083 1634 congruo
2130 1550 2411 1615 debeant
2457 1551 2724 1615 reddere
2773 1552 3090 1615 rationem
3136 1551 3387 1637 prefate
3444 1551 3698 1615 domine
3748 1551 3957 1616 Clare.
4005 1553 4090 1616 Et
4151 1554 4321 1639 quod

689 1659 1006 1745 supererit
1054 1659 1375 1723 alimentis
1420 1657 1723 1722 Nicholai
1768 1657 2032 1743 pupilli,
2081 1658 2216 1721 sive
2271 1657 2691 1744 pupillorum,
2741 1658 2975 1722 debeat
3037 1659 3325 1723 converti
3392 1658 3455 1722 in
3520 1659 3905 1744 emptionem
3953 1660 4322 1745 prediorum

688 1772 880 1852 prout
924 1768 1154 1831 melius
1202 1773 1267 1830 et
1313 1766 1535 1831 utilius
1583 1765 1905 1830 videbitur
1952 1765 2295 1829 convenire
2344 1765 2465 1850 ipsi
2512 1765 2766 1830 domine
2815 1760 3005 1830 Clare
3052 1772 3115 1829 et
3160 1766 3347 1831 dictis
3395 1766 3733 1829 tutoribus.

864 1874 1031 1938 Item
1078 1874 1339 1960 reliquit
1381 1875 1527 1957 jure
1575 1873 1995 1938 institutionis
2042 1872 2342 1937 Johanne
2391 1875 2533 1957 ejus
2580 1873 2709 1937 filie
2756 1873 2995 1959 podere
3043 1895 3229 1937 suum
3278 1881 3341 1937 et
3389 1893 3608 1936 omnes
3672 1875 4106 1959 possessiones
4163 1897 4323 1960 quas

684 1981 881 2046 habet
927 1981 1009 2045 ad
1078 1980 1528 2046 Sablonariam
1592 1987 1656 2045 et
1719 1980 1874 2044 emit
1938 2002 1978 2043 a
2039 1980 2295 2044 domino
2357 1979 2595 2044 Enrico
2657 1980 2736 2044 de
2792 1979 3276 2045 Mezzovillanis
3339 1986 3403 2043 et
3465 2002 3503 2043 a
3564 1980 3696 2044 filio
3759 1982 4115 2045 comuniter
4177 2004 4322 2046 cum

686 2088 944 2153 domino
991 2088 1239 2154 Jacobo
1287 2088 1365 2152 de
1416 2088 1621 2170 Ursis,
1671 2095 1734 2152 et
1781 2095 1970 2173 rogat
2017 2088 2371 2173 predictam
2418 2087 2790 2152 â€¹Iohannam
2838 2087 3036 2152 filiam
3084 2101 3298 2169 suam,
3349 2087 3520 2172 quod
3568 2088 3622 2151 si
3668 2087 3938 2151 heredes
3985 2089 4084 2151 sui
4130 2089 4322 2153 dede-

683 2196 813 2259 rint
860 2202 924 2259 et
963 2195 1275 2260 solverint
1306 2194 1475 2259 dicte
1508 2195 1550 2258 J
1556 2194 1809 2258 ohanne
1858 2193 2033 2258 mille
2067 2194 2264 2258 libras
2297 2193 2804 2275 bononenorum,
2839 2200 3135 2257 teneatur
3173 2193 3345 2257 dicta
3376 2192 3418 2258 J
3424 2194 3680 2257 ohanna
3715 2194 4050 2258 restituere
4083 2194 4324 2259 dictum

687 2301 926 2388 podere
975 2309 1039 2366 et
1086 2302 1292 2366 dictas
1340 2301 1777 2387 possessiones
1822 2300 2167 2365 heredibus
2216 2300 2348 2364 suis
2395 2300 2890 2382 universalibus,
2931 2309 2995 2363 et
3036 2300 3229 2383 jussit
3275 2306 3340 2363 et
3386 2300 3591 2365 voluit
3639 2301 3809 2387 quod
3857 2301 4103 2365 fruetus
4152 2302 4323 2366 illius

685 2409 857 2491 anni,
893 2409 1150 2495 quando
1200 2408 1374 2473 facta
1420 2408 1615 2472 fuerit
1661 2407 1833 2471 dicta
1882 2408 2115 2472 solutio
2163 2407 2338 2470 mille
2386 2407 2697 2471 librarum
2745 2405 3539 2488 bononenorum,sshabeat
3586 2408 3726 2494 ipsa
3770 2408 4094 2472 Johanna.

868 2516 1032 2581 Item
1083 2516 1343 2602 reliquit
1385 2517 1531 2600 jure
1580 2515 1997 2581 institutionis
2046 2515 2310 2579 cuilibet
2356 2515 2483 2578 filie
2533 2515 2656 2578 sibi
2704 2498 3027 2582 nasciture
3076 2514 3260 2577 mille=
3296 2513 3496 2578 libras
3531 2514 4035 2580 bononenorum.
4070 2516 4236 2579 Item
4268 2515 4323 2579 si

688 2623 730 2688 J
735 2624 993 2688 ohanna
1025 2623 1159 2686 filia
1206 2644 1325 2687 sua
1370 2622 1476 2686 vel
1523 2628 1841 2707 postuma,
1875 2621 1980 2685 vel
2014 2621 2233 2708 aliqua
2265 2628 2709 2708 postumarum
2741 2618 3031 2696 decedat,
3065 2621 3168 2684 vel
3202 2620 3517 2686 decedant
3551 2622 3612 2684 in
3645 2622 3950 2707 pupillari
3982 2631 4152 2687 etate
4185 2622 4323 2687 sine

686 2731 886 2795 fratre
918 2731 1023 2795 vel
1071 2729 1380 2794 fratribus
1413 2729 1908 2816 consanguineis
1943 2736 2006 2792 et
2039 2729 2328 2811 uteriniS,
2363 2728 2717 2793 unaalteri
2751 2713 2833 2812 sit
2867 2712 3073 2792 heres.
3109 2728 3186 2791 In
3221 2729 3515 2792 omnibus
3550 2735 3764 2792 autem
3799 2728 3942 2792 aliis
3976 2730 4107 2794 suis
4139 2729 4323 2794 bonis

689 2837 1033 2903 mobilibus
1064 2845 1144 2901 'et
1177 2836 1632 2919 immobilibus,
1661 2835 1915 2920 juribus
1949 2843 2013 2899 et
2046 2836 2404 2902 actionibus
2437 2822 2845 2922 presentibus
2893 2842 2956 2899 et
3003 2835 3235 2899 futuris
3284 2834 3613 2899 dominum
3659 2835 4076 2900 Franciscum
4121 2837 4325 2901 filium

688 2966 897 3027 suum,
928 2944 1218 3025 Petrum,
1253 2943 1553 3024 Paulum,
1590 2942 2054 3006 Oddoffredum
2103 2951 2167 3007 et
2214 2941 2614 3028 Raynerium
2671 2950 2735 3007 et
2784 2963 3005 3006 omnes
3052 2942 3217 3006 filios
3264 2942 3587 3027 legitimos
3635 2951 3699 3006 et
3747 2943 4073 3008 naturales
4122 2945 4328 3009 nasci-

689 3063 866 3117 turos
915 3074 998 3116 ex
1054 3048 1225 3118 dicto
1287 3050 1544 3116 domino
1593 3049 1941 3113 Francisco
1989 3071 2073 3113 ex
2119 3050 2402 3135 presenti
2452 3051 2861 3115 matrimonio
2926 3050 3027 3131 vel
3086 3049 3304 3115 futuro
3364 3050 3486 3114 sibi
3547 3050 3816 3115 heredes
3874 3052 4149 3115 instituit
4210 3074 4327 3139 pro

689 3181 820 3223 una
866 3159 1151 3223 dimidia.
1202 3158 1368 3222 Item
1414 3157 1801 3222 Nicholaum
1848 3157 2052 3221 filium
2099 3179 2285 3221 suum
2333 3158 2671 3244 pupillum,
2720 3163 2942 3239 natum
2977 3179 3060 3220 ex
3093 3157 3352 3222 domina
3386 3158 3599 3239 Clara,
3644 3158 3707 3220 in
3751 3158 3880 3221 alia
3910 3159 4174 3223 dimidia
4205 3160 4327 3223 sibi

690 3266 995 3332 heredem
1043 3266 1339 3338 instituit.
1388 3265 1556 3329 Item
1603 3264 1657 3327 si
1705 3264 1765 3328 ei
1812 3271 2114 3328 nascatur
2174 3265 2279 3328 vel
2343 3272 2693 3328 nascantur
2753 3265 2924 3328 filius
2987 3264 3091 3328 vel
3151 3264 3266 3327 filii
3330 3265 3630 3347 masculi,
3681 3287 3846 3329 unus
3909 3266 4012 3330 vel
4074 3267 4326 3352 plures,

689 3395 857 3456 eum,
890 3372 995 3436 vel
1044 3393 1154 3436 eos
1202 3371 1325 3435 sibi
1369 3370 1673 3448 heredem
1720 3370 1996 3434 instituit
2041 3371 2392 3456 queml-ibet
2439 3393 2554 3457 pro
2603 3370 2793 3454 virili,
2828 3370 2918 3452 ita
2965 3370 3137 3456 quod
3184 3370 3478 3434 dominus
3525 3370 3955 3436 Francischus
3989 3394 4133 3437 cum
4179 3374 4327 3438 filiis

691 3480 975 3544 habeant
1020 3499 1215 3543 unam
1262 3478 1514 3565 virilem
1560 3473 1849 3559 tantum,
1898 3477 2265 3542 Nicholaus-
2300 3478 2496 3546 aliam
2544 3477 2816 3560 virilem,
2866 3484 2930 3542 et
2976 3477 3246 3564 quilibet
3311 3479 3420 3563 qui
3482 3485 3785 3542 nascatur
3845 3479 4082 3543 habeat
4142 3502 4327 3545 suam

684 3587 962 3654 virilem.
1011 3586 1178 3650 Item
1225 3585 1280 3649 si
1326 3568 1680 3650 Nicholaus
1726 3584 1896 3652 filius
1945 3606 2098 3648 suus
2145 3584 2415 3649 decedat
2462 3585 2527 3649 in
2572 3583 2880 3671 pupillari
2926 3572 3119 3667 etate,
3162 3584 3333 3670 quod
3380 3584 3558 3649 Deus
3607 3585 3931 3669 advertat,
3976 3587 4174 3651 alium
4219 3589 4325 3652 vel

690 3694 853 3759 alios
900 3693 1026 3757 sibi
1071 3692 1429 3757 nascituros
1478 3692 1681 3756 voluit
1728 3691 1898 3756 dicto
1945 3691 2278 3756 Nicholao-
2309 3713 2450 3756 esse
2497 3691 2789 3756 heredes.
2835 3691 2921 3756 Et
2968 3683 3023 3769 si
3078 3691 3310 3777 aliquis
3370 3692 3681 3775 filiorum,
3731 3694 3840 3778 qui
3888 3704 4325 3778 nascerentur,

690 3801 1075 3867 decederent
1107 3800 1173 3863 in
1204 3799 1510 3887 pupillari
1544 3795 1736 3879 etate,
1771 3798 2154 3863 Nicholaum
2176 3799 2253 3864 (1)
2278 3806 2351 3864 â´et
2398 3798 2510 3862 alii
2556 3799 2670 3878 filii
2717 3798 3028 3863 nascituri
3075 3798 3372 3862 morienti
3413 3805 3477 3862 et
3509 3799 3844 3863 decedenti
3875 3800 4003 3864 sint
4033 3801 4324 3867 heredes.

687 3910 773 3974 Et
818 3910 986 3973 hanc
1035 3930 1219 3972 suam
1268 3907 1560 3973 ultimam
1606 3907 2008 3972 voluntatem
2057 3908 2334 3972 asseruit
2380 3927 2519 3973 esse
2567 3908 2757 3989 velle,
2804 3926 2996 3993 quam
3045 3907 3264 3971 valere
3311 3907 3514 3971 voluit
3569 3914 3633 3971 et
3678 3915 3897 3973 tenere
3939 3911 4086 3994 jure
4132 3916 4328 3975 testa-

690 4017 909 4082 menti.
945 4015 1144 4090 Quod
1181 4015 1238 4079 si
1277 4016 1425 4100 jure
1473 4014 1843 4078 testamenti
1891 4030 2016 4080 non
2064 4015 2332 4097 valeret,
2367 4014 2595 4079 saltem
2644 4015 2862 4079 valere
2911 4014 3115 4078 voluit
3154 4016 3301 4099 jure
3348 4014 3806 4098 codicillorum,
3841 4016 3946 4080 vel
3993 4018 4165 4081 omni
4197 4019 4325 4084 alio

684 4126 832 4209 jure
879 4130 946 4188 et
993 4123 1182 4188 modo
1229 4122 1461 4208 quibus
1510 4121 1739 4186 melius
1785 4121 2003 4186 valere
2052 4130 2115 4187 et
2162 4130 2381 4187 tenere
2429 4129 2660 4211 potest,
2710 4143 2839 4186 non
2881 4122 3177 4187 obstante
3211 4144 3286 4187 eo
3321 4122 3490 4209 quod
3521 4124 3578 4187 si
3611 4132 3953 4209 appareret
3984 4146 4052 4188 se
4086 4125 4325 4190 dixisse

691 4233 758 4297 in
805 4232 1025 4317 aliqua
1072 4252 1189 4295 sua
1236 4230 1463 4294 ultima
1510 4229 1877 4312 voluntate,
1914 4229 2049 4294 sive
2095 4235 2503 4313 testamentO,
2552 4230 2688 4294 sive
2737 4230 3054 4313 codicillo,
3104 4231 3239 4294 sive
3287 4230 3616 4313 codicillis,
3657 4231 3827 4317 quod
3874 4231 4010 4318 ipse
4057 4254 4184 4297 non
4230 4233 4326 4297 fa-

691 4346 864 4404 ceret
912 4337 1093 4402 aliud
1140 4343 1595 4401 testamentum
1642 4336 1749 4401 vel
1796 4336 2161 4401 codicillum
2208 4337 2345 4401 sive
2393 4336 2756 4420 codicillos,
2805 4342 2871 4400 et
2916 4337 2972 4400 si
3018 4337 3298 4418 faceret,
3348 4337 3517 4422 quod
3583 4358 3711 4402 non
3757 4338 4004 4403 valeret
4050 4340 4154 4404 vel
4200 4362 4328 4405 non

690 4447 1003 4528 valerent,
1037 4451 1103 4509 et
1141 4444 1347 4509 eciam
1394 4443 1450 4507 si
1496 4444 1715 4529 aliqua
1763 4444 1893 4507 alia
1938 4444 2139 4509 verba
2186 4444 2597 4529 derogatoria
2644 4444 2964 4530 posuisset
3012 4444 3073 4506 in
3125 4443 3344 4530 aliqua
3391 4465 3507 4507 sua
3555 4444 3781 4508 ultima
3812 4446 4145 4512 voluntate
4177 4449 4327 4513 hinc

690 4561 863 4618 retro
911 4552 1104 4634 facta,
1140 4572 1264 4636 que
1310 4551 1595 4638 presenti
1641 4556 2027 4615 testamento
2082 4572 2196 4616 seu
2244 4551 2467 4615 ultime
2515 4550 2836 4615 voluntati
2881 4551 2947 4614 in
2994 4551 3211 4636 aliquo
3258 4550 3601 4635 derogaret
3649 4551 3753 4615 vel
3801 4552 4063 4617 obviare
4110 4563 4327 4640 posset

691 4660 758 4724 in
802 4666 1009 4724 totum
1055 4659 1160 4723 vel
1207 4658 1271 4722 in
1321 4664 1525 4744 parte,
1572 4657 1687 4722 illa
1732 4657 1933 4722 verba
1979 4658 2391 4743 derogatoria
2438 4657 2805 4744 specialiter
2849 4665 3114 4722 revocat
3144 4666 3208 4722 et
3239 4658 3483 4743 penitet
3523 4680 3590 4722 se
3638 4658 3915 4742 dixisse3
3950 4667 4013 4724 et
4058 4661 4326 4747 proinde

691 4766 1010 4831 habeatur
1057 4787 1134 4830 ac
1181 4766 1236 4829 si
1282 4765 1396 4829 illa
1440 4765 1643 4829 verba
1690 4764 2101 4849 derogatoria
2146 4764 2421 4829 fuissent
2466 4764 2835 4851 specialiter
2880 4765 2984 4830 hic
3031 4764 3291 4851 scripta,
3339 4772 3404 4829 et
3450 4766 3816 4851 specialiter
3861 4773 3926 4831 et
3971 4770 4327 4854 expressim

693 4880 1016 4939 revocata.

871 4980 1109 5045 Actum
1157 4979 1224 5043 in
1272 4978 1524 5065 capella
1570 4978 1981 5043 Infirmorum
2029 4979 2301 5044 fratrum
2339 4979 2831 5044 Predicatorum
2862 4979 2940 5043 de
2970 4978 3287 5062 Bononia,
3318 4978 3723 5065 presentibus
3757 4979 3954 5045 fratre
3987 4981 4327 5049 Manfredo

694 5089 773 5154 de
818 5087 1143 5169 Dovaria,
1193 5085 1394 5149 fratre
1439 5085 1767 5150 Landulfo
1814 5086 2229 5168 bononiensi,
2278 5086 2479 5151 fratre
2523 5087 2720 5151 Petro
2769 5085 3140 5169 tridentino,
3187 5085 3388 5150 fratre
3433 5085 3631 5151 Petro
3679 5086 4079 5172 vincentino,
4128 5090 4328 5157 fratre

693 5195 1033 5262 Dominico
1080 5193 1161 5258 de
1209 5200 1433 5258 sancto
1481 5193 1854 5276 Ambrosio,
1888 5193 2090 5257 fratre
2136 5192 2484 5280 Aymerico
2531 5193 2899 5280 placentino
2944 5192 3218 5258 Lectore
3264 5193 3579 5276 Bononie,
3613 5193 3811 5258 fratre
3843 5194 4163 5261 Herasmo
4198 5219 4327 5262 me-

695 5301 1077 5384 diolanensi,
1112 5301 1313 5365 fratre
1339 5299 1382 5365 J
1386 5301 1587 5365 acobo
1620 5300 1867 5386 regin0,
1901 5306 1966 5363 et
1998 5300 2198 5365 fratre
2229 5299 2571 5366 Dominico
2603 5300 2984 5365 bononiensi
3018 5300 3309 5384 sacrista,
3344 5301 3639 5365 omnibus
3672 5301 3750 5365 de
3784 5301 4025 5367 Ordine
4057 5303 4329 5369 fratrum

691 5409 1202 5491 Predicatorum,
1237 5414 1304 5473 et
1349 5408 1628 5494 dompno
1674 5406 1870 5472 Petro
1919 5406 2276 5493 presbitero
2324 5407 2403 5471 de
2452 5407 2760 5490 Tortona,
2797 5408 2906 5494 qui
2953 5408 3229 5472 asseruit
3276 5429 3664 5494 cognoscere
3711 5409 3950 5474 dictum
3998 5409 4326 5476 dominum

694 5517 1038 5582 Albertum
1084 5522 1458 5580 testatorem
1506 5535 1661 5579 sane
1706 5514 1961 5597 mentis,
2010 5514 2281 5579 testibus
2329 5536 2368 5579 a
2415 5514 2586 5580 dicto
2634 5521 2942 5580 testatore
2988 5516 3233 5601 rogatis
3281 5523 3347 5581 et
3392 5516 3657 5580 vocatis.

872 5623 975 5705 (L.
1009 5623 1053 5705 â€
1087 5623 1181 5704 S.)
1228 5622 1314 5687 Et
1359 5643 1482 5708 ego
1529 5620 1826 5686 Andreas
1874 5622 2010 5687 sive
2056 5621 2424 5687 Andreolus
2470 5621 2780 5686 Petrizoli
2824 5622 3150 5687 Albertini
3188 5623 3267 5688 de
3302 5623 3551 5688 Badalo
3586 5623 3903 5710 imperiali
3944 5626 4325 5691 auctoritate

694 5731 984 5796 notarius
1029 5731 1131 5794 his
1180 5730 1476 5795 omnibus
1523 5729 1787 5794 interfui
1834 5737 1898 5794 et
1945 5736 2210 5815 rogatus
2257 5751 2297 5794 a
2343 5730 2513 5794 dicto
2576 5737 2884 5795 testatore
2947 5730 3174 5818 scripsi
3228 5738 3294 5797 et
3346 5731 3708 5818 publicavi,
3757 5738 3821 5796 et
3867 5732 4127 5820 scripsi,
4175 5735 4326 5800 subÎ‡

694 5838 960 5926 scripsi,
1007 5837 1312 5923 sigillavi,
1361 5844 1426 5901 et
1472 5837 1684 5923 ipsum
1731 5838 2005 5924 cognovi
2051 5858 2208 5902 sane
2254 5837 2507 5902 mentis.

873 5945 1017 6032 Ego
1064 5945 1374 6009 Albertus
1435 5950 1735 6027 testator,
1782 5945 2071 6031 legatum
2134 5945 2304 6031 quod
2367 5944 2489 6008 sibi
2549 5945 2803 6009 ascrisit
2846 5943 3147 6009 Andreas
3193 5966 3294 6009 me
3335 5946 3605 6030 jubente
3652 5946 3804 6010 fecit
3849 5953 3913 6010 et
3959 5947 4123 6012 sicut
4167 5948 4327 6013 illud

692 6052 923 6135 scrisit,
972 6053 1062 6117 ita
1109 6052 1190 6116 do
1238 6051 1299 6116 ei
1346 6057 1411 6115 et
1457 6051 1604 6135 lego
1630 6049 1729 6115 (2).

872 6157 988 6224 M?
1034 6156 1237 6224 cccc.â°
1283 6156 1502 6242 xxxf',
1550 6157 1897 6223 indictione
1943 6158 2181 6242 VIII.â€š
2231 6158 2333 6223 die
2383 6166 2612 6245 quarto
2663 6158 2818 6244 maij
2865 6158 3331 6245 Registratum.

854 6496 932 6563 (1)
972 6495 1076 6548 Sic.
2726 6497 2805 6563 (2)
2843 6496 3011 6549 Manu
3048 6496 3270 6566 propria
3305 6498 3597 6549 testatoris.
