5542 7775
1573 678 2031 728 SPEOTANTIA
2091 677 2191 726 An
2248 675 2757 726 Paornssoass
2814 674 3025 726 Jnms
3081 672 3433 724 cANomm
4165 649 4310 719 197

2343 1079 2662 1144 XXXIX.

2261 1312 2455 1393 1292,
2505 1314 2546 1375 6
2591 1313 2749 1376 iulii.

903 1543 1012 1608 Ex
1060 1543 1257 1608 Arch.
1308 1543 1502 1608 Max.⁸
1537 1543 1724 1626 bon.,
1772 1542 1971 1607 Arch.
2022 1543 2227 1607 sancti
2271 1542 2595 1607 Dominici
2641 1542 2956 1627 Bononie,
3005 1550 3158 1608 sect.
3204 1568 3233 1601 α
3280 1543 3650 1608 Demam‘ale
3696 1566 3757 1625 ι»,
3804 1563 3978 1605 num.
4011 1520 4150 1635 ξδ’ῑζ.

871 1795 949 1858 In
999 1794 1255 1858 nomine
1304 1793 1566 1858 Domini
1615 1793 1816 1858 nostri
1863 1793 2021 1857 Jesu
2071 1793 2330 1876 Christi,
2365 1815 2574 1858 amen.
2621 1793 2815 1858 Anno
2863 1794 3152 1878 ejusdem
3200 1793 3538 1858 millesimo
3571 1793 4007 1857 ducentesimo
4041 1813 4322 1877 nonage-

689 1902 851 1967 simo
900 1903 1202 1983 secundO,
1237 1901 1583 1965 indictione
1632 1900 1876 1986 quinta,
1910 1900 2012 1964 die
2060 1906 2244 1965 sexto
2292 1900 2571 1964 intrante
2617 1922 2836 1965 mense
2878 1902 3049 1985 julij.
3100 1901 3262 1966 Cum
3309 1900 3505 1965 nichil
3551 1901 3635 1964 sit
3679 1899 3850 1986 quod
3882 1900 4090 1985 magis
4119 1900 4322 1964 homi-

690 2010 881 2074 nibus
929 2009 1259 2092 debeatur,
1310 2030 1503 2094 quam
1550 2016 1622 2073 ut
1668 2029 1963 2094 supreme
2011 2008 2364 2072 voluntatis
2411 2008 2575 2072 liber
2621 2009 2704 2072 sit
2750 2009 2935 2072 stilus
2997 2015 3061 2072 et
3122 2008 3364 2073 licitum
3426 2008 3597 2094 quod
3658 2007 3890 2072 iterum
3938 2029 4067 2072 non
4113 2007 4323 2072 reddit

690 2117 1048 2199 arbitrium,
1092 2116 1337 2201 jdcirco
1385 2115 1680 2179 dominus
1726 2115 1960 2179 Petrus
2010 2114 2324 2201 Capretus
2373 2115 2452 2178 de
2500 2114 2957 2198 Lambertinis,
3005 2136 3200 2179 sanus
3248 2122 3460 2179 mente
3509 2121 3607 2179 set
3657 2114 3973 2200 languens
4034 2136 4320 2201 corpore,

690 2225 862 2290 diem
907 2232 1268 2288 extremum
1313 2223 1650 2309 prevenire
1700 2222 1941 2304 volens,
1985 2244 2099 2307 per
2145 2244 2410 2309 presens
2456 2229 2912 2286 testamentum
2960 2223 3025 2286 in
3072 2223 3325 2309 scriptis
3373 2222 3453 2287 de
3503 2223 3686 2287 bonis
3733 2223 3865 2286 suis
3913 2222 4322 2308 infrascripto

690 2332 932 2416 [modo]
980 2331 1326 2417 disposuit:

867 2440 945 2503 In
993 2438 1216 2525 primis
1264 2436 1524 2524 quidem
1571 2437 1754 2523 eligit
1799 2438 2198 2523 sepulturam
2244 2460 2428 2502 suam
2476 2439 2648 2526 apud
2696 2438 3035 2503 ecclesiam
3081 2438 3254 2502 beati
3313 2436 3637 2503 Dominici
3699 2436 3970 2501 fratrum
4033 2436 4324 2525 predica-

692 2556 902 2612 torum
950 2547 1029 2610 de
1077 2545 1408 2628 Bononia,
1458 2552 1522 2609 et
1569 2544 1770 2609 dictos
1819 2545 2051 2609 fratres
2100 2554 2288 2630 rogat
2335 2547 2505 2631 quod
2553 2545 2887 2633 sepultura
2935 2567 3053 2609 sua
3098 2545 3181 2609 sit
3227 2545 3633 2631 cymiterium
3692 2543 4007 2609 dictorum
4053 2544 4326 2609 fratrum

687 2656 879 2739 juxta
927 2675 1179 2717 murum
1227 2652 1532 2735 ecclesie3
1583 2658 1648 2715 et
1694 2673 1811 2738 pro
1860 2652 2161 2737 expensis
2210 2652 2293 2716 ad
2340 2653 2575 2718 dictam
2634 2653 3055 2739 sepulturam,
3104 2652 3239 2716 sive
3305 2652 3569 2716 archam
3629 2650 3992 2715 faciendam
4052 2657 4117 2715 et
4176 2672 4325 2716 con·

695 2760 1088 2841 struendam,
1124 2758 1400 2845 reliquid
1448 2766 1706 2823 centum
1754 2759 2223 2845 quinquaginta
2272 2759 2470 2823 libras
2517 2760 3002 2824 bononenorum
3046 2760 3110 2823 in
3160 2759 3331 2823 dicto
3378 2780 3573 2845 opere
3607 2757 4084 2844 expendendas.
4116 2757 4197 2822 In
4228 2758 4331 2822 die

692 2890 847 2933 vero
892 2868 1220 2953 sepulture
1267 2888 1382 2930 sue
1430 2865 1512 2930 ad
1561 2865 1992 2929 funerandum
2039 2866 2174 2930 sive
2223 2866 2303 2929 ad
2353 2867 2820 2952 sepelliendum
2880 2887 3110 2952 corpus
3158 2887 3375 2949 suum,
3425 2867 3489 2929 in
3553 2865 3787 2951 pannis
3848 2865 4102 2948 sericis,
4152 2886 4333 2947 cera,

694 2975 1039 3040 consol-ciis
1088 2974 1467 3039 clericorum
1500 2980 1567 3037 et
1599 2974 1742 3037 aliis
1775 2974 2154 3037 necessariis
2201 2972 2513 3038 faciendis
2554 2975 2725 3038 circa
2756 2974 2967 3060 ipsum
2997 2974 3212 3053 funus,
3247 2972 3521 3058 reliquid
3563 2978 3821 3036 centum
3867 2972 4336 3058 quinquaginta

697 3083 895 3146 libras
943 3082 1449 3163 bononenorum,
1484 3087 1548 3144 et
1595 3102 1707 3144 eas
1755 3081 1821 3143 in
1866 3079 1988 3144 hoc
2036 3081 2316 3166 expendi
2361 3081 2586 3144 voluit.
2625 3081 2695 3144 Si
2739 3102 2895 3144 vero
2943 3102 3086 3144 eum
3136 3080 3297 3144 mori
3348 3079 3751 3165 contingeret
3790 3085 3977 3143 extra
4010 3080 4335 3145 civitatem

692 3189 984 3254 Bononie
1044 3188 1467 3274 ubicumque,
1509 3187 1649 3252 vult
1699 3186 1870 3272 quod
1917 3209 2147 3274 corpus
2195 3209 2379 3251 suum
2428 3188 2720 3252 Bononie
2767 3188 3098 3251 deferatur
3145 3187 3229 3251 ad
3276 3185 3742 3273 sepelliendum
3787 3187 3853 3250 in
3901 3185 4090 3250 domo
4137 3186 4337 3252 dicto·
4400 3259 4407 3265 ,

693 3319 837 3360 rum
883 3295 1178 3379 fratrum,
1227 3296 1393 3359 sicut
1439 3295 1679 3359 dietum
1727 3301 1845 3377 est,
1879 3302 1944 3359 et
1992 3316 2186 3381 super
2232 3295 2354 3359 hoc
2400 3317 2518 3381 pro
2566 3295 2869 3381 expensis
2916 3294 3249 3377 faciendis,
3282 3294 3692 3380 infrascripto
3741 3294 4178 3359 commissario
4218 3315 4333 3358 suo

693 3403 987 3468 concedit
1033 3403 1305 3467 liberam
1353 3410 1740 3489 potestatem
1785 3410 1978 3488 prout
2024 3402 2145 3467 sibi
2193 3402 2389 3466 fuerit
2434 3402 2761 3489 expedire.

871 3510 1039 3574 Item
1087 3510 1292 3574 voluit
1338 3517 1405 3574 et
1450 3508 1782 3573 mandavit
1838 3510 2010 3595 quod
2059 3509 2354 3573 omnibus
2402 3510 2510 3595 qui
2558 3516 2863 3596 poterunt
2908 3509 3193 3595 legitime
3227 3509 3574 3574 ostendere
3606 3508 3819 3594 ipsum
3847 3514 4223 3573 testatorem
4254 3507 4336 3571 ab

694 3618 786 3683 eis
832 3618 1071 3703 injuste
1120 3616 1424 3681 habuisse
1472 3616 1578 3681 vel
1625 3617 1977 3703 dampnum
2023 3617 2117 3680 eis
2165 3617 2401 3700 injuste
2449 3616 2721 3700 dedisse,
2756 3617 3006 3702 integre
3054 3617 3147 3680 eis
3193 3617 3465 3681 satisfiat
3504 3637 3620 3701 per
3652 3615 4134 3701 infrascriptum
4166 3636 4335 3679 com·

696 3725 1060 3788 missarium
1108 3745 1296 3788 suum
1342 3724 1480 3789 sine
1528 3724 1800 3810 strepitu
1851 3730 1915 3788 et
1961 3723 2171 3809 figura
2212 3722 2477 3807 judicij,
2525 3724 2691 3788 sicut
2737 3724 3061 3789 videbitur
3106 3724 3327 3788 utilius
3391 3744 3532 3788 esse
3592 3745 3709 3810 pro
3772 3723 3988 3787 anima
4051 3723 4228 3806 ejus3
4277 3729 4341 3787 et

695 3833 866 3919 quod
913 3832 1084 3896 idem
1130 3830 1606 3896 commissarius
1653 3831 1757 3896 vel
1805 3830 2043 3895 dixerit
2089 3851 2229 3896 esse
2279 3831 2747 3896 restituendum
2809 3832 2914 3897 vel
2977 3853 3104 3897 non
3161 3831 3666 3916 restituendum,
3715 3837 3931 3896 ratum
3978 3838 4043 3895 et
4088 3829 4344 3894 firmum

692 3941 832 4005 vult
876 3940 1126 4004 haberi.

871 4048 1039 4112 Item
1089 4046 1410 4111 ordinavit
1456 4053 1521 4110 et
1565 4046 1772 4111 voluit
1820 4047 1991 4133 quod
2037 4055 2254 4133 preter
2300 4047 2698 4133 sepulturam
2743 4055 2809 4112 et
2855 4047 3081 4112 relicta
3126 4069 3243 4134 pro
3293 4047 3510 4111 anima
3570 4067 3688 4111 sua
3747 4045 3946 4111 nichil
4008 4045 4341 4132 legatariis

693 4155 1123 4242 persolvatur,
1172 4153 1375 4217 donec
1422 4153 1595 4218 facta
1641 4154 2169 4240 preconizacione
2216 4154 2472 4240 publice
2518 4176 2636 4241 per
2676 4176 2899 4219 omnes
2949 4155 3232 4241 capellas
3278 4153 3572 4219 Bononie
3613 4174 3816 4239 usque
3850 4152 3934 4217 ad
3964 4154 4156 4218 unius
4188 4154 4341 4217 anni

695 4262 983 4348 spacium
1032 4260 1471 4324 restitutiones
1520 4282 1666 4325 cum
1713 4261 1888 4325 omni
1936 4260 2273 4346 diligentia
2320 4268 2384 4326 et
2430 4262 2863 4326 sollicitudine
2925 4260 3165 4326 fuerint
3225 4261 3599 4347 adimplete.
3645 4260 3955 4324 Preterea
4014 4260 4220 4325 voluit
4279 4269 4343 4325 et

693 4368 1025 4432 mandavit
1073 4366 1243 4452 quod
1287 4367 1434 4451 jure
1482 4367 1683 4452 legati
1731 4367 2203 4453 persolvantur,
2240 4375 2656 4433 numerentur
2697 4377 2761 4433 et
2803 4369 3035 4433 dentur
3079 4368 3470 4432 monasterio
3518 4367 3727 4431 saneti
3772 4365 4041 4452 Georgij
4091 4367 4170 4432 de
4218 4367 4341 4433 Fe·

697 4476 941 4555 narola,
993 4473 1396 4539 ferrariensis
1444 4474 1736 4554 diocesis,
1785 4473 1962 4538 mille
2009 4475 2172 4539 libre
2222 4475 2712 4558 bononinorum,
2768 4475 2893 4539 nisi
2942 4476 3078 4563 ipse
3127 4481 3396 4540 testator
3444 4481 3596 4539 ante
3645 4481 3920 4538 mortem
3967 4496 4151 4538 suam
4199 4497 4344 4540 cum

699 4587 868 4650 dicto
918 4581 1307 4646 monasterio
1354 4581 1861 4646 concordaverit.

879 4692 1046 4754 Item
1091 4688 1368 4774 reliquid
1413 4688 1808 4754 Marchisino
1857 4690 1935 4753 de
1984 4690 2250 4754 Placitis
2300 4690 2379 4755 de
2428 4691 2631 4756 Cento
2678 4699 2937 4756 centum
2982 4690 3182 4754 libras
3228 4691 3735 4755 bononenorum.

874 4799 1041 4863 Item
1087 4796 1359 4882 reliquid
1408 4795 1748 4860 Fratribus
1795 4796 2356 4880 Predicatoribus‚
2406 4820 2523 4885 pro
2569 4820 2700 4862 una
2746 4799 3045 4885 pietanza
3093 4797 3156 4861 in
3205 4797 3308 4862 die
3357 4798 3685 4883 sepulture
3733 4819 3846 4861 sue
3895 4796 4227 4882 facienda,
4276 4807 4339 4863 et

696 4927 813 4992 pro
861 4905 1070 4968 missis
1120 4903 1523 4967 celebrandis
1572 4926 1688 4989 pro
1736 4904 1952 4967 anima
2002 4925 2140 4986 sua,
2191 4905 2605 4990 quatraginta
2652 4905 2852 4970 libras
2896 4905 3403 4969 bononenorum.

876 5012 1044 5076 Item
1090 5010 1415 5075 canonicis
1461 5011 1732 5075 ecclesie
1780 5012 2044 5095 majoris
2094 5012 2173 5075 de
2221 5011 2519 5076 Bononia
2568 5012 2933 5098 quindecim
2979 5013 3178 5076 libras
3223 5012 3730 5076 bononenorum.

873 5119 1040 5184 Item
1088 5118 1356 5182 ecclesie
1406 5125 1627 5182 sancte
1675 5118 1881 5182 Marie
1932 5119 2200 5203 Majoris
2248 5118 2327 5182 (le
2377 5119 2674 5183 Bononia
2720 5120 2943 5184 decem
2987 5119 3188 5183 libras
3234 5119 3739 5183 bononenorum.

873 5227 1037 5291 Item
1086 5225 1259 5311 plebi
1309 5225 1516 5289 sancti
1561 5224 1881 5289 «Iohannis
1928 5225 1992 5288 in
2041 5226 2370 5290 Persiceto
2420 5226 2640 5290 decem
2689 5226 2889 5290 libras
2936 5227 3442 5290 bononenorum.

875 5335 1043 5399 Item
1091 5332 1432 5397 Canonicis
1482 5333 1751 5398 ecclesie
1801 5333 2205 5397 ferrariensis
2253 5333 2472 5399 decem
2522 5334 2720 5398 libras
2767 5334 3274 5399 bononenorum.

874 5440 1041 5505 Item
1091 5439 1429 5503 Fratribus
1477 5439 1835 5504 Minoribus
1884 5439 1962 5503 de
2009 5439 2307 5504 Bononia
2354 5440 2576 5505 decem
2624 5440 2823 5504 libras
2869 5441 3377 5505 bononenorum.

877 5547 1042 5611 Item
1090 5546 1431 5611 Fratribus
1477 5546 1830 5610 Heremitis
1877 5553 2008 5611 tres
2056 5547 2254 5611 libras
2302 5547 2809 5611 bononenorum.

877 5653 1045 5718 Item
1091 5654 1296 5718 sorori
1345 5652 1644 5718 Caterine
1690 5661 1909 5719 sancte
1957 5654 2163 5718 Marie
2210 5653 2598 5740 Magdalene
2647 5654 2726 5718 de
2772 5653 2902 5718 Val
2950 5654 3027 5718 de
3074 5655 3274 5719 Petra
3322 5654 3836 5741 vigintiquinque
3890 5653 4091 5718 libras
4139 5654 4335 5718 bono·

697 5784 1011 5826 nenorum
1057 5783 1175 5847 pro
1225 5761 1358 5825 suis
1406 5762 1917 5826 necessitatibus.

874 5868 1043 5933 Item
1091 5868 1434 5934 Sororibus
1480 5869 1689 5934 sancti
1734 5869 1915 5933 Petri
1960 5868 2246 5934 Martiris
2293 5876 2551 5935 centum
2598 5869 2814 5934 soldos
2859 5870 3367 5934 bononenorum.

875 5975 1040 6039 Item
1092 5975 1434 6040 Sororibus
1482 5976 1689 6041 sancti
1735 5975 1981 6041 Mathie
2029 5983 2285 6041 centum
2333 5977 2548 6042 soldos
2595 5977 3104 6043 bononenorum.

875 6082 1042 6146 Item
1091 6082 1517 6168 hospitalibus
1564 6083 1774 6148 sancti
1818 6082 2017 6165 Petri,
2066 6084 2271 6148 sancti
2322 6084 2656 6170 Stephani,
2707 6086 2915 6149 sancti
2960 6084 3219 6168 Felicis,
3254 6084 3461 6149 sancti
3505 6083 3789 6167 Proculi,
3823 6084 4029 6149 sancti
4073 6082 4335 6148 Martini

697 6188 775 6254 de
824 6188 1113 6276 Apposa,
1147 6198 1212 6254 et
1257 6189 1756 6274 Cruciferorum,
1804 6197 1870 6254 et
1916 6189 2159 6255 domini
2203 6191 2637 6278 Leprosorum
2684 6192 2763 6257 de
2811 6199 3033 6257 sancto
3080 6192 3354 6274 Lazaro,
3404 6191 3669 6256 cuilibet
3715 6198 3844 6255 tres
3889 6190 4090 6255 libras
4136 6190 4335 6256 bono·

697 6317 1009 6361 nenorum
1057 6296 1353 6382 reliquid.

875 6403 1042 6467 Item
1086 6404 1293 6468 voluit
1350 6411 1415 6468 et
1475 6404 1807 6469 mandavit
1864 6404 2036 6491 quod
2083 6405 2139 6470 si
2186 6405 2252 6470 in
2299 6405 2516 6491 aliquo
2564 6412 2951 6471 testamento
3012 6405 3378 6492 reliquisset
3433 6403 3538 6468 vel
3602 6405 3885 6490 legasset
3942 6404 4226 6490 Ugolino
4273 6412 4338 6468 et

695 6509 986 6593 Nicolao,
1020 6510 1168 6573 filiis
1217 6510 1488 6575 condam
1537 6512 1774 6576 sororis
1822 6533 1936 6576 sue
1984 6512 2241 6577 domine
2287 6512 2582 6596 Ymelde,
2638 6535 2763 6599 que
2812 6512 3189 6578 ascenderet
3237 6511 3407 6576 ultra
3463 6512 3850 6598 quingentas
3896 6512 4096 6576 libras
4142 6511 4337 6576 bono·
