5542 7775
1186 542 1222 613 1
1238 542 1334 612 52
2754 560 3241 612 MONUMENTA

1388 717 1528 790 XI.
1590 715 1999 815 Capitulum
2068 716 2292 812 quod,
2343 716 2642 789 cadente
2701 716 3064 789 dubietate
3121 741 3338 815 super
3391 717 3979 814 interpretatione
4035 717 4291 790 harum
4345 718 4824 792 Reformatio-

1176 867 1370 937 num,
1431 841 1691 915 decisio
1749 840 2103 939 privative
2165 841 2258 914 ad
2312 848 2634 914 sanctam
2693 841 2948 915 Sedem
3005 843 3384 939 pertineat.

1388 966 1566 1040 XII.
1628 965 1834 1056 Quod
1891 965 2239 1064 praedicti
2295 966 2585 1063 Syndici
2642 964 3191 1039 Communitatis
3247 967 3611 1041 Bononiae
3680 966 3811 1040 has
3867 968 4407 1042 reformationes
4461 993 4602 1041 una
4659 993 4820 1042 cum

1170 1090 1382 1190 plena
1439 1090 1930 1189 acceptatione
1990 1090 2462 1187 capitulorum
2520 1114 2702 1187 quae
2762 1091 3151 1164 reformata
3208 1116 3348 1165 non
3407 1101 3606 1187 sunt,
3668 1093 4050 1166 observare
4107 1100 4179 1165 et
4235 1092 4589 1166 ratificare
4654 1118 4818 1191 pro-

1176 1217 1488 1290 mittant.

1385 1341 1605 1415 Hisce
1661 1341 2122 1440 praehabitis,
2167 1340 2598 1415 Constitutio
2659 1341 3025 1415 descendit
3080 1341 3170 1414 ad
3219 1342 3674 1415 insertionem
3731 1342 3998 1415 tenoris
4035 1342 4448 1438 syndicatus
4487 1369 4607 1417 seu
4651 1369 4812 1442 pro-

1172 1465 1508 1538 curatorii
1578 1466 1897 1562 ejusdem
1971 1465 2325 1561 civitatis,
2376 1465 2604 1539 habiti
2677 1466 2748 1539 in
2820 1465 3086 1563 palatio
3158 1491 3344 1539 novo
3436 1467 3565 1539 sub
3640 1490 3825 1538 anno
3899 1464 4375 1563 MCCCXL.,
4435 1468 4814 1542 indictione

1171 1600 1450 1687 octava,
1510 1591 1622 1664 die
1677 1591 1812 1665 IV.
1854 1591 2115 1664 mensis
2172 1591 2440 1689 apriliS,
2482 1592 2554 1663 in
2612 1616 2752 1689 quo
2810 1616 2853 1665 a
2909 1590 3225 1687 generali
3283 1590 3617 1686 Consili0,
3664 1592 3931 1689 pariter
3976 1592 4092 1665 hic
4142 1592 4431 1689 insert0,
4474 1618 4616 1667 una
4655 1619 4814 1667 cum

1171 1716 1733 1790 consiliariorum
1787 1716 2187 1790 nominibus
2244 1716 2323 1789 fit
2378 1716 2748 1814 deputatio
2806 1717 3380 1791 ambaxiatorum
3438 1717 3529 1790 ad
3588 1725 3909 1790 sanctam
3967 1717 4263 1812 Sedem,
4322 1718 4413 1790 ad
4478 1719 4808 1793 effectum

1171 1866 1425 1940 nempe
1480 1842 1846 1916 obtinendi
1900 1841 2417 1915 declarationes
2474 1850 2546 1914 et
2600 1842 3145 1916 reformationes
3202 1842 3289 1915 de
3367 1842 3624 1938 quibus
3695 1867 3952 1940 supra,
4013 1852 4084 1916 et
4139 1843 4232 1916 ad
4287 1842 4422 1916 hoc
4477 1853 4559 1916 ut
4614 1853 4815 1919 actus

1173 1991 1339 2040 vere
1387 1967 1736 2063 juridicus
1792 1975 2003 2063 esset,
2044 1967 2398 2063 PotestaS,
2442 1966 2787 2041 Consules
2845 1993 2928 2041 ac
2984 1968 3288 2041 Antiani
3345 1968 3710 2042 decretum
3768 1969 4365 2065 approbationum
4404 1970 4812 2066 emiserunt,

1173 2098 1244 2163 et
1304 2092 1902 2165 Ambaxiatorum
1958 2091 2355 2165 commissio
2413 2091 2506 2164 ad
2563 2092 2699 2164 tria
2756 2100 3023 2190 puncta
3078 2093 3369 2166 redacta
3426 2092 3596 2165 fuit:

1384 2217 1626 2290 Primo
1706 2241 1958 2314 nempe
2031 2217 2123 2290 ad
2177 2216 2523 2314 petendas
2581 2216 2899 2315 priorum
2956 2218 3426 2314 capitulorum
3486 2217 4067 2313 reformationes,
4128 2217 4371 2315 Papae
4428 2217 4844 2296 absolutio-.

1169 2366 1354 2439 nem,
1388 2343 1478 2415 ab
1518 2343 1842 2416 omnibus
1886 2343 2224 2437 censuriS,
2259 2350 2330 2415 et
2369 2342 2903 2440 privilegiorum
2941 2367 3025 2415 ac
3064 2344 3726 2440 praerogativarum
3766 2342 4391 2438 reintegrationem
4421 2344 4812 2440 obtineant,

1171 2476 1242 2539 et
1312 2468 1605 2540 tandem
1678 2467 1908 2563 quod,
1968 2475 2215 2540 secuta
2285 2466 2755 2541 ratificatione
2828 2467 3195 2541 literarum
3263 2468 3855 2566 apostolicarum,
3915 2468 4298 2565 deputetur
4351 2469 4617 2565 absque
4674 2468 4814 2542 alia

1171 2593 1741 2666 denominatione
1816 2593 2054 2691 populi
2132 2593 2587 2666 bononiensis
2660 2593 3042 2667 Thadaeus
3099 2594 3185 2667 de
3243 2593 3533 2692 Pepulis
3587 2595 3661 2667 in
3716 2594 4368 2667 administratorem
4415 2595 4684 2690 jurium
4739 2602 4812 2667 et

1158 2719 1506 2791 bonorum
1561 2718 1949 2814 Ecclesiae,
2000 2719 2382 2791 dummodo
2444 2727 2969 2792 sacramentum
3027 2718 3410 2815 fidelitatis,
3452 2719 3842 2815 recognitio
3899 2719 4189 2792 dominii
4244 2719 4420 2791 meri
4477 2730 4548 2791 et
4604 2719 4809 2792 mixti

1160 2844 1461 2941 imperii,
1522 2868 1775 2917 census
1833 2844 2242 2917 constitutio
2300 2854 2372 2916 et
2428 2843 2765 2939 obligatio
2825 2845 3150 2918 militaris
3219 2845 3549 2941 subsidii,
3609 2869 3741 2917 nec
3797 2869 3939 2917 non
3996 2844 4347 2917 minorum
4404 2844 4807 2918 officialium

1161 2969 1529 3066 deputatio
1577 2970 1794 3065 juxta
1848 2969 2149 3042 formam
2206 2970 2596 3067 primarum
2651 2968 3020 3043 literarum
3075 2995 3441 3067 nunquam
3496 2970 3585 3042 ad
3645 2969 4099 3070 Thadaeum,
4156 2970 4281 3041 sed
4336 2970 4429 3043 ad
4487 2970 4806 3042 eamdem

1158 3094 1725 3167 Universitatem
1781 3095 2228 3191 pertineant,
2269 3104 2339 3167 et
2378 3096 2446 3166 in
2508 3095 2615 3167 his
2673 3095 2997 3168 omnibus
3054 3095 3377 3168 consistit
3433 3120 3708 3168 summa
3765 3095 4092 3193 praefata
4147 3093 4579 3191 apostolicae
4618 3093 4804 3167 Con-

1159 3219 1571 3315 stitutioniS,
1633 3244 1815 3316 quae
1874 3220 2125 3294 datata
2180 3220 2316 3293 fuit
2371 3220 2745 3294 Avenione
2802 3220 3093 3294 XVIII.
3153 3220 3297 3294 kal.
3348 3220 3533 3317 julii,
3593 3246 3781 3294 anno
3839 3229 4045 3294 sexto
4076 3218 4176 3294 (1).

1380 3470 1847 3568 Beltramino,
1904 3474 2210 3570 episcopo
2266 3496 2583 3567 emnam,
2639 3473 3055 3569 apostolicae
3116 3470 3323 3544 Sedis
3378 3473 3658 3544 launoio,

1370 3596 1780 3694 Deputatur
1836 3598 2023 3671 idem
2080 3597 2168 3670 ad
2227 3597 2709 3694 recipiendum
2764 3597 3127 3671 fidelitatis
3175 3598 3665 3694 juramentum
3738 3597 3829 3670 ad
3900 3597 4200 3670 formam
4278 3596 4805 3693 praedictarum

1153 3721 1741 3795 reformationum
1799 3747 1842 3794 a
1899 3722 2469 3796 Conestabilibus
2528 3723 3188 3819 stipendiariorum,
3231 3731 3302 3795 et
3342 3721 3527 3818 quod
3568 3720 3848 3794 insimul
3890 3721 4066 3795 alias
4104 3745 4445 3819 personas
4484 3722 4802 3818 deputet,

1154 3855 1232 3920 ut
1291 3846 1693 3944 hujusmodi
1742 3848 2155 3944 juramenta
2209 3848 2580 3946 recipiant.
2640 3848 2909 3922 Datum
2966 3847 3325 3921 Avenioni
3381 3847 3631 3921 XVII.
3692 3846 3833 3921 kal.
3886 3846 4095 3944 junii,
4153 3871 4340 3920 anno
4397 3855 4603 3920 sexto
4636 3844 4738 3922 (2).

1370 3973 1640 4046 Eodem
1698 3974 1917 4068 igitur
1971 3999 2182 4069 anno,
2224 3975 2453 4072 prima
2507 3975 2817 4070 augusti,
2859 3974 3341 4048 Beltraminus
3398 3974 3685 4046 devenit
3741 3974 3814 4046 in
3870 3974 4235 4046 civitatem
4288 3972 4679 4067 Bononiae,
4718 3997 4804 4045 ac

1152 4100 1398 4172 statim
1453 4100 1523 4171 in
1580 4100 1993 4173 bannitores
2050 4125 2174 4172 seu
2230 4125 2618 4197 praecones
2676 4101 3044 4174 constituit
3103 4109 3174 4172 et
3231 4101 3604 4197 deputavit
3658 4100 3730 4171 in
3788 4098 4087 4172 solidum
4143 4098 4575 4171 Damianum
4613 4098 4802 4170 Ben-

1150 4225 1421 4321 venuti,
1464 4224 1842 4297 Nicolaum
1899 4224 2097 4298 Dosii
2155 4234 2226 4298 et
2282 4226 2670 4298 Vivianum
2727 4225 3117 4322 Thomasii,
3158 4226 3303 4322 qui,
3346 4225 3690 4322 praestito
3728 4225 4140 4322 juramento
4196 4223 4503 4297 faciendi
4559 4248 4802 4297 omnes

1150 4349 1747 4448 proclamationes
1804 4350 1936 4422 sibi
1996 4350 2166 4447 ipsis
2223 4374 2265 4422 a
2319 4349 2601 4422 Nuncio
2658 4350 3107 4447 commissas,
3168 4358 3240 4423 et
3309 4352 3396 4422 de
3467 4350 3718 4422 iisdem
3787 4349 4144 4422 referendi
4190 4349 4407 4444 juxta
4463 4348 4804 4421 mandata

1151 4476 1472 4573 ejusdem
1528 4475 1898 4572 apostolici
1954 4475 2242 4572 Nuncii,
2284 4475 2818 4573 proclamarunt
2875 4475 3155 4548 nomine
3213 4475 3456 4573 Papae
3513 4499 3757 4549 omnes
3813 4475 3900 4547 de
3958 4473 4269 4547 Consilio
4311 4473 4422 4546 die
4476 4474 4801 4570 sequenti

1150 4603 1282 4674 sub
1341 4626 1571 4698 poena
1630 4601 1880 4696 viginti
1936 4601 2323 4675 solidorum
2370 4601 2653 4675 insimul
2711 4602 3135 4696 congregari
3190 4602 3448 4674 debere
3506 4600 3595 4674 ad
3653 4600 4085 4673 audiendum
4132 4600 4299 4695 quid
4340 4600 4441 4672 eis
4478 4598 4803 4671 Nuncius

1147 4726 1551 4800 faciendum
1596 4728 2070 4824 proposuerit.
2113 4726 2720 4800 Proclamationes
2758 4727 2993 4799 factae
3034 4727 3325 4810 fuerunt
3379 4726 3449 4798 in
3505 4725 3867 4822 quarterio
3905 4733 4157 4822 portae
4196 4725 4426 4797 sancti
4464 4724 4685 4820 Petri,
4731 4726 4799 4797 in

1148 4852 1514 4949 quarterio
1571 4860 1822 4948 portae
1883 4851 2197 4948 Steriae,
2258 4852 2330 4924 in
2385 4853 2747 4947 quarterio
2808 4852 3033 4925 sancti
3091 4851 3379 4924 Proculi
3455 4859 3527 4923 et
3598 4851 3959 4947 quarterio
4023 4859 4273 4948 portae
4329 4849 4799 4924 Ravennatis,

1145 4977 1256 5051 De
1315 4976 1724 5073 hujusmodi
1783 4977 1974 5051 facto
2033 4978 2340 5051 habetur
2389 4978 2941 5050 instrumentum
3000 5003 3161 5050 cum
3217 4978 3456 5072 rogitu
3511 4977 3728 5050 trium
3784 4976 4247 5049 notariorum.

1366 5103 1500 5175 Die
1559 5103 1657 5177 II.
1721 5104 1980 5176 mensis
2037 5103 2345 5198 augusti,
2392 5101 2782 5175 Consilium
2836 5102 3168 5197 generale
3226 5104 3313 5175 de
3370 5102 3656 5174 licentia
3711 5102 3956 5199 Papae
4012 5110 4084 5174 et
4133 5102 4219 5173 de
4256 5101 4594 5173 mandato
4631 5100 4801 5173 Bel-

1144 5229 1435 5301 tramini
1492 5229 1732 5301 nuncii
1789 5237 2224 5301 convocatur
2263 5228 2336 5299 in
2373 5227 2771 5300 eodemmet
2819 5226 2996 5323 locO,
3036 5229 3112 5300 in
3150 5253 3289 5324 quo
3327 5228 3552 5300 ardua
3592 5227 3902 5301 civitatis
3941 5226 4229 5322 negotia
4266 5233 4802 5323 pertractantur

1147 5377 1389 5427 coram
1447 5351 1885 5426 Consiliariis
1924 5352 2513 5447 Communitatis,
2556 5352 3042 5424 universitatis
3098 5361 3169 5424 et
3226 5351 3489 5450 populi,
3541 5376 3843 5448 quorum
3898 5351 4184 5424 nomina
4242 5375 4368 5447 per
4423 5359 4800 5423 extensum

1148 5478 1432 5573 dantur,
1478 5485 1550 5551 et
1606 5503 1847 5550 coram
1903 5478 2257 5551 nobilibus
2314 5477 2485 5550 viris
2540 5476 2768 5572 Nigro
2828 5477 2915 5550 de
2970 5477 3316 5550 Bruxatis
3373 5478 3461 5548 de
3518 5476 3792 5570 Brixia,
3835 5476 4057 5548 milite
4115 5500 4244 5573 pro
4290 5477 4687 5570 Potestate,
4731 5484 4803 5548 et

1147 5604 1497 5676 Jacobino
1556 5603 1641 5675 de
1699 5602 1952 5698 Regio,
1994 5602 2594 5696 Provicegerente
2652 5601 3051 5699 Capitanei,
3095 5609 3165 5674 et
3221 5600 3562 5674 Thadaeo
3603 5601 3689 5673 de
3729 5600 4041 5697 Pepulis.
4094 5601 4181 5673 In
4236 5600 4555 5696 generali
4611 5599 4800 5673 Con-

1144 5729 1299 5801 silio
1357 5727 1682 5800 Nuncius
1741 5729 1828 5800 de
1886 5729 2115 5800 tribus
2173 5752 2294 5801 eos
2352 5752 2594 5800 omnes
2651 5728 3146 5822 interrogavit,
3189 5726 3416 5824 primo
3473 5751 3565 5798 an
3622 5725 4012 5799 Consilium
4069 5734 4255 5799 esset
4311 5724 4622 5822 plenum,
4673 5751 4798 5820 ge-

1144 5853 1385 5927 nerale
1459 5861 1530 5926 et
1606 5853 1954 5949 solemne3
2017 5853 2327 5925 secundo
2403 5877 2492 5925 an
2553 5861 2791 5925 essent
2845 5861 2954 5925 tot
3026 5876 3321 5925 numero
3389 5860 3561 5948 quot
3635 5851 4111 5924 necessarium
4189 5859 4380 5945 erat3
4441 5860 4513 5923 et
4588 5851 4799 5923 tertio

1143 6004 1235 6052 an
1295 5980 1428 6077 ipsi
1487 5986 2116 6075 repraesentarent
2172 5978 2735 6051 Universitatem
2796 5978 3129 6073 civitatis,
3173 5977 3553 6051 comitatus
3594 5984 3665 6049 et
3712 5975 4120 6071 districtus
4163 5976 4442 6071 quibuS,
4486 5975 4799 6048 affirma-

1147 6105 1292 6178 tive
1349 6113 1637 6202 recepto
1696 6127 2072 6200 response,
2133 6104 2374 6176 statim
2433 6103 2807 6177 mandavit
2864 6128 2992 6200 per
3047 6102 3404 6176 notarium
3461 6101 3706 6175 literas
3764 6101 4192 6198 apostolicas
4257 6100 4437 6196 legi,
4499 6123 4796 6196 quarum

1319 6387 1396 6451 (1)
1438 6385 1576 6438 Vide
1616 6385 1716 6437 sub
1756 6403 1905 6438 num.
1943 6384 2174 6450 LXVI
2214 6401 2260 6437 c.
2306 6387 2422 6437 124.
3196 6385 3274 6450 (2)
3312 6383 3453 6437 Vide
3493 6384 3595 6436 sub
3633 6400 3783 6435 num.
3820 6381 4078 6448 LXVII
4118 6397 4165 6434 c.
4208 6384 4328 6434 131.
