5542 7775
1624 662 2088 713 srncrAN'rIA
2146 662 2247 710 AD
2306 658 2817 710 Pnornssonns
2873 659 3086 709 cums
3145 657 3416 707 c1v1L1s
4187 634 4338 705 135

696 823 1089 906 intrantibus,
1125 829 1444 907 sancteque
1487 820 1804 905 apostolice
1855 839 2102 882 romane
2146 815 2446 897 Ecclesie;
2476 836 2601 878 non
2646 835 2748 879 ero
2795 815 2862 878 in
2893 814 3139 878 consilio
3170 822 3278 877 aut
3310 833 3601 877 consensu
3635 813 3724 876 vel
3750 812 3934 894 fact0,
3968 813 4136 897 quod
4160 811 4346 873 vitam

690 930 964 1016 perdant
1001 938 1109 995 aut
1142 928 1500 1010 membrum,
1533 934 1644 990 aut
1687 928 2019 1010 capiantur
2063 925 2229 987 mala
2275 924 2565 1006 captione.
2621 921 2959 985 Consilium
3008 921 3170 1006 quod
3214 920 3367 983 mihi
3410 921 3710 984 credituri
3754 928 3936 984 erunt
3969 941 4092 1004 per
4135 941 4196 985 se
4238 928 4348 984 aut

700 1040 958 1102 nuncios
1000 1058 1141 1101 suos
1194 1038 1314 1100 sire
1347 1056 1469 1119 per
1513 1035 1743 1114 literas,
1790 1033 1875 1096 ad
1921 1053 2131 1096 eorum
2177 1031 2501 1112 damnum,
2550 1049 2641 1093 me
2686 1030 2926 1110 sciente,
2967 1029 3201 1092 nemini
3239 1028 3556 1112 pandam:
3602 1033 3656 1091 et
3699 1029 3755 1091 si
3797 1029 4020 1091 scivero
4072 1027 4215 1112 fieri
4259 1028 4349 1091 rel

691 1147 1029 1230 procurari
1070 1165 1175 1209 seu
1222 1144 1482 1206 tractari
1525 1140 1785 1225 aliquid,
1833 1139 1997 1224 qucd
2039 1140 2115 1201 sit
2163 1140 2225 1200 in
2275 1157 2487 1201 eorum
2532 1136 2622 1199 rel
2670 1134 2933 1199 Ecclesie
2972 1135 3240 1218 predicte
3283 1135 3615 1217 damnum,
3661 1135 3824 1199 illud
3854 1156 3978 1219 pro
4011 1157 4187 1220 posse
4231 1138 4346 1199 im-

690 1252 972 1336 pediam,
1021 1259 1075 1316 et
1120 1253 1175 1314 si
1221 1249 1516 1335 impedire
1560 1269 1681 1311 non
1718 1254 1953 1332 potero,
1994 1245 2159 1310 illud
2204 1246 2289 1308 eis
2333 1251 2385 1308 et
2433 1244 2623 1307 eidem
2670 1241 2936 1306 Ecclesie
2982 1242 3327 1327 siqnificare
3371 1240 3615 1306 curab0.
3666 1240 3972 1326 Papatum
4022 1263 4346 1307 romanum

700 1367 753 1424 et
800 1360 1033 1444 reqalia
1091 1360 1286 1421 sancti
1335 1357 1506 1421 Petri
1549 1356 1710 1439 jura
1767 1361 1820 1418 et
1865 1353 2329 1437 jurisdictiones
2376 1352 2566 1435 ipsius
2610 1357 2665 1413 et
2709 1370 3120 1413 successorum
3164 1370 3420 1413 suorum
3466 1371 3538 1414 ac
3583 1369 3833 1414 romane
3878 1349 4175 1434 Ecclesie,
4220 1358 4345 1415 tam

702 1467 771 1530 in
816 1467 929 1530 hac
973 1468 1206 1530 civitate
1253 1467 1499 1548 eiusque
1543 1463 1853 1527 territorio
1899 1467 1953 1524 et
1998 1460 2278 1524 districtu
2327 1479 2512 1543 quam
2557 1456 2705 1520 alibi
2753 1456 3118 1541 ubicumque
3163 1458 3516 1539 eoeistentia,
3562 1457 3815 1541 adjutor
3859 1479 3960 1521 ero
4004 1459 4060 1523 ei
4104 1465 4159 1523 et
4206 1461 4351 1543 ipsis

695 1572 1132 1638 successoribus
1179 1595 1251 1636 ac
1297 1570 1562 1634 Ecclesie
1604 1569 1691 1632 ad
1738 1568 2148 1649 retinendum,
2180 1565 2633 1648 defendendum
2680 1571 2733 1628 et
2783 1564 3295 1648 recuperandum,
3328 1586 3397 1627 ac
3428 1572 3784 1647 recuperata
3824 1566 4349 1629 manutenendum

698 1688 911 1745 contra
956 1701 1189 1744 omnem
1238 1679 1561 1761 hominem,
1602 1684 1655 1741 et
1702 1676 1865 1761 quod
1906 1673 2264 1758 hujusmodi
2306 1672 2579 1756 officium
2614 1692 2735 1756 per
2781 1671 3054 1736 eumdem
3103 1670 3422 1734 dominum
3471 1692 3670 1735 meum
3716 1671 4034 1735 dominum
4083 1670 4349 1738 Benedi-

701 1796 864 1852 ctum
900 1808 1133 1872 papam
1180 1785 1363 1849 michi
1405 1787 1809 1865 commissum,
1842 1791 1894 1847 et
1942 1780 2233 1867 quicquid
2275 1778 2557 1865 spectabit
2600 1778 2686 1842 ad
2722 1778 2905 1860 illud,
2939 1781 3059 1842 vice
3091 1786 3144 1843 et
3175 1780 3419 1843 nomine
3448 1778 3716 1862 ejusdem
3746 1779 3982 1842 domini
4011 1782 4131 1843 mei
4161 1779 4348 1865 Pape,

708 1904 763 1961 et
806 1915 1213 1959 successorum
1259 1914 1513 1957 suorum
1569 1899 1623 1956 et
1666 1900 1871 1956 sancte
1915 1911 2164 1954 romane
2209 1888 2473 1953 Ecclesie
2519 1887 2666 1952 bene
2711 1894 2764 1951 et
2807 1887 3074 1970 fideliter
3118 1886 3413 1970 e‘rercebo,
3445 1889 3764 1952 universas
3808 1895 3863 1951 et
3906 1889 4185 1973 sinyulas
4212 1910 4352 1953 con-

702 2005 1039 2084 ventiones,
1086 2001 1455 2066 conditiones
1515 2007 1570 2063 et
1617 1999 2050 2083 promissiones
2110 1999 2177 2060 in
2239 1996 2415 2059 dictis
2467 1996 2684 2059 litteris
2729 2015 2917 2079 super
2960 1994 3122 2058 dicta
3170 1995 3646 2059 reconciliatione
3690 1994 3988 2078 confectis,
4036 2016 4168 2059 una
4210 2018 4351 2060 cum

704 2108 1234 2190 declarationibus,
1285 2105 1797 2171 moderationibus
1840 2113 1894 2170 et
1939 2102 2416 2189 suppletionibus
2459 2102 2851 2187 supradictiS,
2900 2108 2954 2165 et
2998 2103 3204 2165 omnia
3251 2109 3304 2165 et
3347 2102 3617 2186 sinyula,
3665 2123 3781 2187 que
3825 2105 3892 2165 in
3938 2102 4115 2167 dictis
4158 2104 4353 2169 literis

701 2220 1112 2299 continentur,
1148 2217 1454 2300 plenarie,
1502 2221 1802 2299 quantum
1849 2215 1915 2276 in
1964 2234 2057 2275 me
2097 2212 2316 2294 fuerit,
2348 2209 2686 2292 observabo,
2719 2231 2827 2273 nec
2873 2211 3108 2273 veniam
3154 2217 3367 2273 contra
3412 2210 3542 2274 illa.
3579 2209 3681 2273 Sic
3728 2231 3821 2274 me
3864 2209 4040 2275 Deus
4082 2211 4351 2295 adjuvet,

700 2332 755 2390 et
797 2324 903 2389 hec
946 2331 1155 2388 sancta
1205 2323 1326 2387 Dei
1367 2322 1705 2407 Evanyelia
1756 2346 1815 2384 ».
1865 2319 2163 2404 Denique
2210 2318 2508 2381 eumdem
2555 2317 2895 2381 Thadeum
2942 2338 3026 2380 ex
3072 2326 3256 2403 parte
3305 2325 3525 2381 nostra
3586 2317 3863 2381 horteris
3928 2325 3993 2382 et
4046 2316 4356 2402 inducas,

699 2439 772 2497 ut
834 2433 926 2496 sic
988 2431 1406 2496 laudabiliter
1451 2435 1515 2493 et
1570 2428 1923 2515 prudenter
1968 2426 2034 2490 in
2081 2426 2635 2489 administratione
2683 2424 2976 2511 predicta
3022 2446 3091 2489 se
3138 2446 3364 2510 gerere
3412 2424 3671 2489 studeat
3732 2435 3799 2489 et
3860 2426 4131 2509 habere,
4181 2427 4351 2512 quod

703 2540 877 2627 apud
924 2561 1040 2603 nos
1088 2546 1151 2603 et
1202 2537 1437 2601 Sedem
1482 2535 1776 2599 eamdem
1821 2555 1947 2598 non
1996 2534 2313 2596 immerito
2361 2532 2577 2596 valeat
2624 2531 3082 2612 commendari,
3133 2551 3375 2617 nosque
3423 2539 3486 2596 et
3533 2532 3706 2596 dicta
3756 2532 3955 2597 Sedes
4002 2534 4084 2597 ad
4132 2554 4351 2619 prose-

701 2648 1027 2733 quendum
1076 2645 1371 2710 eumdem
1420 2644 1651 2729 gratijs
1696 2649 1762 2706 et
1807 2641 2138 2705 favoribus
2187 2663 2270 2705 ex
2317 2641 2458 2724 ejus
2504 2639 2941 2703 laudabilibus
2989 2639 3231 2703 meritis
3279 2640 3752 2705 rationabiliter
3797 2640 4197 2720 inducamur.

878 2754 1120 2817 Datum
1166 2751 1497 2834 Avinioni,
1546 2749 2070 2835 decimoseptimo
2118 2748 2434 2812 kalendas
2483 2748 2644 2832 iulij,
2692 2747 3105 2834 pontificatus
3149 2747 3352 2811 nostri
3397 2768 3567 2811 anno
3614 2756 3822 2812 sexte.

2412 3124 2661 3189 LXIX.

2270 3357 2464 3439 1341,
2514 3357 2602 3420 28
2649 3358 2809 3421 iulii.

1182 3589 1287 3653 Ex
1335 3589 1562 3653 eodem
1611 3598 1786 3653 tomo
1838 3588 2076 3653 Codicis
2121 3590 2496 3675 diplomatici
2540 3589 2940 3672 bononiensis,
2988 3610 3162 3652 num.
3209 3587 3392 3669 XL„
3443 3610 3496 3652 c.
3549 3590 3678 3652 710
3727 3610 3778 3652 r.
3811 3587 3892 3651 (¹)

883 3822 1276 3888 Benedictus
1322 3823 1683 3911 episcopus,
1732 3844 1958 3888 servus
2004 3844 2339 3888 servorum
2383 3822 2531 3907 Dei,
2579 3822 2816 3888 dilecto
2863 3822 2994 3886 filio
3043 3822 3244 3887 nobili
3291 3822 3429 3887 viro
3479 3821 3745 3886 Thadeo
3793 3821 3873 3887 de
3919 3820 4210 3908 Pepulis,
4244 3841 4357 3906 ge-

708 3932 875 3996 renti
922 3930 1548 3995 administrationem
1594 3932 1829 3995 iurium
1877 3938 2245 3995 nostrorum
2289 3932 2607 3996 fiscalium
2653 3933 2717 3996 in
2767 3932 3063 4014 civitate,
3112 3931 3421 3996 comitatu
3467 3937 3532 3995 et
3586 3930 3884 3995 districtu
3938 3930 4357 4012 bononiensi,

710 4040 986 4103 salutem
1034 4047 1098 4103 et
1146 4039 1569 4125 apostolicam
1616 4039 2153 4103 benedictionem.

885 4147 989 4211 Ex
1036 4147 1199 4231 hijs,
1249 4168 1373 4232 que
1441 4147 1523 4210 ad
1587 4147 1831 4211 curiam
1893 4147 2020 4231 hijs
2085 4147 2313 4211 diebus
2361 4147 2678 4234 scripsisti
2725 4153 3070 4233 perceptO,
3120 4147 3293 4232 quod
3340 4154 3410 4210 tu
3458 4147 3541 4211 ad
3586 4146 4052 4211 exaltationem
4096 4146 4361 4209 honoris

712 4253 1003 4318 Ecclesie
1051 4275 1315 4318 romane
1362 4253 1610 4319 sineere
1658 4254 1796 4318 zelo
1846 4254 2229 4338 devotionis,
2262 4254 2427 4318 sicut
2473 4256 2669 4319 etiarn
2717 4255 2956 4318 teneris
3003 4254 3370 4336 adstrictus,
3404 4254 3699 4339 aspirans
3739 4253 3992 4339 pridem
4032 4253 4115 4316 ad
4149 4253 4361 4338 requi·

710 4361 1009 4426 sitionem
1053 4361 1271 4425 dilecti
1312 4361 1429 4446 filij
1466 4360 1886 4446 Thesaurarij
1919 4362 2248 4448 provincie
2282 4361 2733 4444 Romandiole‚
2765 4361 2950 4426 nobis
2984 4369 3050 4426 et
3081 4361 3292 4425 eidem
3321 4361 3613 4426 Ecclesie
3647 4360 4015 4425 immediate
4049 4360 4360 4446 subjecte,

713 4490 829 4556 pro
877 4469 1301 4556 reprimendis
1350 4469 1571 4533 utilius
1628 4468 1963 4533 rebellium
2029 4469 2323 4554 ejusdem
2385 4470 2713 4556 provincie
2775 4469 3286 4556 presumptuosis
3349 4469 3821 4533 temeritatibus
3869 4490 3997 4533 non
4044 4468 4366 4533 modicum

711 4585 1096 4663 apparatum
1144 4576 1460 4662 equestris
1508 4584 1573 4641 et
1618 4576 1935 4663 pedestris
1989 4578 2201 4662 gentis
2260 4577 2580 4662 armigere
2643 4577 2725 4640 ad
2792 4577 3088 4641 eamdem
3150 4577 3548 4663 provinciam
3611 4576 3926 4663 promptis
3987 4584 4053 4640 et
4114 4576 4363 4640 devotis

712 4684 1051 4749 affectibus
1098 4685 1456 4767 destinasti,
1498 4685 1797 4771 quodque
1832 4686 1983 4750 licet
2015 4686 2287 4750 dilectus
2333 4686 2505 4749 filius
2536 4687 2847 4771 magister
2876 4686 3219 4772 Philippus
3251 4685 3331 4749 de
3363 4685 3616 4750 Antilla
3648 4685 3825 4771 prior
3856 4685 4125 4749 ecclesie
4157 4686 4366 4748 sancti

711 4791 890 4855 Petri
941 4792 1234 4876 Scaradij
1283 4791 1665 4874 Florentini,
1701 4793 2077 4879 capellanus
2124 4800 2363 4875 noster,
2398 4800 2609 4858 rector
2655 4793 2948 4878 ejusdem
2994 4793 3325 4879 provincie
3372 4791 3524 4856 dum
3573 4813 3782 4878 nuper
3827 4791 3906 4855 de
3954 4790 4151 4855 Curia
4187 4813 4362 4855 rece-

715 4898 874 4963 dens
920 4900 1003 4963 ad
1051 4900 1377 4964 civitatem
1426 4900 1841 4987 applicuisset
1888 4901 2369 4984 Florentinum,
2421 4901 2764 4987 instigatus
2827 4902 3047 4978 forsan
3109 4923 3225 4988 pro
3289 4909 3474 4987 parte
3539 4901 3862 4965 dictorum
3915 4900 4258 4964 rebellium
4303 4909 4366 4963 te

714 5007 1098 5092 requisierit,
1148 5016 1218 5071 ut
1281 5015 1543 5092 gentem
1604 5029 1945 5072 revocares
2016 5009 2341 5073 eamdem:
2392 5016 2460 5072 tu
2525 5018 2742 5073 tamen
2805 5010 2995 5073 certis
3057 5009 3418 5073 rationibus
3482 5008 3692 5073 eidem
3761 5029 3878 5093 per
3939 5007 4160 5071 literas
4221 5014 4369 5071 tuas

716 5115 1122 5201 responsales
1168 5116 1485 5200 pretensis
1534 5115 1598 5179 id
1646 5115 1859 5179 facere
1909 5137 2241 5201 quousque
2292 5117 2480 5180 aliter
2526 5138 2700 5180 esses
2749 5117 3131 5180 certioratus
3177 5116 3257 5180 de
3305 5123 3527 5181 nostro
3570 5115 3979 5202 beneplacito
4012 5136 4206 5201 super
4238 5114 4365 5198 hijs

717 5222 1006 5302 omisisti,
1056 5243 1193 5302 nos,
1243 5222 1571 5307 premissis
1620 5222 1991 5308 diligentius
2042 5223 2403 5306 intellectis,
2453 5223 2860 5288 devotionem
2909 5231 3088 5287 tuam
3149 5231 3215 5287 et
3279 5224 3810 5309 circumspectam
3873 5223 3938 5286 in
3999 5223 4120 5285 hae
4183 5231 4367 5308 parte

718 5329 1121 5414 diligentiam
1171 5329 1611 5416 multiplieiter
1657 5330 1720 5394 in
1773 5330 2048 5394 Domino
2098 5331 2641 5415 commendamuS,
2675 5332 2988 5414 volenteS,
3021 5338 3327 5416 tuamque
3359 5330 3738 5394 fidelitatem
3780 5330 4088 5394 attentius
4134 5330 4369 5394 exhor-

721 5444 952 5518 tanteS,
1003 5444 1321 5521 quatenus
1367 5438 1537 5501 cirea
1585 5438 1899 5524 premissa
1947 5447 2079 5501 tam
2129 5460 2273 5502 eum
2322 5446 2515 5523 gente
2561 5438 2852 5525 predicta
2899 5460 3093 5525 quam
3136 5439 3318 5519 alias,
3353 5439 3520 5502 sicut
3566 5438 3723 5501 utile
3758 5459 3834 5501 ac
3866 5437 4218 5523 expediens
4250 5438 4366 5501 tibi

720 5552 783 5607 et
830 5543 1037 5608 eidem
1084 5543 1349 5609 Rectori
1396 5544 1749 5628 videbitur,
1797 5546 1920 5609 sibi
1969 5546 2186 5608 taliter
2233 5547 2534 5610 assistere
2585 5567 2710 5609 non
2760 5546 3054 5628 omittas,
3104 5546 3276 5631 quod
3324 5545 3494 5609 idem
3540 5545 3779 5609 Rector
3827 5552 3937 5608 tuo
3985 5551 4050 5608 et
4097 5545 4370 5609 aliorum

722 5650 1007 5715 fidelium
1055 5658 1120 5715 et
1162 5651 1543 5716 devotorum
1591 5661 1957 5717 nostrorum
2019 5662 2084 5716 et
2146 5653 2436 5717 Ecclesie
2500 5653 2702 5716 fultus
2767 5653 3033 5738 auxilijs
3094 5660 3160 5717 et
3223 5652 3555 5716 favoribus
3612 5653 3927 5734 eamdem,
3976 5652 4374 5738 provinciam

721 5759 1029 5844 repressis
1078 5759 1418 5822 rebellium
1466 5768 1531 5824 et
1575 5760 1998 5825 tiramnorum
2050 5761 2431 5845 insolentijs,
2479 5760 2683 5846 possit
2729 5760 2850 5824 sub
2898 5760 3074 5824 cultu
3119 5761 3298 5846 pacis
3346 5768 3411 5824 et
3450 5760 3699 5845 justitie
3748 5759 4134 5845 gubernare.

897 5867 1142 5930 Datum
1192 5867 1519 5949 Aviuioni,
1570 5869 1792 5953 quinto
1843 5868 2156 5932 kalendas
2203 5869 2484 5954 augusti,
2533 5868 2946 5954 pontificatus
2992 5869 3196 5932 nostri
3244 5889 3415 5932 anno
3463 5869 3577 5953 vij.

879 6527 957 6589 (l)
1000 6524 1081 6574 Ex
1120 6526 1351 6593 registro
1394 6525 1518 6577 vll.
1560 6526 1661 6595 Ep.
1700 6543 1843 6592 sec.‚
1883 6544 1969 6596 ep.
2015 6531 2132 6591 135,
2170 6527 2267 6578 fol.
2305 6531 2393 6579 59.
