5542 7775
1603 565 2067 652 SPEOTANTIA
2124 601 2227 651 AD
2284 601 2795 653 PBOFESSORES
2851 602 3061 653 JURIS
3117 602 3383 653 CIVILIS
4204 582 4296 653 51

2374 937 2594 1033 xxx.

2143 1181 2337 1264 1257,
2390 1182 2474 1245 17
2512 1180 2844 1265 februarii.

1504 1394 1611 1460 Ex
1653 1395 1942 1460 Archivo
1986 1395 2164 1459 Max.
2213 1395 2414 1479 Bon.,
2462 1395 2530 1459 in
2576 1395 2859 1481 Reyistro
2905 1416 3083 1479 nouo,
3130 1417 3186 1461 c.
3241 1398 3364 1460 103
3412 1419 3464 1461 r.

850 1607 958 1673 DE
1003 1627 1236 1674 LAUDO
1283 1626 1501 1674 11ΑοΤο
1546 1628 1640 1673 m:
1686 1608 2075 1690 Fanum,
2126 1628 2472 1682 QUAmTEn
2519 1627 2649 1673 PRO
2697 1607 2978 1674 Comum
3027 1607 3346 1674 BoNoNIE
3393 1629 3663 1674 DEBEAT
3709 1631 4150 1678 PEBMANERE.

852 1715 931 1779 In
978 1716 1236 1780 nomine
1281 1715 1547 1780 Domini
1593 1716 1797 1781 nostri
1842 1715 2002 1781 Jesu
2050 1715 2310 1799 Christi,
2360 1737 2569 1780 amen.
2617 1715 2754 1780 Nos
2803 1715 3241 1781 Bonacursius
3298 1716 3377 1781 de
3425 1716 3752 1801 Surixina,
3793 1740 3963 1783 nunc
4006 1718 4306 1784 Potestas

668 1822 961 1889 Bononie
1007 1830 1072 1889 et
1116 1831 1269 1888 tunc
1319 1823 1711 1910 Capitaneus
1757 1824 1981 1911 populi
2024 1823 2354 1906 Bononie,
2403 1845 2519 1888 seu
2580 1824 2928 1889 arbitrator
2994 1824 3236 1889 electus
3285 1846 3323 1888 a
3369 1824 3700 1889 Potestate
3749 1833 3815 1890 et
3861 1826 4133 1892 Comuni
4179 1827 4305 1892 Fa-

669 1931 885 1995 ventie
932 1931 1188 1996 nomine
1237 1930 1392 1995 dicti
1438 1931 1764 2014 Comunis,
1798 1930 2078 2016 dataque
2119 1930 2185 1995 in
2231 1930 2416 1995 nobis
2463 1931 2724 1995 licentia
2772 1931 3128 1996 arbitrandi
3175 1938 3240 1996 et
3286 1931 3593 1996 laudandi
3639 1940 3704 1997 et
3749 1932 4102 1998 diffiniendi
4141 1935 4309 1999 inter

669 2037 960 2103 homines
1008 2046 1073 2104 et
1116 2045 1333 2125 partes
1382 2038 1548 2103 dicte
1597 2039 1911 2122 civitatis,
1960 2045 2025 2104 et
2071 2039 2224 2103 data
2272 2060 2395 2124 que
2442 2039 2628 2104 nobis
2676 2046 2961 2125 potestas
3017 2039 3370 2104 diffiniendi
3417 2045 3482 2104 et
3524 2041 3920 2127 precipiendi
3966 2042 4136 2108 dicto
4185 2043 4306 2108 Co-

670 2147 848 2210 muni
895 2153 960 2211 et
1005 2146 1435 2211 Universitati
1491 2147 1795 2233 quicquid
1840 2146 2190 2211 viderimus
2250 2147 2556 2233 expedire
2611 2147 2840 2211 honori
2888 2155 2953 2212 et
2996 2147 3167 2213 bono
3214 2148 3407 2212 statui
3456 2149 3733 2213 civitatis
3779 2149 4092 2234 Bononie,
4127 2158 4192 2216 et
4236 2158 4309 2215 ut

671 2254 811 2340 ipsa
858 2255 1084 2320 civitas
1130 2254 1447 2318 Faventie
1494 2254 1698 2340 possit
1742 2261 2057 2341 perpetua
2102 2275 2261 2340 pace
2309 2254 2535 2341 potiri,
2585 2261 2650 2319 et
2695 2254 2970 2319 Comuni
3021 2254 3314 2320 Bononie
3376 2255 3807 2320 indissolubili
3859 2258 4117 2323 vinculo
4164 2258 4305 2323 alli-

670 2363 847 2448 gari,
896 2371 961 2427 et
1023 2368 1095 2425 ut
1153 2368 1427 2447 utraque
1493 2360 1718 2425 civitas
1779 2360 2071 2426 Bononie
2127 2368 2192 2425 et
2236 2361 2550 2426 Faventia
2598 2361 2663 2424 in
2707 2361 2878 2425 bono
2927 2368 2992 2426 et
3036 2362 3328 2448 paciffico
3375 2368 3547 2427 statu
3592 2364 3898 2449 perduret
3943 2372 4008 2429 et
4051 2387 4308 2452 semper

669 2472 903 2537 debeat
948 2489 1348 2557 permanere,
1397 2468 1758 2551 laudamus,
1806 2470 2317 2555 pronuntiamus,
2367 2469 2755 2532 arbitramur
2814 2476 2878 2533 et
2932 2469 3356 2556 precipimus,
3403 2470 3570 2556 quod
3624 2471 3910 2536 Comune
3957 2479 4023 2537 et
4077 2475 4304 2539 civitas

669 2578 982 2644 Faventie
1029 2577 1316 2640 habeant
1376 2583 1441 2640 et
1487 2576 1727 2640 habere
1775 2576 2055 2641 debeant
2100 2583 2477 2663 perpetuam
2525 2596 2788 2662 pacem,
2837 2583 2902 2640 et
2959 2597 3178 2641 omnes
3240 2577 3318 2641 de
3376 2578 3635 2642 civitate
3698 2586 3764 2643 et
3824 2580 4116 2645 districtu
4177 2582 4305 2645 Fa-

668 2686 884 2752 ventie
930 2684 1188 2748 nomine
1236 2683 1519 2769 partium
1564 2683 1732 2747 inter
1777 2704 1867 2766 se,
1910 2690 1975 2747 et
2023 2682 2157 2770 ipse
2205 2691 2443 2770 partes,
2480 2683 2726 2747 nullam
2773 2682 3106 2764 offensam,
3141 2684 3465 2769 injuriam,
3501 2685 3605 2749 vel
3651 2707 4005 2771 gravamen
4052 2688 4177 2753 sibi
4223 2690 4306 2753 ad

669 2794 945 2859 invicem
991 2791 1303 2872 inferant,
1353 2789 1467 2854 sed
1513 2791 1872 2855 comuniter
1918 2790 2320 2873 adinferant,
2368 2797 2434 2855 et
2481 2791 2838 2855 comuniter
2884 2790 3220 2855 intendant
3266 2791 3436 2856 bono
3483 2800 3546 2856 et
3592 2794 3883 2878 pacifflco
3944 2794 4141 2860 statui
4187 2794 4305 2861 Oo-

667 2900 878 2966 munis
923 2898 1217 2962 Bononie
1263 2904 1328 2962 et
1376 2896 1681 2963 Comunis
1728 2897 2064 2962 Faventie.

848 3014 952 3084 (Π
972 3006 1139 3070 Item
1186 3005 1574 3092 precipimus
1622 3012 1686 3069 et
1732 3005 2073 3070 laudamus
2129 3011 2201 3069 ut
2245 3005 2533 3069 annatim
2582 3005 2915 3091 requirant
2962 3005 3248 3070 Comune
3294 3005 3608 3088 Bononie,
3659 3015 3729 3070 ut
3776 3007 3886 3072 det
3931 3009 4053 3073 sibi
4099 3019 4303 3075 recto·

667 3136 840 3199 rem,
890 3135 1006 3178 seu
1060 3112 1461 3177 Potestatem
1521 3135 1668 3178 cum
1730 3112 1924 3177 feudo
1986 3119 2053 3177 et
2110 3112 2347 3177 salario
2411 3120 2752 3194 consuetO,
2803 3120 2866 3177 et
2931 3134 3122 3198 quem
3184 3113 3469 3178 Comune
3529 3113 3821 3179 Bononie
3883 3116 3976 3180 eis
4023 3116 4305 3202 dederit,

666 3224 951 3287 habeant
995 3241 1113 3307 pro
1159 3225 1429 3303 rectore,
1463 3225 1527 3284 et
1569 3221 1625 3284 si
1671 3220 2080 3306 capitaneum
2126 3220 2367 3284 habere
2399 3220 2742 3302 voluerint,
2777 3220 3001 3284 eodem
3052 3220 3239 3285 modo
3287 3220 3564 3284 debeant
3611 3243 3649 3285 a
3699 3221 3972 3287 Comuni
4012 3222 4305 3290 Bononie

666 3338 887 3418 petere
935 3337 1000 3394 et
1045 3337 1265 3397 tenere
1313 3350 1481 3411 eum,
1531 3349 1722 3415 quem
1769 3327 2057 3392 Comune
2101 3327 2394 3392 Bononie
2444 3328 2536 3392 eis
2584 3327 2853 3392 dederit.

847 3439 1014 3503 Item
1061 3438 1448 3525 precipimus
1495 3443 1560 3499 et
1605 3435 1986 3499 mandamus
2035 3433 2206 3520 quod
2253 3434 2494 3499 dictum
2542 3434 2829 3499 Comune
2871 3434 3186 3499 Faventie
3219 3441 3285 3500 et
3315 3435 3606 3500 homines
3640 3436 3807 3501 dicte
3841 3445 4009 3502 terre
4043 3445 4306 3504 teneant

667 3553 732 3611 et
779 3553 998 3611 tenere
1046 3546 1326 3610 debeant
1370 3565 1489 3631 pro
1537 3541 1759 3606 amicis
1806 3540 2046 3606 amicos
2079 3541 2383 3606 Comunis
2416 3541 2708 3606 Bononie
2742 3548 2808 3606 et
2840 3563 2954 3627 pro
2988 3541 3260 3606 inimicis
3305 3542 3592 3607 inimicos
3637 3542 3941 3608 Comunis
3971 3545 4301 3628 Bononie3

667 3662 732 3720 et
779 3655 835 3719 si
879 3674 995 3740 per
1043 3653 1330 3718 Comune
1377 3649 1671 3715 Bononie
1718 3648 1914 3712 fuerit
1960 3648 2130 3713 dicto
2188 3648 2462 3713 Comuni
2522 3649 2881 3714 iniunctum
2940 3649 3019 3714 de
3081 3671 3317 3734 guerra
3372 3650 3704 3734 facienda,
3753 3652 3857 3716 vel
3903 3674 4061 3738 pace
4110 3655 4305 3720 alicui

668 3761 934 3844 civitati,
981 3760 1155 3842 ville,
1203 3759 1310 3824 vel
1356 3764 1589 3839 castro,
1637 3756 1745 3821 vel
1791 3754 2055 3839 Baroni,
2104 3755 2209 3821 vel
2255 3756 2448 3820 alicui
2495 3755 2812 3842 singulari
2859 3777 3153 3842 persone,
3195 3757 3299 3820 vel
3345 3758 3684 3843 provintie,
3735 3761 4088 3824 secundum
4134 3763 4305 3847 quod

664 3868 1041 3934 mandatum
1098 3866 1293 3932 fuerit
1347 3865 1821 3947 observabunt3
1868 3871 1933 3929 et
1988 3864 2344 3929 exercitum
2407 3873 2473 3930 et
2528 3865 2852 3931 exercitus
2915 3872 2980 3930 et
3043 3865 3410 3931 cavalcatas
3473 3865 3685 3932 facere
3735 3873 4076 3934 teneantur
4122 3870 4304 3935 iuxta

664 3977 1042 4041 mandatum
1090 3974 1395 4040 Comunis
1441 3972 1757 4055 Bononie,
1807 3979 1872 4036 et
1918 3993 2100 4036 arma
2162 3979 2227 4035 et
2270 3993 2469 4058 equos
2516 3973 2847 4059 imponere
2896 3973 2961 4037 in
3022 3973 3280 4038 civitate
3337 3980 3402 4037 et
3447 3974 3741 4039 districtu
3787 3975 4102 4042 Faventie
4149 3999 4306 4064 quo-

664 4085 1063 4169 tiescumque
1110 4103 1227 4168 per
1274 4080 1516 4145 dictum
1564 4079 1851 4144 Comune
1897 4078 2190 4143 Bononie
2237 4078 2478 4143 fuerint
2523 4079 2848 4167 requisiti,
2895 4086 2958 4144 et
3006 4100 3186 4144 arma
3241 4088 3462 4146 tenere
3517 4082 3818 4168 imposita
3865 4089 4058 4170 atque
4105 4107 4303 4171 equos

663 4196 1028 4273 teneantur,
1077 4189 1280 4253 donec
1326 4187 1450 4274 ipsi
1497 4186 1772 4252 Comuni
1816 4186 2110 4252 Bononie
2156 4186 2496 4273 placuerit.

842 4298 1009 4362 Item
1055 4295 1445 4383 precipimus
1491 4301 1557 4358 et
1602 4294 1963 4377 laudamus,
2013 4294 2186 4380 quod
2231 4293 2477 4358 fossata
2523 4293 2691 4358 dicte
2740 4293 3019 4359 civitatis
3067 4316 3183 4359 seu
3229 4294 3444 4379 fovee,
3493 4296 3884 4383 conplanata
3930 4305 3994 4362 et
4041 4300 4302 4386 conpla-

663 4413 814 4471 nate
861 4405 1019 4487 sint,
1068 4404 1234 4468 sicut
1278 4423 1447 4467 nunc
1494 4407 1678 4483 sunt,
1728 4408 1793 4465 et
1837 4401 2065 4465 haberi
2110 4401 2389 4466 debeant
2442 4402 2897 4487 inperpetuum
2943 4409 3007 4466 et
3055 4403 3295 4485 teneri3
3346 4424 3553 4490 neque
3615 4404 3793 4469 refici
3846 4405 4124 4470 debeant
4184 4428 4302 4471 nec

664 4512 883 4577 cavari
913 4512 1021 4577 vel
1052 4511 1242 4575 aliter
1271 4509 1561 4596 reaptari
1605 4509 1849 4594 absque
1882 4508 2143 4573 licentia
2176 4508 2502 4591 Comunis,
2538 4507 2808 4574 Consilii
2839 4516 2902 4573 et
2933 4509 3172 4595 Populi
3201 4511 3615 4575 bononiensis
3648 4518 3712 4575 et
3744 4532 4079 4577 consensu.

843 4619 1010 4685 Item
1054 4618 1445 4706 precipimus
1492 4623 1557 4681 et
1602 4615 2022 4699 mandamus,
2072 4615 2245 4701 quod
2291 4615 2507 4680 omnia
2552 4616 2860 4681 victualia
2907 4627 2972 4681 et
3018 4617 3148 4681 alia
3195 4617 3693 4682 merchadandie
3741 4619 3821 4683 de
3869 4619 4128 4684 civitate
4175 4620 4302 4685 Fa-

662 4727 877 4793 ventie
926 4735 990 4790 et
1035 4727 1176 4812 ejus
1224 4725 1518 4790 districtu
1563 4724 1812 4811 possint
1858 4723 2008 4787 duci
2053 4730 2117 4787 et
2163 4723 2333 4787 trahi
2382 4730 2446 4787 et
2492 4724 2737 4809 portari
2786 4745 2902 4810 per
2949 4725 3120 4789 cives
3165 4723 3458 4789 Bononie
3506 4725 3588 4789 ad
3636 4725 3964 4790 civitatem
4009 4726 4302 4793 Bononie

663 4833 958 4920 a[b]sque
1007 4833 1224 4919 aliquo
1271 4832 1447 4897 datio
1480 4853 1594 4896 seu
1636 4831 1916 4896 tolomeo
1935 4830 2033 4895 (1).
2068 4829 2235 4894 Item
2280 4837 2352 4895 ut
2397 4838 2671 4917 utraque
2718 4831 2947 4895 civitas
2994 4830 3286 4896 Bononie
3328 4839 3392 4896 et
3423 4831 3735 4897 Faventie
3769 4833 4156 4898 victualibus
4187 4835 4302 4898 ha-

663 4941 988 5024 bundent,
1038 4940 1307 5005 dicimus
1356 4945 1421 5004 et
1466 4938 1807 5003 laudamus
1855 4937 2024 5023 quod
2073 4937 2291 5024 aliqua
2337 4937 2645 5003 victualia
2691 4938 2770 5002 de
2821 4938 3113 5003 districtu
3162 4939 3330 5003 dicte
3381 4939 3659 5003 civitatis
3703 4939 4019 5004 Faventie
4066 4941 4172 5006 vel
4222 4942 4302 5006 de

664 5048 837 5114 dicta
882 5047 1143 5112 civitate
1190 5068 1320 5113 non
1366 5046 1645 5111 debeant
1690 5045 1798 5110 vel
1840 5045 2089 5130 possint
2134 5044 2392 5109 extrahi
2433 5044 2537 5109 vel
2582 5045 2830 5132 portari
2875 5066 3100 5110 versus
3149 5045 3435 5132 aliquam
3475 5046 3670 5110 aliam
3704 5046 4054 5130 civitatem,
4087 5056 4303 5134 preter

666 5177 860 5242 quam
906 5176 1133 5220 versus
1178 5153 1506 5219 civitatem
1547 5152 1877 5234 Bononie,
1926 5173 2045 5216 nec
2099 5152 2178 5215 de
2239 5151 2543 5237 predictis
2599 5152 3017 5217 extrahendis
3079 5152 3184 5216 vel
3245 5152 3578 5239 portandis
3642 5153 3875 5218 debeat
3935 5153 4041 5219 vel
4102 5157 4308 5242 possit

665 5263 859 5328 alicui
905 5261 1151 5327 civitati
1196 5260 1303 5326 vel
1349 5267 1582 5343 castro,
1627 5259 1733 5325 vel
1779 5258 2094 5343 singulari
2139 5279 2413 5345 persone
2459 5257 2601 5322 fieri
2646 5259 2880 5344 gratia,
2930 5259 3218 5342 licentia,
3266 5259 3372 5324 vel
3417 5259 3681 5325 concedi
3744 5260 3987 5346 absque
4043 5261 4304 5327 licentia

664 5369 1036 5452 Potestatis,
1084 5367 1425 5455 Capitanei
1470 5373 1535 5431 et
1579 5366 1805 5453 populi
1852 5365 2157 5430 Oomunis
2202 5365 2517 5430 Bononie.

843 5476 1012 5541 Item
1059 5475 1327 5540 dicimus
1374 5481 1440 5539 et
1484 5474 1844 5555 laudamus,
1886 5472 2059 5559 quod
2105 5472 2330 5537 similis
2376 5479 2658 5557 moneta,
2691 5495 2816 5560 que
2865 5472 3253 5560 expenditur
3297 5474 3362 5538 in
3411 5473 3670 5538 civitate
3712 5473 4026 5558 Bononie,
4060 5497 4301 5562 expen-

666 5585 858 5650 datur
903 5589 969 5648 et
1015 5588 1233 5648 currat
1277 5582 1343 5646 in
1390 5581 1650 5647 civitate
1696 5579 2013 5644 Faventia
2059 5588 2126 5644 et
2168 5581 2311 5665 eJ'us
2357 5579 2672 5646 districtu.

844 5691 1011 5755 Item
1057 5690 1327 5755 dicimus
1375 5695 1440 5753 et
1485 5688 1826 5752 laudamus
1874 5686 2046 5773 quod
2090 5688 2211 5752 hec
2259 5687 2475 5752 omnia
2522 5694 2588 5753 et
2632 5688 2891 5773 singula
2938 5695 3262 5774 ponantur
3309 5694 3374 5752 et
3418 5688 3571 5776 poni
3622 5689 3919 5771 debeant,
3953 5695 4018 5752 et
4049 5709 4303 5775 semper

665 5820 806 5864 esse
851 5799 919 5862 in
967 5798 1223 5862 statutis
1272 5796 1577 5862 Comunis
1622 5795 1937 5859 Faventia
1983 5795 2266 5881 precise,
2316 5801 2380 5859 et
2428 5796 2493 5859 in
2540 5796 2798 5859 statutis
2861 5795 3166 5860 Comunis
3227 5794 3521 5861 Bononie
3582 5796 3864 5883 precise,
3914 5802 3978 5859 et
4040 5794 4118 5859 de
4179 5796 4300 5860 hoc

665 5912 962 5971 teneatur
1016 5905 1345 5987 Potestas,
1395 5924 1518 5990 que
1564 5901 1759 5966 fuerit
1805 5901 1889 5966 ad
1952 5901 2240 5988 regimen
2296 5902 2464 5967 dicte
2530 5908 2701 5966 terre
2759 5909 2824 5967 et
2870 5903 3169 5967 Potestas
3216 5903 3508 5968 Bononie
3556 5902 3769 5966 facere
3819 5901 4168 5966 observari.
4217 5902 4303 5965 Et

665 6013 785 6078 hec
832 6011 1048 6077 omnia
1094 6018 1159 6076 et
1204 6010 1463 6097 singula
1509 6009 1788 6074 debeant
1835 6008 2083 6073 attendi
2128 6016 2192 6073 et
2238 6009 2570 6075 observari
2615 6009 2683 6073 in
2739 6009 3034 6073 omnibus
3097 6016 3161 6073 et
3222 6009 3495 6094 singulis
3554 6008 3852 6095 capitulis
3916 6008 4301 6095 supradictis

665 6121 786 6185 sub
841 6140 1010 6206 pena
1073 6141 1196 6206 que
1242 6119 1308 6182 in
1356 6116 1813 6204 compromisso
1863 6117 2246 6200 continetur,
2295 6115 2533 6204 scripto
2580 6138 2777 6181 manu
2826 6116 3140 6181 Vitaliani
3187 6116 3266 6181 de
3310 6116 3790 6182 Vichomercati
3843 6115 4098 6198 notarii,
4145 6136 4301 6202 quo-

827 6369 905 6435 (1)
954 6366 1189 6419 Tolomeo
1224 6383 1322 6436 pro
1360 6367 1557 6419 teloneo
1570 6382 1594 6430 ,⁶
1619 6366 1760 6419 idest
1796 6366 2075 6433 tributum,
2114 6367 2349 6434 vectiqal.
2389 6366 2501 6420 Cfr.
2541 6367 2631 6420 Du
2669 6366 2872 6436 Gange,
2899 6364 3089 6431 VIIL,
3119 6370 3221 6420 118
3248 6370 3304 6420 et
3333 6370 3452 6419 119.
3479 6395 3544 6404 -
3573 6364 3641 6417 V.
3669 6365 3836 6418 etiam
3873 6364 4027 6429 telon,
4052 6364 4301 6428 telonium,

663 6457 918 6523 tolletum,
953 6457 1251 6522 lenonium,
1286 6456 1397 6508 toln
1435 6459 1491 6509 et
1527 6456 1807 6509 tolomena.
