5542 7775
1309 630 1455 701 166
2879 649 3368 700 MONUMENTA

1299 803 1629 888 Ecclesia,
1678 805 1848 892 quod
1896 805 2088 870 vicini
2137 804 2373 870 debent
2419 806 2726 891 recipere,
2777 812 2840 870 et
2888 806 3024 892 ipse
3070 804 3388 891 presbiter
3434 804 3664 869 debeat
3714 804 3802 868 ibi
3848 826 4110 869 manere
4158 826 4274 891 pro
4321 804 4580 869 Abbate
4642 812 4706 870 et
4767 805 4928 870 Fra-

1300 912 1506 976 tribus
1555 919 1620 977 et
1666 913 1893 977 vicinis
1940 913 2381 995 communiter,
2429 913 2715 999 alioquin
2764 912 2956 978 debet
3004 913 3227 976 Abbas
3271 919 3336 976 et
3383 913 3524 997 ejus
3571 912 3833 976 Fratres
3875 912 4204 976 communi
4255 912 4597 977 concordia
4645 934 4789 977 cum
4838 915 4930 978 vi-

1302 1020 1460 1084 cinis
1505 1020 1755 1107 prefate
1801 1019 2091 1085 Ecclesie
2137 1020 2426 1086 invenire
2475 1022 2676 1085 alium
2720 1020 3150 1107 presbiterum
3209 1020 3449 1084 bonum
3493 1029 3558 1084 et
3603 1019 3926 1106 ydoneum
3974 1020 4145 1084 bona
4192 1018 4337 1102 fide,
4383 1020 4520 1084 sine
4571 1020 4818 1103 fraude,
4868 1030 4933 1086 et

1300 1126 1631 1192 dimictere
1676 1127 1742 1191 in
1787 1128 2044 1213 prefata
2088 1127 2412 1210 Ecclesia,
2447 1128 2558 1214 qui
2602 1128 2834 1192 debeat
2880 1127 2967 1192 ibi
3017 1147 3277 1192 manere
3324 1144 3441 1214 pro
3487 1126 3746 1191 Abbate
3794 1133 3858 1191 et
3905 1126 4244 1190 Fratribus
4286 1133 4348 1190 et
4389 1126 4616 1191 vicinis
4649 1149 4931 1192 commu-

1300 1234 1486 1299 niter.
1534 1234 1772 1300 Actum
1822 1236 2015 1320 juxta
2061 1236 2412 1301 claustrum
2473 1235 2627 1299 dicti
2689 1234 3085 1319 monasterij.
3132 1233 3276 1320 Ego
3323 1233 3637 1316 Ventura,
3673 1234 3998 1320 quondam
4053 1234 4226 1320 regis
4283 1233 4561 1320 Henrigi
4619 1236 4927 1320 notarius,

1297 1341 1583 1425 interfui,
1629 1349 1713 1426 et,
1762 1351 1833 1407 ut
1879 1343 2345 1430 suprascritum
2391 1351 2509 1426 est,
2558 1343 2863 1407 mandato
2912 1342 3248 1407 ambarum
3297 1342 3589 1428 parcium
3636 1342 4006 1427 subscripsi.

1477 1450 1594 1532 (L.
1627 1450 1672 1532 †
1706 1449 1801 1532 S.)
1847 1450 1992 1535 Ego
2038 1450 2284 1514 Paulus
2331 1450 2656 1537 quondam
2700 1448 2917 1514 Lentii
2964 1448 3042 1513 de
3091 1448 3338 1535 Cospis,
3390 1449 3546 1513 civis
3593 1448 4027 1531 bononiensis,
4075 1448 4371 1535 publicus
4421 1450 4777 1535 apostolica
4818 1451 4931 1515 im-

1296 1557 1527 1643 periali
1573 1565 1638 1623 et
1683 1556 1988 1623 Comunis
2033 1557 2326 1623 Bononie
2373 1579 2448 1622 ac
2495 1558 2686 1623 Curie
2735 1555 3120 1643 episcopalis
3167 1556 3581 1621 bononiensis
3629 1556 4010 1620 auctoritate
4058 1556 4367 1640 notarius,
4416 1558 4924 1644 suprascriptum

1297 1665 1667 1751 exemplum
1712 1686 1829 1751 per
1873 1664 2289 1751 Raynaldum
2337 1665 2658 1731 notarium
2689 1665 3172 1752 infrascriptum
3209 1664 3518 1750 scriptum
3565 1670 3629 1727 et
3675 1664 4113 1749 exemplatum
4161 1685 4200 1727 a
4246 1685 4362 1729 suo
4409 1664 4669 1750 publico
4717 1672 4782 1729 et
4828 1666 4923 1731 in-

1296 1778 1651 1837 strumento
1699 1772 2024 1838 autentico
2072 1772 2416 1856 antedicto,
2457 1773 2522 1836 in
2567 1773 2893 1859 presentia
2939 1772 3329 1837 venerabilis
3375 1772 3499 1856 virj
3549 1770 3790 1856 dominj
3838 1770 4099 1835 Andree
4148 1771 4227 1836 de
4272 1770 4575 1855 Suncino,
4609 1772 4923 1859 licentiatj

1296 1879 1364 1943 in
1404 1880 1552 1964 jure
1600 1879 1929 1962 canonico,
1962 1880 2303 1966 reverendj
2350 1880 2417 1944 in
2463 1879 2718 1945 Christo
2765 1879 2981 1944 Patris
3015 1879 3256 1965 dominj
3291 1878 3734 1963 Bartholomej
3785 1877 3909 1963 Dej
3957 1886 4021 1943 et
4067 1878 4461 1964 apostolicae
4496 1879 4682 1944 Sedis
4715 1881 4928 1966 gratia

1295 1985 1602 2074 Episcopi
1646 1986 1937 2052 Bononie
1968 1985 2215 2071 Vicarij
2263 1987 2605 2072 generalis,
2637 2008 2770 2051 una
2810 2008 2956 2052 cum
3001 1987 3045 2052 J
3049 1987 3301 2051 ohanne
3349 1993 3414 2049 et
3458 1984 3801 2071 Raynaldo
3835 1986 4105 2070 notarijs
4138 1986 4588 2072 infrascriptis,
4621 1986 4757 2073 vidj
4789 1987 4924 2073 legi

1296 2093 1640 2180 diligenter
1668 2115 1745 2160 ac
1776 2094 2051 2159 fideliter
2081 2094 2475 2180 abscultavj3
2517 2101 2581 2158 et
2613 2095 2765 2180 quia
2796 2094 2966 2159 idem
2998 2094 3293 2159 dominus
3317 2092 3617 2159 Vicarius
3649 2094 3810 2157 vidit
3843 2099 3908 2157 et
3938 2094 4241 2179 coguovit
4272 2093 4514 2158 dictum
4547 2095 4918 2182 exemplum

1295 2221 1441 2264 cum
1487 2200 1656 2266 dicto
1704 2200 2075 2266 authentico
2121 2201 2545 2265 instrumento
2593 2222 2708 2288 per
2752 2201 2968 2265 omnia
3015 2200 3425 2282 concordare,
3465 2206 3536 2264 ut
3584 2199 3705 2286 ipsi
3751 2201 4049 2286 exemplo
4097 2207 4432 2286 tamquam
4499 2200 4925 2268 instrumento

1296 2307 1584 2394 predicto
1617 2307 2001 2372 adhibeatur
2032 2308 2373 2394 deceptero
2414 2308 2609 2394 plena
2656 2308 2835 2392 fides,
2868 2329 3052 2372 suam
3098 2314 3163 2372 et
3207 2306 3614 2393 Episcopalis
3655 2307 3846 2372 Curie
3886 2308 4300 2373 bononiensis
4334 2309 4783 2373 auctoritatem
4830 2310 4927 2374 in·

1295 2416 1609 2501 terposuit
1640 2422 1706 2480 et
1738 2414 2086 2498 decretum,
2119 2415 2434 2479 mandans
2466 2415 2660 2479 michi
2692 2415 2900 2480 Paulo
2934 2416 3184 2480 notario
3225 2424 3294 2479 ut
3324 2415 3474 2479 huic
3506 2414 3804 2501 exemplo
3836 2436 3938 2479 me
3972 2415 4375 2479 subscribere
4407 2416 4708 2499 debeam3
4744 2417 4928 2482 cuius

1295 2521 1538 2587 domini
1580 2521 1829 2609 Vicarij
1877 2522 2183 2587 mandato
2229 2523 2333 2587 hic
2381 2544 2481 2587 me
2531 2522 2879 2609 subscripsi
2924 2522 3217 2587 Bononie
3265 2524 3332 2587 in
3380 2523 3732 2609 episcopalj
3789 2523 4064 2609 palacio,
4111 2523 4519 2609 presentibus
4566 2524 4925 2611 presbitero

1295 2629 1596 2696 Johanne
1650 2630 1729 2696 de
1783 2630 2092 2716 Duglolo,
2140 2637 2391 2695 rectore
2437 2630 2827 2717 parochialis
2874 2630 3142 2695 ecclesie
3190 2631 3397 2715 sanctj
3445 2630 3689 2715 Donatj
3739 2630 4170 2713 bononiensis,
4218 2631 4555 2695 Bernardo
4603 2632 4930 2718 quondam

1296 2737 1529 2803 Jacobi
1572 2738 1652 2802 de
1698 2738 2022 2824 Ulgiano,
2071 2739 2321 2803 notario
2369 2739 2537 2803 dicte
2586 2737 2814 2821 Curie,
2861 2745 2926 2803 et
2970 2737 3430 2802 Bartholomeo
3479 2738 3559 2802 de
3615 2737 4048 2824 Primaditijs,
4098 2738 4330 2804 clerico
4391 2739 4660 2804 ecclesie
4722 2740 4930 2805 sancti

1296 2843 1478 2909 Petri
1524 2845 1604 2909 de
1649 2844 2055 2932 Bagnarola,
2102 2844 2529 2910 Bononiensis
2577 2845 2884 2927 diocesis,
2933 2845 3204 2909 testibus
3252 2844 3334 2908 ad
3381 2844 3696 2931 premissa
3742 2846 3986 2910 vocatis
4043 2853 4108 2910 et
4157 2846 4421 2932 rogatis.
4473 2845 4608 2911 Sub
4656 2847 4841 2911 annis
4891 2869 4931 2912 a

1296 2952 1634 3017 nativitate
1681 2952 1944 3018 Domini
1993 2954 2197 3038 nostrj
2239 2953 2282 3017 J
2285 2953 2447 3018 hesu
2480 2952 2718 3018 Christi
2750 2952 3090 3016 millesimo
3123 2953 3571 3017 trecentesimo
3605 2954 4024 3038 nonagesimo
4057 2954 4302 3040 quint0‚
4335 2953 4682 3019 indictione
4716 2955 4929 3037 tertia,

1296 3059 1398 3124 die
1447 3067 1677 3145 quarto
1726 3060 1962 3124 mensis
1996 3059 2308 3145 januarij,
2340 3060 2749 3146 pontificatus
2783 3059 3026 3144 dominj
3079 3061 3281 3144 nostrj
3329 3060 3572 3145 dominj
3618 3059 3933 3145 Bonifatij
3984 3081 4149 3147 pape
4199 3062 4334 3146 viiij
4383 3082 4553 3126 anno
4587 3061 4928 3147 quinto(¹).

3047 3382 3174 3447 XI.

2660 3622 2667 3631 ·
2759 3595 2953 3681 1199,
3000 3597 3088 3660 23
3127 3595 3467 3679 februarii.

1947 3808 2053 3874 Ex
2098 3809 2361 3874 archivo
2407 3808 2738 3874 Ecclesiae
2786 3808 3324 3897 Metropolitanae
3374 3811 3744 3875 ravennatis
3792 3810 3883 3895 I.,
3934 3832 3994 3875 n.
4047 3813 4244 3876 4180.

1464 4024 1543 4090 In
1604 4025 1844 4090 Christi
1890 4026 2166 4108 nomine,
2215 4025 2319 4090 die
2366 4026 2610 4108 martis,
2661 4025 2769 4112 qui
2818 4024 2941 4089 fuit
2986 4032 3208 4089 sextus
3256 4031 3534 4089 exeunte
3583 4025 3932 4108 februario,
3983 4026 4047 4090 in
4095 4026 4423 4112 presentia
4470 4026 4754 4114 episcopi
4818 4051 4927 4094 co-

1287 4134 1648 4218 maclensis,
1684 4134 2014 4199 Guillelmi
2062 4134 2141 4198 de
2186 4133 2471 4220 Mapello
2516 4140 2581 4198 et
2621 4133 2929 4198 Iohannis
2956 4132 3192 4217 judicis
3239 4132 3318 4196 dc
3368 4130 3620 4215 Crema,
3654 4132 3895 4197 domini
3928 4134 4192 4198 Azulini
4224 4134 4616 4200 marchionis
4650 4136 4729 4199 de
4761 4135 4923 4201 Este

1286 4245 1351 4304 et
1383 4240 1657 4305 aliorum
1689 4241 1999 4327 plurium,
2034 4241 2100 4305 in
2147 4247 2357 4305 castro
2390 4241 2692 4323 Arzente,
2726 4240 3021 4305 dominus
3053 4239 3298 4324 Ugutio
3332 4240 3671 4326 episcopus
3705 4240 3967 4304 Ferarie
4001 4241 4066 4305 in
4100 4242 4442 4306 concordia
4489 4249 4553 4307 et
4585 4244 4924 4309 voluntate

1285 4346 1529 4412 domini
1575 4347 1906 4412 Guillelmi
1952 4348 2418 4435 archiepiscopi
2463 4347 2776 4412 Ravenne
2825 4353 2889 4412 et
2935 4347 3175 4411 domini
3228 4347 3496 4412 Henrici
3545 4347 3829 4434 episcopi
3879 4347 4144 4412 Mantue
4207 4349 4434 4413 statuit
4484 4357 4548 4413 et
4595 4350 4922 4416 ordinavit

1287 4453 1679 4540 colloquium
1733 4475 1773 4518 a
1827 4455 1929 4519 die
1977 4454 2296 4520 dominico
2342 4455 2636 4541 proximo
2683 4460 2957 4519 venturo
3005 4475 3206 4540 usque
3255 4453 3338 4518 ad
3387 4461 3520 4518 tres
3567 4453 3937 4537 edomadas,
3987 4455 4068 4519 ad
4118 4455 4288 4541 quod
4336 4456 4724 4542 colloquium
4773 4480 4924 4544 pre-

1287 4561 1457 4648 cepit
1501 4583 1618 4648 per
1665 4569 2138 4627 sacramentum
2185 4562 2503 4628 Potestati
2545 4562 2860 4626 Ravenne
2926 4569 2991 4626 et
3051 4561 3369 4626 Potestati
3416 4560 3682 4626 Mantue
3749 4569 3819 4626 ut
3877 4584 4022 4627 cum
4078 4564 4210 4627 suis
4260 4563 4789 4629 ambaxatoribus
4851 4566 4925 4630 in

1286 4668 1428 4734 loco
1474 4668 1731 4755 Regum
1755 4669 1833 4734 (2)
1882 4669 2289 4752 adcederent,
2337 4675 2402 4733 et
2447 4670 2734 4756 precepit
2779 4669 3097 4733 Potestati
3143 4668 3406 4734 Ferarie
3456 4676 3526 4732 ut
3573 4668 3655 4733 ad
3703 4669 4061 4754 predictum
4109 4670 4503 4756 colloquium
4554 4671 4729 4758 apud
4775 4672 4922 4736 Mu-

1286 4775 1491 4840 tinam
1536 4799 1682 4842 cum
1727 4778 1860 4842 suis
1908 4776 2437 4842 ambaxatoribus
2484 4776 2709 4841 adesse
2756 4775 3054 4859 debeant,
3088 4776 3179 4839 ita
3226 4776 3396 4862 quod
3444 4776 3610 4840 inter
3657 4784 3994 4862 utramque
4028 4778 4354 4842 civitatem
4402 4779 4598 4842 simul
4650 4801 4720 4843 se
4769 4802 4924 4844 con-

1285 4885 1599 4949 venirent.
1647 4884 1923 4971 Insuper
1981 4884 2297 4971 parabola
2358 4882 2648 4969 ejusdem
2710 4882 2951 4948 domini
3014 4883 3504 4969 Archiepiscopi
3572 4890 3637 4948 et
3702 4882 4007 4970 Episcopi
4069 4885 4424 4968 dillatavit,
4484 4893 4548 4950 et
4609 4888 4920 4972 prefinxit

1285 4975 1583 5078 treugam
1609 4992 1686 5057 (8)
1734 4993 1902 5057 inter
1945 4991 2269 5078 predictas
2309 4992 2622 5074 civitates,
2655 4991 2956 5056 videlicet
2988 4991 3153 5055 inter
3181 4991 3565 5056 Ravennam
3612 4997 3677 5055 et
3725 4991 4082 5075 Mantuam,
4117 5013 4200 5057 ex
4245 5014 4377 5057 una
4408 5001 4613 5079 parte,
4649 5001 4715 5059 et
4760 4994 4921 5059 Fer-

1286 5101 1607 5165 rarienses
1648 5122 1731 5165 ex
1771 5100 1998 5183 altera,
2031 5121 2235 5185 usque
2269 5098 2352 5162 ad
2384 5106 2682 5164 octavum
2722 5097 2945 5182 die[m]
2974 5098 3179 5162 Pasce
3212 5098 3663 5163 resurectionis
3711 5099 3989 5184 proximi
4022 5100 4358 5184 venientiS,
4392 5100 4745 5165 secundum
4784 5123 4924 5166 mo-

1287 5207 1441 5273 dum
1487 5214 1553 5273 et
1599 5208 1891 5273 ordinem
1939 5206 2205 5271 alterius
2252 5212 2479 5292 treuge
2527 5206 2800 5271 condam
2849 5205 3163 5292 Gaybane
3211 5212 3591 5289 constatute,
3641 5226 3835 5291 quam
3882 5213 4177 5291 treugam
4223 5207 4508 5293 predicte
4553 5207 4924 5274 Potestates

1289 5336 1407 5402 pro
1455 5315 1588 5379 suis
1628 5315 1817 5379 terris
1864 5321 1930 5378 et
1976 5313 2354 5380 comunibus
2385 5321 2787 5400 receperunt,
2821 5321 2886 5379 et
2930 5314 3181 5377 firmam
3212 5312 3453 5377 habere
3484 5314 3934 5399 promiserunt.
3966 5314 4310 5379 Millesimo
4345 5315 4415 5380 O.
4449 5314 4926 5401 n[onagesimo]

1285 5444 1477 5506 nono,
1525 5422 1872 5487 indictione
1920 5420 2222 5486 secunda.

1446 6330 1524 6396 (1)
1566 6328 1880 6399 Sequuntur
1918 6329 2345 6397 subscriptiones
2384 6326 2652 6379 Johannis
2692 6327 2965 6396 quondam
3002 6326 3225 6379 Martini
3265 6327 3330 6378 dc
3371 6326 3569 6377 Duiolo
3609 6329 3663 6377 et
3701 6325 3969 6394 Raynaldi
4004 6325 4282 6379 Comacini
4321 6328 4386 6380 de
4425 6326 4785 6397 Formaglinis
4819 6326 4926 6379 Co-

1284 6419 1464 6472 manis
1503 6422 1559 6471 et
1597 6418 1795 6472 Curiae
1835 6418 2162 6488 episcopalis
2203 6417 2616 6469 bononiensium
2654 6416 3007 6469 notariorum.
3048 6419 3153 6483 (x.)

1445 6509 1500 6575 (2
1541 6510 1597 6560 et
1637 6511 1691 6575 3)
1731 6508 1837 6560 Sic.
1872 6531 1875 6532 ⁷
