5542 7775
1334 584 1488 654 240
2910 606 3389 658 mononem-A

1326 768 1750 841 concesserat,
1784 760 2181 845 operimento
2229 768 2574 843 contectas,
2609 760 2711 824 vel
2759 760 3032 824 hominis
3080 760 3368 825 defectus
3409 768 3521 825 aut
3567 762 3800 847 operis,
3836 761 3919 825 ad
3969 762 4168 827 latine
4216 763 4435 848 lingue
4494 763 4785 827 notitiam
4831 785 4949 828 non

1326 867 1647 954 perduxit.
1681 867 1991 932 Volentes
2041 868 2236 953 igitur
2281 876 2352 933 ut
2395 867 2766 933 veneranda
2812 876 3138 933 tantorum
3185 890 3453 955 operum
3499 869 3689 933 simul
3742 870 4121 952 authoritas,
4157 870 4329 957 apud
4380 892 4494 935 nos
4541 891 4669 935 non
4717 852 4959 957 absque>

1324 975 1674 1040 commodis
1722 976 2186 1058 communibus,
2221 976 2395 1040 vocis
2420 976 2499 1041 (¹)
2532 997 2777 1061 organo
2825 975 3161 1040 traducere
3210 976 3586 1057 innotescat,
3622 998 3700 1041 ea
3750 998 3865 1063 per
3911 977 4083 1041 viros
4128 978 4366 1043 electos
4413 985 4478 1042 et
4520 978 4583 1042 in
4626 978 4948 1064 utriusque

1324 1083 1544 1167 lingue
1593 1082 1949 1168 prolatione
2001 1084 2237 1169 peritos
2284 1083 2597 1148 instanter
2637 1084 2980 1167 jussimus,
3030 1084 3373 1147 verborum
3434 1084 3710 1148 fideliter
3756 1092 4015 1148 servata
4062 1085 4432 1171 virginitate
4450 1086 4549 1167 (2),
4600 1085 4946 1151 transferri.

1325 1189 1495 1264 Quia
1543 1212 1695 1254 vero
1742 1190 2154 1254 scientiarum
2201 1212 2516 1276 generosa
2563 1190 2882 1277 possessio
2930 1190 2993 1254 in
3028 1191 3244 1276 plures
3291 1190 3581 1277 dispersa
3628 1213 3753 1254 non
3796 1190 4069 1277 deperit,
4103 1200 4167 1256 et
4207 1192 4550 1257 distributa
4592 1212 4709 1278 per
4742 1200 4949 1278 partes

1324 1296 1767 1361 minorationis
1814 1297 2198 1363 detrimenta
2245 1320 2372 1362 non
2420 1298 2647 1361 sentit:
2697 1297 2811 1362 sed
2869 1318 2945 1361 eo
3005 1297 3368 1361 diuturnius
3416 1305 3798 1384 perpetuata
3850 1299 4125 1362 senescit
4178 1321 4305 1385 quo
4359 1299 4688 1386 publicata
4735 1299 4949 1365 secun·

1324 1403 1466 1467 dius
1513 1426 1581 1468 se
1629 1404 1961 1469 diffundit:
2011 1404 2379 1490 hujusmodi
2425 1405 2636 1470 celare
2681 1404 2923 1469 laboris
2968 1405 3403 1469 emolumenta
3450 1405 3766 1487 nolumus,
3818 1426 3935 1470 nec
3980 1406 4421 1471 estimavimus
4469 1428 4585 1471 nos
4610 1408 4689 1471 (3)
4725 1406 4945 1472 eadem

1325 1512 1599 1576 retinere
1641 1512 2019 1596 jucundum,
2055 1512 2175 1576 nisi
2213 1513 2384 1577 'tanti
2417 1512 2571 1577 boni
2605 1512 2936 1577 nobiscum
2970 1511 3129 1576 alios
3162 1512 3506 1599 participes
3538 1512 3918 1577 faceremus.
3957 1511 4454 1579 considerantes
4489 1522 4944 1599 verumtamen,

1325 1641 1596 1705 quorum
1643 1621 2123 1706 conspectibus,
2173 1642 2574 1707 quorumque
2616 1619 2875 1703 judiciis
2922 1620 3133 1706 operis
3180 1619 3348 1706 cepti
3394 1620 3672 1706 primitie
3721 1629 3984 1706 possent
4043 1620 4363 1685 detentius
4425 1621 4756 1707 deputari,
4805 1642 4947 1687 ecce

1324 1727 1505 1791 vobis
1553 1728 1917 1813 potissime,
1965 1727 2142 1791 velut
2188 1727 2592 1814 philosophie
2658 1727 2968 1812 preclaris
3028 1726 3338 1809 alumnis,
3387 1726 3466 1790 de
3527 1748 3799 1813 quorum
3860 1727 4226 1813 pectoribus
4273 1728 4713 1815 promptuaria
4760 1728 4949 1815 plena

1323 1836 1549 1916 fluunt,
1597 1835 1793 1899 libros
1843 1835 2114 1921 aliquos,
2163 1856 2321 1921 quos
2370 1835 2690 1899 curiosum
2737 1832 3019 1898 studium
3065 1834 3523 1898 translatorum
3569 1834 3796 1919 lingua
3826 1834 3905 1898 (⁴)
3940 1855 4065 1898 non
4112 1836 4321 1921 potuit
4359 1835 4565 1899 fidelis
4613 1836 4946 1919 instruere,

1325 1943 1612 2006 consulte
1661 1942 2055 2029 providimus
2103 1942 2566 2028 presentandos
2612 1942 2714 2005 vel
2760 1940 3176 2006 destinandos
3196 1942 3294 2004 (5).
3330 1940 3464 2005 Vos
3512 1940 3709 2025 igitur
3755 1942 3876 2005 viri
3901 1942 4000 2023 (6),
4034 1942 4256 2027 quide
4289 1942 4581 2006 cisternis
4620 1942 4942 2007 veteribus

1325 2071 1526 2135 aquas
1590 2071 1790 2114 novas
1851 2050 2200 2136 prudenter
2252 2049 2557 2131 educitis,
2605 2049 2712 2135 qui
2761 2050 3003 2112 fluenta
3051 2048 3356 2112 melliflua
3402 2049 3764 2114 sitientibus
3811 2050 4000 2114 labiis
4049 2049 4444 2137 propinatiS,
4495 2049 4691 2114 libros
4750 2050 4950 2135 ipsos,

1322 2164 1652 2242 tamquam
1698 2158 2042 2221 exennium
2091 2157 2280 2221 amici
2328 2156 2618 2239 Cesaris,
2665 2162 3000 2241 gratanter
3057 2155 3327 2240 accipite
3375 2163 3439 2219 et
3485 2156 3657 2242 ipsos
3705 2157 3986 2242 antiquis
4034 2156 4559 2243 philosophorum
4608 2157 4944 2243 operibus,

1323 2265 1432 2349 qui
1497 2264 1669 2329 vocis
1732 2271 1941 2328 vestre
1990 2264 2359 2328 ministeriis
2407 2262 2818 2345 reviviscunt,
2868 2284 3265 2348 quorumque
3316 2263 3568 2327 nutritis
3592 2265 3669 2329 (7)
3703 2263 3964 2345 famam,
4011 2264 4163 2329 dum
4208 2263 4514 2349 dogmata
4562 2264 4846 2328 sternitis
4873 2264 4950 2329 (8)

1322 2371 1666 2457 sapienter,
1718 2379 1786 2435 ut
1833 2371 2115 2457 expedit,
2148 2378 2583 2457 aggregantes
2615 2392 2724 2435 eos
2755 2371 2821 2433 in
2856 2370 3173 2434 auditorio
3206 2378 3439 2452 vestro,
3476 2371 3537 2434 in
3573 2391 3699 2456 quo
3731 2372 3943 2456 gratia
3977 2372 4285 2436 virtutum
4318 2371 4683 2453 fructificat,
4718 2372 4952 2436 erroris

1324 2478 1553 2564 rubigo
1608 2478 2003 2543 consumitur
2050 2486 2114 2542 et
2158 2478 2416 2542 latentis
2464 2477 2778 2563 scripture
2826 2477 3103 2541 varietas
3130 2478 3207 2539 (9)
3241 2477 3548 2563 aperitur,
3596 2499 3741 2542 cum
3771 2480 3888 2543 (¹0)
3922 2479 4232 2543 mittentis
4280 2479 4503 2543 favore
4551 2479 4952 2561 commoniti,

1324 2592 1461 2649 tum
1494 2585 1651 2650 clari
1684 2585 2168 2650 transmissi(11)
2194 2585 2405 2671 operis
2438 2584 2681 2648 meritis
2715 2584 3025 2671 persuasi,
3052 2583 3130 2647 ad
3166 2606 3567 2649 communem
3600 2585 3939 2649 utilitatem
3976 2585 4370 2650 studentium
4401 2594 4465 2651 et
4497 2586 4949 2651 evidentis(l2)

1325 2694 1495 2756 fame
1545 2699 1759 2756 nostre
1806 2693 2177 2779 preconium
2221 2692 2581 2778 publicetis.

3090 3048 3180 3113 11.

2833 3281 3026 3363 1218,
3078 3282 3114 3343 1
3160 3280 3433 3345 octobris.

2018 3515 2124 3579 Ex
2169 3515 2367 3579 Arch.
2415 3514 2591 3579 Max.
2642 3515 2826 3596 bon.,
2876 3515 2941 3577 in
2990 3513 3269 3598 Reqistro
3321 3513 3567 3596 GrossO,
3624 3514 3735 3577 lib.
3786 3512 3876 3593 1.,
3927 3534 4056 3577 car.
4109 3514 4264 3576 339.

1494 3766 1850 3853 Exemplar
1896 3765 2232 3850 cujusdam
2278 3764 2683 3837 instrumenti
2728 3763 2950 3849 scripti
2996 3784 3111 3849 per
3155 3763 3491 3829 Julianum
3546 3762 3882 3827 Leonardi
3944 3762 4303 3845 notarium,
4351 3763 4461 3848 qui
4508 3769 4603 3825 est
4651 3782 4796 3826 cum
4844 3762 4958 3827 do·

1317 3874 1490 3940 mino
1537 3872 1936 3956 Cancelario,
1983 3872 2074 3939 sic
2121 3872 2514 3959 incipientis:
2562 3871 2606 3938 J
2612 3878 3016 3936 uramentum
3062 3870 3301 3936 factum
3351 3893 3390 3935 a
3436 3871 3745 3956 magistro
3791 3870 3970 3935 Bene
4018 3870 4384 3935 florentino.

1494 3981 1687 4046 Anno
1733 3979 1996 4045 Domini
2041 3979 2379 4043 millesimo
2425 3977 2861 4043 ducentesimo
2918 3977 3165 4041 decimo
3227 3985 3490 4058 octavo,
3540 3977 3886 4042 indictione
3948 3985 4171 4059 sexta,
4221 3977 4325 4042 die
4400 3978 4607 4063 primo
4673 3977 4958 4042 intrante

1317 4089 1587 4154 octubri.
1636 4087 1869 4153 Coram
1930 4087 2229 4151 examine
2284 4085 2521 4150 domini
2571 4085 2894 4169 Albergiti
2940 4083 3379 4167 Pandemillo,
3426 4085 3763 4171 potestatis
3825 4085 4152 4166 Bononie,
4203 4085 4269 4148 iu
4316 4086 4641 4171 presentia
4702 4084 4953 4149 domini

1315 4196 1640 4262 Walfredi
1672 4195 1771 4259 sui
1797 4196 2053 4280 judicis,
2086 4193 2327 4258 domini
2373 4193 2719 4277 Laurencij
2764 4192 3064 4274 Romani,
3097 4191 3339 4256 domini
3382 4191 3654 4256 Vidonis
3687 4191 4140 4277 Tantidinarij,
4174 4190 4418 4256 domini
4454 4192 4495 4257 J
4500 4192 4684 4257 acobi
4724 4192 4950 4274 Parvi,

1318 4304 1561 4370 domini
1605 4303 1983 4388 Malatigne,
2014 4301 2258 4385 dominj
2291 4300 2545 4365 Alberti
2578 4299 2893 4363 Gnidonis
2925 4298 3169 4381 Grassi,
3203 4298 3444 4362 domini
3474 4297 3738 4384 Ugolini
3772 4297 4145 4382 Primadicij
4179 4305 4245 4361 et
4279 4298 4555 4362 aliorum
4596 4297 4949 4361 multorum

1317 4412 1397 4477 de
1445 4412 1644 4493 curia,
1679 4418 1811 4474 tam
1851 4409 2123 4473 militum
2156 4429 2349 4494 quam
2389 4407 2680 4492 judicum
2720 4414 2786 4471 et
2819 4406 3232 4488 notariorum,
3266 4406 3330 4469 in
3363 4405 3533 4470 hunc
3565 4405 3857 4470 modum:
3903 4429 3933 4462 «ι
3969 4404 4135 4469 Jaro
4166 4426 4269 4491 eqo
4304 4407 4592 4490 maqister
4624 4404 4793 4469 Bene
4826 4426 4954 4469 non

1315 4521 1469 4584 clare
1512 4540 1760 4604 operam
1803 4518 1932 4582 allo
1977 4516 2151 4580 modo
2194 4515 2356 4601 qaod
2401 4515 2693 4579 Stadium
2734 4516 2991 4578 civitatis
3036 4512 3309 4576 Bononie
3352 4514 3561 4598 aliquo
3604 4521 3868 4597 tempore
3912 4512 4065 4576 alibi
4119 4513 4564 4595 transferatur.
4610 4511 4695 4575 Et
4738 4515 4793 4576 si
4837 4514 4954 4577 sci-

1315 4649 1449 4692 vero
1491 4628 1758 4712 aliquem
1803 4625 2049 4689 dantem
2094 4644 2342 4708 operam
2386 4623 2472 4686 ad
2513 4621 2621 4686 hoc
2664 4629 2733 4685 ut
2782 4620 3073 4684 Studium
3117 4619 3390 4684 Bononie
3418 4620 3567 4684 alibi
3595 4619 4048 4701 transferatur,
4080 4618 4241 4683 bona
4265 4620 4389 4703 fide
4408 4619 4742 4704 prohibebo
4768 4627 4956 4705 atque

1317 4734 1541 4816 vetabO,
1582 4741 1636 4798 et
1679 4734 1734 4796 si
1777 4753 1917 4796 cum
1963 4730 2177 4814 effectu
2235 4737 2436 4795 vetare
2481 4730 2571 4793 vel
2605 4727 2930 4813 prohibere
2972 4749 3095 4791 non
3132 4747 3387 4811 possem,
3439 4727 3725 4791 Potestali
3770 4726 4055 4791 Bononio
4099 4747 4287 4812 quam
4342 4729 4529 4791 cicius
4564 4735 4776 4812 potero
4820 4748 4956 4790 ma-

1315 4827 1628 4925 nifestabO.
1677 4838 1761 4902 Et
1803 4837 1954 4903 alibi
1997 4839 2123 4902 ullo
2165 4845 2428 4922 tempore
2472 4838 2538 4899 in
2588 4835 2949 4898 Gramatica
2988 4835 3284 4917 facultate
3327 4854 3451 4897 non
3496 4854 3704 4919 reyam
3728 4884 3745 4915 ,
3795 4855 3903 4898 nec
3951 4834 4182 4897 scholas
4227 4832 4467 4914 habebO,
4513 4834 4677 4897 salvo
4722 4841 4954 4916 tamen,

1316 4949 1479 5036 quod
1521 4950 1576 5012 si
1611 4953 1930 5033 promotus
1972 4966 2157 5010 essem
2200 4945 2286 5008 ad
2329 4944 2600 5026 officium
2645 4943 2920 5006 clericale
2967 4944 3033 5004 in
3076 4943 3311 5006 cit-itate
3356 4940 3699 5023 Florentie,
3735 4948 3803 5004 ut
3851 4941 4025 5004 liceat
4074 4940 4226 5004 mihi
4268 4942 4462 5027 leqere
4500 4942 4735 5005 clericis
4780 4941 4956 5004 illius

1315 5057 1580 5123 Ecclesie
1622 5063 1864 5120 tantum
1913 5056 1977 5117 in
2024 5076 2148 5139 qua
2192 5074 2374 5116 essem
2417 5052 2504 5115 ad
2545 5051 2823 5115 ordinem
2867 5050 3203 5114 clericalem
3240 5057 3559 5134 promotus
3615 5073 3673 5113 υ.
3722 5048 3994 5113 Factum
4042 5048 4165 5112 fuit
4215 5049 4338 5113 hoc
4388 5050 4830 5133 juramentum
4887 5049 4951 5112 in

1314 5165 1455 5229 sala
1499 5162 1727 5250 palatii
1774 5160 2078 5226 Comanis
2123 5159 2437 5224 Bononie.

1491 5270 1635 5356 Ego
1682 5268 1985 5335 Julianus
2030 5267 2375 5349 Leonardi,
2423 5266 2772 5352 imperialis
2822 5265 2967 5328 aule
3009 5264 3235 5349 judex,
3283 5270 3477 5349 atque
3526 5283 3694 5327 nunc
3742 5262 4054 5327 Comanis
4099 5262 4391 5327 Bononie
4442 5263 4749 5345 notarius,
4798 5262 4956 5326 huic

1309 5380 1678 5465 juramento
1726 5374 1989 5439 interfui
2033 5381 2098 5439 et
2145 5381 2216 5438 ut
2260 5395 2456 5459 supra
2501 5373 2740 5458 legitur
2787 5370 3041 5457 scripsi.

1495 5485 1598 5567 (L.
1630 5484 1675 5566 †
1710 5483 1804 5565 S.)
1850 5481 1994 5567 Ego
2041 5482 2274 5546 Petrus
2317 5481 2579 5545 Pizolus
2623 5478 2989 5564 Bolognoli‚
3018 5477 3261 5541 domini
3307 5476 3573 5542 Octonis
3627 5477 4039 5563 imperatoris
4076 5485 4141 5541 et
4174 5477 4478 5540 Comunis
4510 5476 4801 5540 Bononie
4836 5497 4957 5541 no·

1313 5592 1537 5675 tarius,
1585 5591 1750 5655 sicut
1796 5590 2105 5676 scriptum
2149 5589 2284 5652 vidi
2329 5609 2444 5674 per
2492 5608 2753 5651 manum
2795 5585 3043 5652 Juliani
3091 5585 3344 5666 notarii,
3394 5585 3484 5649 ita
3529 5584 3802 5671 scripsi,
3852 5605 3969 5648 nec
4021 5583 4263 5648 addens
4310 5584 4415 5647 vel
4461 5583 4776 5665 minuens,
4824 5584 4955 5648 nisi

1312 5699 1591 5785 signum,
1640 5696 1812 5783 quod
1859 5718 1986 5762 non
2033 5695 2178 5760 feci.

1474 6041 1551 6101 (1)
1591 6035 1678 6087 L.:
1718 6034 1980 6086 contneodi
2012 6034 2307 6085 communis
2333 6032 2577 6099 profecto
2613 6032 2775 6082 rucis.
3351 6032 3428 6095 (7)
3466 6029 3553 6081 L.:
3594 6045 4027 6095 quorumcunque
4064 6028 4294 6079 mittitis.

1474 6129 1551 6190 (2)
1592 6124 1682 6177 L.:
1720 6125 1941 6174 veritate
1976 6124 2287 6189 m‘ryim'eate
2324 6121 2503 6172 aliter.
3348 6122 3425 6185 (8)
3464 6118 3552 6171 L.:
3591 6120 3826 6170 cernitis.

1473 6217 1550 6280 (3)
1590 6213 1681 6266 L.:
1722 6213 1889 6265 nobis.
3345 6210 3422 6274 (9)
3462 6208 3549 6260 L.:
3589 6210 3802 6260 ret-itas.

1473 6306 1552 6369 (4)
1592 6303 1682 6355 L.:
1720 6309 1767 6353 et
1803 6302 2012 6368 linqua.
3307 6301 3421 6364 (10)
3458 6297 3550 6350 L.:
3590 6314 3707 6349 cum
3746 6297 3914 6349 modo.

1473 6397 1552 6460 (ὃ)
1593 6392 1805 6445 Verba:
1847 6392 1925 6443 vel
1958 6391 2305 6442 destinandos
2343 6390 2556 6442 desunt.
3302 6391 3414 6454 (ll)
3454 6388 3542 6439 L.:
3581 6388 3752 6439 claris
3786 6388 4164 6453 trans-sumpti.

1474 6486 1552 6548 (6)
1593 6482 1683 6534 L.:
1722 6482 1830 6532 riri
1864 6481 2016 6533 dmi.
3305 6479 3419 6543 (12)
3458 6476 3547 6528 L.:
3587 6477 3813 6528 evidens.
