5542 7775
1368 627 1519 697 268
2940 647 3416 697 normanum.

3034 1016 3323 1081 XXVII.

2905 1233 3100 1315 1240,
3152 1234 3236 1295 17
3282 1234 3462 1297 iunii.

2634 1444 2736 1509 Ex
2785 1446 3012 1510 eodem
3061 1454 3255 1530 tomo,
3304 1469 3477 1511 num.
3526 1446 3739 1513 XCII.

1538 1658 1893 1739 Gregorius
1941 1659 2062 1724 IX.
2114 1659 2303 1725 Clero
2352 1659 2634 1724 civitatis
2682 1668 2746 1724 et
2794 1660 3067 1724 diocesis
3118 1661 3549 1725 bononiensis.

1537 1767 1644 1831 Ex
1689 1767 1890 1831 literis
1937 1767 2316 1831 dilectorum
2364 1767 2640 1831 filiorum
2692 1768 2974 1854 Capituli
3022 1768 3436 1833 bononiensis
3483 1770 3869 1855 accepimns,
3907 1769 4075 1855 quod
4119 1769 4260 1855 ipsi,
4296 1768 4589 1832 Ecclesia
4621 1768 4996 1833 bononiensi

1361 1883 1654 1957 vacante,
1690 1876 2143 1939 convenientes
2184 1875 2249 1938 in
2295 1896 2515 1957 unum,
2553 1874 2831 1961 Spiritus
2875 1875 3093 1939 Sancti
3129 1876 3341 1961 gratia
3375 1877 3694 1959 invocata,
3729 1876 4035 1941 dilectum
4066 1876 4269 1939 filium
4303 1876 4850 1940 Archidiaconum
4890 1877 4995 1939 bo·

1361 1984 1756 2063 noniensem,
1809 1982 2288 2046 Subdiaconum
2335 1990 2398 2046 et
2448 1982 2872 2068 Capellanum
2921 1992 3232 2064 nostrum,
3274 1983 3341 2047 in
3387 2004 3610 2046 eorum
3656 1990 3979 2070 pastorem
4039 1983 4429 2047 unanimiter
4474 1983 4836 2069 postulatis,
4885 2004 4994 2068 spe

1362 2090 1484 2153 sibi
1529 2090 1714 2153 firma
1759 2089 2109 2175 proposita,
2152 2096 2223 2153 ut
2269 2112 2412 2153 cum
2463 2089 2629 2153 idem
2679 2111 2916 2174 genere
2965 2089 3340 2171 nobilitatis,
3374 2090 3644 2154 scientia
3692 2091 3772 2154 sit
3818 2098 3883 2154 et
3931 2091 4216 2153 moribus
4263 2090 4604 2154 decoratus
4653 2112 4726 2153 ac
4774 2112 4857 2154 ex
4904 2091 4995 2153 in-

1360 2197 1660 2281 gentibus
1708 2197 2047 2283 probitatis
2094 2218 2207 2260 sue
2256 2197 2500 2261 meritis
2550 2197 2721 2283 apud
2771 2219 2888 2261 nos
2937 2205 3001 2260 et
3054 2197 3287 2261 fratres
3350 2206 3602 2262 nostros
3666 2198 3956 2262 obtineat
4017 2197 4259 2261 favoris
4323 2198 4604 2283 gratiam
4665 2197 4993 2284 specialis,

1359 2304 1648 2369 Ecclesie
1697 2325 1915 2368 eorum
1965 2304 2408 2390 multipliciter
2454 2303 2688 2368 debeat
2736 2304 3103 2369 fructuosus
3150 2306 3451 2387 existere,
3485 2306 3821 2391 presertim
3871 2326 4017 2369 cum
4056 2306 4166 2369 vix
4201 2305 4280 2369 de
4315 2306 4442 2369 alio
4474 2312 4607 2369 tam
4642 2313 4998 2391 opportuna

1358 2413 1640 2498 provisio
1686 2413 1966 2498 potuerit
2015 2411 2375 2497 provenire.
2426 2411 2642 2486 Quare
2694 2412 2877 2476 nobis
2924 2412 3253 2476 humiliter
3300 2413 3747 2499 supplicarunt
3789 2419 3880 2495 ut,
3923 2433 4053 2476 non
4100 2413 4396 2476 obstante
4446 2411 4617 2497 quod
4665 2412 4875 2475 adhuc
4921 2411 4999 2474 ad

1359 2540 1601 2583 annum
1661 2519 2064 2603 trigesimum
2128 2540 2255 2582 non
2320 2519 2648 2605 pervenit,
2698 2541 2844 2583 eum
2892 2519 3049 2605 ipsis
3099 2520 3160 2583 in
3210 2528 3537 2605 pastorem
3599 2519 3950 2584 concedere
4016 2520 4281 2606 speciali
4342 2520 4555 2604 gratia
4609 2540 4996 2584 curaremus.

1359 2626 1604 2690 Verum
1653 2648 1798 2690 cum
1845 2627 2072 2690 deceat
2118 2633 2187 2691 ut
2235 2627 2324 2690 sic
2373 2627 2437 2689 in
2487 2626 2608 2689 hac
2656 2634 2840 2712 parte
2889 2648 3111 2690 eorum
3157 2625 3492 2691 desideriis
3542 2648 3924 2709 annuamus,
3967 2627 4135 2712 quod
4186 2627 4448 2690 istitutis
4496 2626 4845 2690 deferendo
4895 2648 4997 2690 ca-

1275 2734 1284 2745 ’
1359 2733 1605 2798 nonicis
1653 2755 1996 2820 personam
2045 2734 2244 2820 ipsius
2291 2734 2752 2798 Archidiaconi
2801 2733 3120 2818 condigno
3169 2755 3638 2819 prosequamur
3697 2735 3975 2816 honore,
4025 2755 4101 2798 ac
4149 2733 4440 2818 ejusdem
4488 2734 4831 2797 utilitatem
4882 2733 5001 2797 Ec·

1360 2840 1552 2905 clesie
1599 2863 2051 2927 procuremus,
2103 2862 2248 2905 eum
2299 2841 2360 2904 in
2411 2849 2894 2927 procuratorem
2947 2841 3068 2903 sibi
3116 2840 3418 2904 duximus
3466 2841 3983 2923 concedendum,
4033 2840 4241 2904 eidem
4290 2842 4548 2927 plenam
4599 2840 5003 2904 administra-

1357 2948 1599 3013 tionem
1644 2949 1710 3012 in
1758 2949 2202 3034 spiritualibus
2249 2956 2312 3012 et
2360 2948 2824 3034 temporalibus
2873 2949 3363 3012 committentes.
3411 2949 3744 3033 Rogamus
3792 2949 4010 3034 itaque
4070 2949 4559 3013 universitatem
4608 2958 4891 3012 vestram
4938 2957 4999 3012 et

1356 3056 1693 3120 hortamur
1739 3064 2003 3137 attente,
2038 3078 2153 3142 per
2200 3057 2554 3142 apostolica
2603 3056 2785 3120 vobis
2834 3056 3071 3142 scripta
3120 3056 3501 3119 mandantes
3551 3064 3867 3141 quatenus
3909 3077 4025 3120 nos
4066 3057 4130 3119 in
4165 3077 4281 3119 sua
4314 3056 4645 3120 studentes
4679 3056 4997 3120 honorare

1359 3185 1635 3250 persona
1683 3164 1746 3226 in
1795 3163 2090 3227 omnibus
2136 3164 2605 3250 pertinentibus
2669 3163 2750 3227 ad
2814 3163 3436 3227 administrationem
3497 3163 3864 3227 huiusmodi
3920 3165 4059 3228 eius
4121 3164 4491 3228 salubribus
4547 3163 4873 3227 mandatis
4938 3173 4999 3227 et

1358 3272 1618 3335 monitis
1664 3271 1894 3334 devote
1944 3293 2018 3334 ac
2066 3271 2393 3334 humiliter
2441 3271 2821 3353 intendatis,
2872 3272 3159 3356 alioquin
3222 3272 3645 3353 sententiam,
3696 3293 3889 3357 quam
3936 3270 4104 3335 idem
4155 3272 4276 3335 rite
4322 3271 4544 3335 tulerit
4591 3272 4655 3334 in
4704 3271 5000 3351 rebelles,

1361 3386 1568 3442 ratam
1617 3378 1997 3442 habebimus
2043 3386 2106 3442 et
2153 3378 2484 3460 faciemus,
2533 3387 2796 3443 auctore
2844 3378 3145 3459 Domino,
3197 3378 3657 3442 inviolabiliter
3705 3378 4058 3443 observari.

1533 3485 1777 3549 Datum
1821 3485 2133 3550 Laterani
2181 3486 2655 3571 quintodecimo
2705 3486 3020 3550 kalendas
3063 3486 3231 3571 julii,
3281 3486 3689 3571 pontificatus
3738 3486 3939 3550 nostri
3987 3507 4157 3549 anno
4205 3486 4706 3571 quartodecimO.

3013 3806 3339 3871 XXVIII.

2927 4025 3121 4108 1241,
3175 4027 3212 4087 1
3258 4026 3429 4089 maii.

2078 4238 2183 4302 Ex
2231 4237 2406 4302 arch.
2458 4238 2730 4324 Metrop.
2782 4238 3016 4302 bonon.
3068 4238 3131 4301 in
3192 4264 3221 4294 ι
3280 4237 3462 4301 Libro
3508 4241 3743 4301 Act-ium
3793 4264 3854 4320 ι,
3904 4258 4035 4301 car.
4092 4240 4170 4300 15
4219 4259 4270 4301 r.

1534 4453 1932 4518 Octavianus
1980 4452 2392 4516 bononiensis
2439 4451 2729 4516 Ecclesie
2778 4451 3293 4516 Archidiaconus
3341 4461 3739 4537 procurator,
3782 4452 4097 4516 universis
4144 4451 4424 4515 Prelatis
4471 4458 4534 4515 et
4583 4452 4726 4514 aliis
4771 4451 4999 4514 Eccle-

1354 4563 1596 4625 siarum
1644 4560 2001 4624 rectoribus
2048 4581 2163 4645 per
2210 4559 2536 4624 civitatem
2583 4567 2648 4623 et
2694 4559 3000 4624 diocesim
3049 4559 3509 4623 bononiensem
3557 4560 3955 4642 constitutis,
4003 4560 4281 4623 salutem
4328 4559 4391 4622 in
4441 4559 4741 4622 Domino.

1534 4666 1875 4750 Quoniam,
1925 4674 1997 4731 ut
2044 4668 2134 4730 ait
2181 4667 2532 4752 apostolus,
2584 4688 2804 4730 omnes
2852 4666 3164 4730 stabimus
3213 4673 3362 4729 ante
3411 4666 3694 4731 tribunal
3745 4666 4022 4749 Christi,
4073 4666 4396 4752 recepturi
4444 4687 4568 4752 que
4615 4666 4680 4729 in
4729 4685 5000 4751 corpore

1351 4775 1689 4861 gessimuS,
1739 4773 1875 4838 sive
1926 4774 2165 4838 bonum
2212 4773 2425 4856 fuerit,
2474 4773 2609 4837 sive
2657 4773 2922 4854 malum,
2965 4780 3219 4859 oportet
3264 4794 3382 4837 nos
3428 4775 3704 4858 extremj
3748 4774 3978 4858 judicij
4026 4774 4197 4838 diem
4245 4773 4370 4859 pijs
4419 4772 4720 4858 operibus
4769 4793 4999 4857 preve-

1353 4883 1514 4964 nire,
1551 4903 1624 4945 ac
1673 4888 2042 4945 eternorum
2091 4881 2325 4945 intuitu
2373 4881 2691 4944 seminare
2739 4880 2803 4944 in
2851 4880 3058 4962 terris,
3094 4901 3239 4965 que,
3276 4880 3582 4944 reddente
3624 4880 3924 4964 Domino,
3959 4880 4387 4967 multiplicato
4421 4879 4656 4960 fructu,
4691 4879 5000 4963 colligere

1351 4989 1702 5053 debeamus
1752 4990 1815 5051 in
1857 4989 2034 5069 celis,
2069 5009 2462 5073 quamquam
2509 4988 2616 5073 qui
2665 5009 2857 5073 parce
2907 4988 3181 5051 seminat
3220 5008 3414 5073 parce
3448 4996 3513 5051 et
3549 4994 3762 5068 metet,
3798 4995 3862 5051 et
3895 4988 4000 5073 qui
4037 4989 4311 5051 seminat
4343 4988 4409 5050 in
4441 4986 4999 5050 benedictionibus

1352 5097 1431 5162 de
1479 5095 2035 5160 benedictionibus
2083 5104 2148 5159 et
2192 5103 2390 5159 metet
2437 5096 2638 5159 vitam
2685 5104 2996 5159 eternam.
3046 5095 3261 5170 Quum
3308 5095 3506 5181 igitur
3554 5096 3618 5159 in
3668 5095 3888 5159 Monte
3938 5095 4176 5175 Ovalo,
4226 5095 4640 5158 bononiensis
4686 5094 4998 5173 diocesia,

1353 5203 1646 5284 ecclesia,
1683 5209 2051 5266 const-ructa
2091 5202 2174 5265 ad
2222 5201 2532 5265 honorem
2579 5201 2704 5265 Dei
2745 5211 2810 5264 et
2841 5200 3132 5287 Virginis
3166 5201 3468 5286 gloriose,
3502 5223 3648 5266 cum
3681 5201 3976 5265 domibus
4010 5201 4457 5285 adjacentibus
4489 5222 4574 5264 ex
4607 5199 5001 5262 immissione

1354 5309 1674 5374 diabolica
1723 5309 2019 5373 incendio
2067 5309 2149 5372 sit
2196 5316 2518 5390 cremata,
2568 5331 2685 5373 nec
2733 5308 2817 5372 ad
2867 5309 3150 5393 ipsorum
3199 5309 3615 5373 refectionem
3669 5309 3926 5395 proprie
3989 5316 4336 5393 suppetant
4387 5307 4765 5388 facultateS,
4816 5307 5000 5370 vobis

1353 5417 1772 5481 eeclesiarum
1819 5417 2085 5502 prelatis
2132 5424 2196 5480 et
2244 5416 2493 5480 clericis
2540 5416 2923 5479 mandamus
2971 5425 3164 5501 atque
3212 5416 3639 5502 precipimus,
3689 5423 3759 5480 ut
3806 5438 3950 5480 cum
3997 5416 4206 5499 nuntij
4268 5414 4553 5501 predicte
4598 5415 4871 5479 ecclesie
4918 5414 4999 5477 ad

1352 5546 1468 5590 vos
1515 5525 1810 5589 venerint
1857 5524 2264 5609 elemosynas
2313 5524 2594 5610 petituri,
2644 5545 2753 5587 eos
2803 5523 3080 5608 benigne
3131 5524 3481 5610 recipietis,
3538 5523 3805 5587 honeste
3854 5524 4162 5604 tractetis,
4219 5523 4490 5609 populos
4536 5522 4719 5586 vobis
4767 5543 4807 5584 a
4857 5520 4999 5585 Deo

1355 5632 1727 5697 commissos
1791 5652 2049 5694 monere
2111 5652 2186 5694 ac
2245 5630 2545 5694 inducere
2593 5630 2986 5716 procuretis,
3036 5639 3100 5694 et
3149 5631 3210 5694 in
3260 5632 3701 5694 remissionem
3748 5637 4158 5716 peccatorum
4207 5651 4468 5693 suorum
4515 5628 4593 5692 de
4642 5629 4829 5693 bonis
4876 5628 5000 5691 sibi

1353 5760 1392 5802 a
1438 5738 1580 5803 Deo
1629 5738 1948 5802 concessis
1996 5738 2089 5801 eis
2137 5736 2470 5801 conferant
2519 5747 2706 5822 grata
2751 5737 3040 5801 subsidia
3088 5738 3396 5820 caritatis,
3447 5745 3517 5801 ut
3564 5759 3677 5801 vos
3725 5745 3789 5800 et
3836 5736 3959 5822 ipsi
4006 5759 4122 5822 per
4166 5737 4286 5800 hec
4332 5745 4397 5801 et
4445 5737 4574 5800 alia
4622 5736 4821 5817 bona,
4875 5755 5000 5820 que

1352 5845 1653 5928 feceritis,
1689 5844 1969 5908 Domino
2018 5844 2393 5930 inspirante,
2430 5845 2626 5907 vitam
2674 5845 2915 5908 habere
2966 5866 3327 5908 mereamur
3381 5846 3857 5931 sempiternam.
3892 5843 4028 5907 Nos
4074 5865 4228 5907 vero
4278 5844 4357 5908 de
4404 5844 4743 5907 clementia
4793 5843 5000 5907 omni·

1352 5952 1633 6039 potentis
1681 5952 1808 6016 Dei
1855 5959 1920 6016 et
1966 5951 2257 6036 Virginis
2302 5951 2580 6037 gloriose
2638 5973 2712 6016 ac
2755 5952 3093 6016 beatorum
3125 5952 3304 6016 Petri
3339 5961 3403 6015 et
3435 5952 3625 6016 Pauli
3659 5952 4093 6038 apostolorum
4129 5952 4271 6035 ejus
4304 5951 4547 6014 meritis
4580 5949 4998 6031 confidenteS,

1354 6060 1649 6126 omnibus
1682 6061 1970 6146 predicto
2019 6061 2159 6124 loco
2206 6060 2761 6124 benefacientibus
2809 6060 2899 6124 xl.
2945 6061 3081 6124 dies
3131 6059 3562 6124 criminalium
3607 6067 3671 6123 et
3718 6066 4014 6144 quartam
4055 6066 4307 6144 partem
4355 6057 4703 6121 venialium
4752 6057 4818 6119 in
4866 6057 5001 6120 Do-

1350 6169 1524 6232 mino
1572 6168 1963 6232 relaxamus.

1529 6276 1704 6340 Data
1752 6276 2044 6340 Bononie
2095 6297 2264 6339 anno
2313 6270 2429 6340 M.⁰
2462 6270 2582 6340 cc.⁰
2615 6275 2769 6360 xlj.,
2821 6275 3165 6340 indictione
3215 6275 3718 6362 quartadecima,
3766 6273 4062 6337 kalendis
4110 6273 4307 6356 madij
4335 6273 4434 6336 (l).

1514 6505 1593 6570 (1)
1634 6504 1696 6555 In
1738 6505 2009 6573 margine:
2050 6522 2077 6552 α
2125 6506 2277 6555 1241.
2319 6503 2397 6555 De
2437 6510 2607 6556 monte
2650 6503 2814 6555 02³an
2849 6522 2900 6554 ι».
