5542 7775
1346 621 1808 673 sPEcTAN'mA
1847 622 1950 671 An
1989 619 2320 671 omissum
2356 618 3090 670 ARCHIDIACONORUM
3127 618 3333 668 Ecoh.
3375 616 3651 667 BONON.
4157 594 4307 664 257

681 785 894 841 torum
925 777 1238 860 Bononie,
1265 785 1330 841 et
1362 777 1637 842 aliorum
1664 777 2030 841 multorum.
2065 775 2355 840 Domnus
2382 773 2544 857 Azo,
2571 774 2775 838 abbas
2808 774 3014 838 sancti
3048 772 3361 859 Stephani
3393 772 3706 854 Bononie,
3733 770 4115 851 numeravit,
4142 769 4319 834 dedit

684 891 748 948 et
780 884 1046 949 tradidit
1078 885 1265 948 fratri
1295 882 1727 967 W[illielm0J,
1761 882 2067 946 familiari
2098 882 2341 946 domini
2370 882 2573 968 Pape,
2607 881 2865 945 nomine
2898 881 3097 967 ipsius
3138 879 3379 944 domini
3409 879 3591 965 Pape
3623 901 3706 942 ex
3738 886 3923 965 parte
3954 878 4127 964 regis
4156 877 4318 942 Por-

683 992 973 1076 tugallie‚
1008 992 1131 1055 tria
1160 991 1365 1055 millia
1398 1012 1739 1055 aureorum
1774 989 2324 1054 marrochinorum
2359 988 2484 1053 duo
2507 989 2585 1053 (¹)
2618 989 2851 1070 minus,
2885 994 2950 1051 et
2981 1008 3066 1051 ex
3096 994 3281 1073 parte
3319 985 3750 1050 Ulixbonensi
3796 984 4100 1071 Episcopi
4150 1005 4313 1048 cccc.

684 1099 906 1163 obolos
954 1119 1204 1164 aureos.
1255 1098 1421 1162 Item
1468 1119 1552 1162 ex
1599 1104 1781 1184 parte
1828 1096 2319 1183 Archiepiscopi
2365 1094 2686 1174 Toletani,
2720 1102 2834 1159 aut
2871 1093 3360 1180 Archiepiscopi
3403 1091 3609 1157 sancti
3646 1092 3898 1175 Jacobi,
3933 1092 4319 1178 quingentas

682 1227 844 1270 unas
893 1205 1340 1270 musimutinas
1388 1205 1696 1291 duplices,
1731 1204 1899 1268 Item
1944 1204 2010 1268 in
2057 1204 2187 1267 alia
2232 1209 2417 1289 parte
2465 1224 2549 1266 ex
2596 1209 2779 1288 parte
2828 1201 3261 1288 predictorum
3297 1199 3766 1286 Episcoporum
3796 1200 3972 1283 cxiij.
4006 1198 4317 1286 duplices,

683 1320 748 1378 et
795 1314 1140 1399 ccclxxiiij.
1189 1313 1511 1400 sinplices.
1559 1312 1728 1378 Item
1773 1312 2068 1397 sequenti
2115 1310 2218 1376 die
2265 1312 2473 1398 prima
2520 1311 2587 1374 in
2633 1310 2894 1374 civitate
2941 1309 3234 1373 Bononie
3279 1309 3345 1373 in
3393 1329 3652 1373 camara
3698 1308 3897 1394 ipsius
3946 1307 4220 1390 abbatis,
4254 1308 4317 1371 in

684 1421 1009 1508 presentia
1057 1428 1122 1485 et
1168 1421 1534 1485 testimonio
1582 1419 1799 1484 domni
1845 1418 2155 1501 Marsilii,
2205 1418 2421 1482 domni
2467 1416 2510 1482 J
2514 1417 2700 1481 acobi
2762 1416 3198 1481 archidiaconi
3244 1416 3635 1498 ravennatis,
3675 1414 4057 1501 Henregicti
4104 1414 4320 1479 clerici

685 1530 1138 1594 canonicorum
1187 1528 1392 1593 sancti
1438 1527 1639 1609 Petri,
1688 1526 1906 1590 fratris
1952 1526 2214 1590 Viviani
2261 1524 2604 1611 templarii,
2653 1523 2951 1588 Brixiani
2995 1523 3290 1605 PistoriS,
3337 1523 3589 1587 Zanelli
3634 1522 3713 1586 de
3764 1522 4008 1587 Sabina
4053 1528 4118 1586 et
4163 1522 4320 1586 Rai-

686 1636 901 1700 nuzini
934 1636 1014 1701 de
1046 1636 1462 1721 Vareguana,
1499 1633 1787 1720 prefatus
1822 1633 2023 1697 abbas
2056 1631 2232 1696 dedit
2282 1638 2347 1695 et
2385 1631 2651 1696 tradidit
2695 1630 2949 1717 prefato
2994 1628 3451 1713 W[uillielmo]
3492 1628 3698 1712 fratri,
3732 1628 4036 1694 familiari
4081 1628 4323 1694 domini

685 1743 885 1828 Pape,
920 1764 1120 1807 unum
1157 1742 1427 1828 pallium
1475 1741 1557 1804 ad
1605 1739 2100 1827 cooperiendum
2148 1741 2353 1803 altare
2387 1739 2489 1803 vel
2537 1739 2796 1821 lectum,
2831 1758 2975 1801 cum
3023 1737 3193 1822 iiij.0r
3221 1736 3524 1801 toalliolis
3572 1743 3637 1800 et
3684 1736 3919 1801 obbam
3944 1736 4022 1801 (2)
4056 1758 4323 1801 auream

686 1858 750 1915 et
782 1851 942 1914 duas
976 1851 1176 1914 obbas
1220 1856 1563 1935 argenteas
1612 1848 1958 1912 deauratas
2005 1847 2088 1911 ad
2136 1869 2296 1934 opus
2343 1846 2624 1927 Domini,
2660 1867 2744 1910 ex
2784 1853 2967 1931 parte
3012 1844 3214 1930 Regis
3262 1844 3562 1925 Castelle,
3597 1845 3949 1909 secundum
3980 1845 4201 1930 quod
4185 1865 4321 1931 ipse

687 1957 913 2022 Abbas
946 1956 1168 2021 credit.
1218 1957 1361 2031 Que
1408 1956 1622 2021 omnia
1670 1955 2144 2042 suprascriptus
2190 1954 2417 2018 Abbas
2465 1953 2640 2018 dedit
2685 1961 2751 2017 et
2798 1952 3062 2016 tradidit
3108 1952 3359 2038 prefato
3392 1950 3802 2083 W[illielmo]
3834 1952 4169 2038 recipienti
4211 1973 4322 2016 no-

687 2064 857 2127 mine
909 2064 1149 2128 domini
1195 2064 1396 2149 Pape,
1446 2063 1611 2127 sicut
1658 2063 2165 2149 suprascriptum
2213 2068 2312 2125 est
2358 2067 2423 2125 et
2469 2060 2605 2147 ipse
2654 2059 2918 2145 recepit.

862 2171 1364 2236 Prenominatus
1411 2170 1613 2233 frater
1659 2168 2128 2252 W[illielmus],
2163 2176 2236 2232 ut
2272 2189 2469 2254 supra
2515 2168 2773 2253 legitur,
2823 2188 2955 2230 una
3002 2189 3147 2231 cum
3193 2167 3323 2231 iam
3368 2166 3537 2232 dicto
3583 2166 3841 2232 Abbate
3896 2167 4177 2232 scribere
4223 2190 4325 2233 ro-

688 2284 1026 2364 gaverunt.

867 2385 1103 2449 Forma
1166 2385 1501 2449 literarum
1564 2406 1725 2470 quas
1784 2384 2070 2447 habebat
2129 2381 2421 2468 prefatus
2484 2379 2932 2464 NV[illielmus]
2994 2402 3140 2445 cum
3194 2381 3373 2445 bulla
3428 2381 3670 2445 domini
3724 2382 3905 2469 Pape
3968 2383 4087 2447 hec
4148 2388 4321 2448 erat:

700 2519 728 2551 α
780 2492 1194 2557 Innocentius
1240 2492 1578 2578 episcopus
1626 2513 1850 2556 servus
1897 2511 2229 2554 servorum
2275 2488 2421 2571 Dei,
2456 2489 2705 2553 dilectis
2752 2489 2900 2552 filiis
2950 2537 3298 2553 ......
3348 2490 3555 2554 sancti
3587 2489 3920 2576 Stephani,
3971 2539 3986 2554 .
4038 2539 4055 2555 .
4112 2541 4120 2551 .
4173 2539 4188 2554 .
4239 2540 4254 2556 .
4306 2539 4321 2555 .

689 2601 894 2664 sancti
932 2599 1195 2664 Proculi
1240 2598 1604 2680 abbatibus,
1651 2596 1852 2684 priori
1900 2596 2107 2661 sancti
2153 2596 2195 2661 J
2200 2596 2426 2660 oannis
2473 2596 2539 2659 in
2585 2595 2827 2677 Monte,
2870 2604 2935 2659 et
2983 2644 3265 2660 .....
3315 2595 3541 2661 domus
3588 2596 4018 2683 Hospitalarii
4064 2596 4325 2662 Jeroso·

688 2707 983 2789 limitani,
1024 2714 1089 2770 et
1135 2754 1554 2770 .......
1603 2705 1830 2768 domus
1880 2704 2103 2768 militie
2153 2703 2407 2789 Templi
2452 2702 2780 2787 magistris
2827 2702 3118 2767 Bononie
3166 2703 3440 2767 salutem
3487 2710 3553 2767 et
3598 2704 4017 2790 apostolicam
4062 2704 4325 2769 benedi-

690 2814 984 2877 ctionem.
1031 2812 1441 2877 Presentium
1498 2812 1681 2877 vobis
1730 2812 2112 2876 auctoritate
2161 2810 2576 2893 mandamus,
2625 2817 2942 2895 quatenus
2991 2810 3294 2896 quicquid
3352 2832 3551 2896 penes
3612 2833 3727 2875 vos
3790 2812 4044 2877 nomine
4108 2818 4327 2876 nostro

690 2920 1071 3007 depositum,
1106 2919 1340 2984 dilecto
1380 2920 1513 2984 filio
1561 2918 1747 2983 fratri
1789 2917 2183 3003 W[illielmi]
2216 2917 2521 2981 familiari
2555 2924 2770 2981 nostro
2803 2917 3199 3003 presentium
3230 2917 3421 2982 latori
3454 2918 3590 2983 sine
3625 2918 3998 2983 difficultate
4039 2919 4328 3005 qualibet

690 3028 1054 3112 assignetiS,
1097 3027 1282 3091 nobis
1330 3026 1632 3113 quicquid
1680 3034 1745 3091 et
1792 3032 2104 3112 quantum
2151 3025 2356 3090 eidem
2408 3025 2649 3110 singuli
2695 3025 3108 3110 assignabitis
3154 3025 3429 3090 fideliter
3474 3027 3866 3113 rescripturi.
3913 3026 4157 3090 Datum
4201 3026 4327 3091 La-

691 3135 897 3199 terani
945 3135 1133 3198 tertio
1179 3133 1494 3197 kalendas
1543 3133 1930 3215 novembriS,
1979 3133 2386 3219 pontificatus
2434 3133 2635 3196 nostri
2683 3153 2853 3196 anno
2901 3132 3335 3197 sextodecimo
3385 3157 3444 3197 ».

870 3241 987 3324 (L.
1022 3241 1066 3323 †
1100 3240 1195 3323 S.)
1242 3239 1385 3326 Ego
1436 3240 1740 3322 Canbius,
1775 3241 1941 3305 sacri
1983 3240 2206 3326 palatii
2240 3239 2495 3322 notarii,
2531 3239 2827 3303 omnibus
2873 3239 3258 3325 supradictis
3306 3240 3569 3304 interfui
3607 3247 3673 3304 et
3705 3241 3952 3327 scripsi,
3987 3248 4052 3305 et
4081 3242 4326 3306 bullam

693 3348 842 3431 vidi,
893 3355 958 3412 et
1004 3347 1345 3412 emendavi
1380 3348 1671 3432 prefatus
1715 3347 1898 3412 abbas
1943 3346 2439 3412 interlinialiter.

2449 3614 2570 3678 XI.

2141 3794 2335 3877 1214,
2389 3793 2470 3855 14
2516 3792 2884 3877 septem-bris,

1387 3990 1492 4054 Ex
1538 3990 1713 4054 arch.
1761 3989 1940 4054 Max.
1987 3990 2173 4072 bon.‚
2221 3990 2288 4052 in
2336 3989 2616 4075 Reqistro
2668 3990 2914 4072 Grosffl,
2962 4011 3092 4054 car.
3142 3992 3270 4055 208
3317 3987 3399 4055 r.⁰
3444 3999 3507 4055 et
3554 3987 3644 4056 v?

867 4206 1059 4270 Anno
1105 4205 1444 4270 Dominice
1491 4204 1848 4269 nativitatis
1896 4204 2234 4269 millesimo
2284 4202 2409 4269 CC.
2459 4203 2653 4289 xiiij.,
2705 4204 2807 4268 die
2856 4204 3173 4270 dominico
3220 4205 3385 4291 xiiij.
3420 4206 3700 4270 intrante
3749 4207 4118 4293 septembri,
4166 4208 4329 4272 indi-

691 4314 900 4377 ctione
934 4310 1051 4398 ij.⁸‚
1080 4312 1144 4375 in
1178 4313 1421 4399 palatio
1449 4311 1820 4376 Communis
1846 4311 2136 4376 Bononie
2161 4311 2568 4398 presentibus
2593 4312 2885 4394 testibuS,
2914 4334 3184 4398 quorum
3219 4313 3478 4377 nomina
3512 4313 3778 4378 inferius
3811 4313 4242 4397 declarantur,
4270 4323 4335 4380 et

690 4421 834 4484 aliis
883 4420 1395 4506 quampluribus,
1446 4418 1741 4483 dominus
1788 4419 2109 4483 Rodulfus
2158 4418 2473 4483 Guidonis
2520 4419 2993 4504 Bergognonis,
3038 4442 3271 4503 comes,
3305 4421 3597 4485 Bononie
3641 4421 3962 4504 PotestaS,
3998 4423 4333 4488 voluntate

690 4521 754 4591 et
783 4527 1095 4613 parabola
1126 4527 1456 4591 hominum
1492 4525 1758 4590 Consilii
1790 4525 2130 4590 Credentie
2165 4526 2442 4590 civitatis
2474 4525 2766 4590 Bononie
2801 4527 2885 4591 ad
2917 4547 3228 4613 campane
3269 4528 3549 4592 sonitum
3580 4528 3646 4591 in
3679 4528 3922 4614 palatio
3960 4529 4329 4594 Communis

689 4635 980 4699 Bononie
1013 4632 1391 4719 congregati
1425 4654 1555 4697 una
1579 4654 1736 4698 voce
1771 4633 2188 4696 clamantium
2221 4639 2286 4697 et
2317 4632 2666 4697 dicentium
2714 4634 2886 4719 quod
2918 4634 3330 4720 infrascripta
3362 4636 3818 4720 promittentur
3848 4658 3974 4723 pro⁴
3993 4636 4334 4702 Communi

691 4750 755 4805 et
801 4741 1058 4807 nomine
1108 4741 1482 4806 Communis
1530 4740 1846 4822 Bononie,
1893 4739 2187 4827 promisit
2234 4740 2492 4805 domiuo
2538 4740 2833 4824 Ubaldo,
2882 4742 3007 4806 Dei
3072 4743 3284 4828 gratia
3346 4750 3565 4808 sancte
3622 4745 3991 4808 ravennatis
4038 4744 4330 4810 Ecclesia

691 4849 1223 4935 ArchiepiscopO,
1273 4848 1415 4913 vice
1464 4847 1704 4913 Christi
1750 4855 1814 4911 et
1861 4848 2117 4912 nomine
2166 4848 2424 4912 illarum
2472 4870 2895 4935 personarum
2958 4870 3082 4935 que
3139 4871 3393 4914 crucem
3450 4851 3815 4936 acceperint
3862 4857 3928 4914 et
3973 4852 4065 4916 ire
4114 4853 4334 4917 volue-

692 4957 822 5019 rint
869 4956 1041 5020 ultra
1089 4976 1266 5019 mare
1315 4976 1432 5041 pro
1480 4955 1926 5041 recuperanda
1973 4955 2176 5019 Terra
2223 4962 2447 5020 sancta
2494 4962 2559 5020 et
2605 4955 3010 5021 sanctissima
3070 4956 3275 5021 Cruce
3323 4957 3405 5021 ad
3451 4957 3762 5023 honorem
3822 4958 4086 5023 Domini
4134 4962 4336 5024 nostri

693 5062 852 5127 Jesu
906 5062 1164 5145 Christi,
1198 5063 1444 5126 scilicet
1489 5083 1605 5148 pro
1653 5061 1782 5125 illis
1827 5062 1907 5126 de
1954 5062 2213 5126 civitate
2260 5062 2553 5128 Bononie
2602 5069 2666 5127 et
2713 5063 3006 5128 districtu
3054 5085 3199 5128 cum
3245 5064 3441 5128 suerit
3480 5064 3803 5150 generalis
3834 5066 4164 5150 transitus,
4199 5068 4334 5132 sive

694 5169 1100 5256 passadium,
1148 5169 1303 5234 dare
1365 5191 1482 5256 pro
1547 5168 1886 5234 Communi
1932 5169 2224 5234 Bononie
2286 5170 2582 5234 omnibus
2640 5169 2718 5234 de
2778 5170 3037 5235 civitate
3083 5170 3376 5236 Bononie
3424 5177 3490 5235 et
3535 5171 3826 5236 districtu
3873 5173 4175 5238 euntibus
4222 5195 4336 5238 ex-

694 5297 929 5362 pensas
979 5297 1199 5340 omnes
1245 5298 1363 5363 pro
1411 5298 1633 5342 eorum
1680 5277 1876 5340 armis
1924 5283 1990 5340 et
2035 5276 2227 5341 rebus
2273 5278 2608 5363 portandis
2671 5300 2709 5341 a
2767 5278 3028 5343 civitate
3090 5278 3382 5342 Bononie
3443 5300 3647 5364 usque
3693 5278 4035 5364 Venetias,
4084 5281 4190 5346 vel
4253 5281 4337 5346 ad

695 5384 896 5448 alium
958 5383 1170 5448 locum
1234 5383 1317 5447 ad
1380 5404 1571 5469 quem
1618 5383 1710 5447 ire
1758 5383 2040 5470 poterint
2085 5405 2231 5448 cum
2277 5406 2497 5448 eorum
2547 5384 2760 5468 rebus,
2809 5405 2926 5472 pro
2975 5391 3156 5449 tanto
3203 5385 3419 5470 precio
3469 5392 3709 5471 quanto
3756 5385 4067 5451 Venetias
4119 5396 4336 5474 porta-

695 5500 952 5573 rentur,
1002 5497 1067 5555 et
1112 5512 1152 5555 a
1198 5490 1526 5573 Venetiis,
1574 5490 1681 5554 vel
1729 5491 1811 5554 ab
1859 5491 1971 5554 illo
2017 5490 2158 5555 loco
2208 5513 2332 5577 quo
2381 5512 2579 5555 naves
2627 5491 3040 5574 intraverint,
3088 5491 3336 5555 dabunt
3382 5513 3651 5557 comune
3715 5493 3980 5558 naulum
4041 5495 4337 5560 similiter

696 5619 821 5683 quo
869 5619 972 5661 res
1020 5604 1086 5662 et
1129 5619 1403 5684 persone
1451 5618 1672 5661 eorum
1720 5604 1997 5662 veantur
2040 5620 2244 5684 usque
2291 5598 2374 5662 ad
2422 5604 2662 5662 terram
2707 5599 3199 5663 ultramarinam
3246 5606 3312 5663 et
3354 5605 3428 5663 ut
3474 5620 3669 5686 supra
3701 5601 3959 5686 legitur,
3991 5607 4065 5665 ut
4094 5601 4337 5666 dictum

696 5712 812 5787 est,
863 5705 1195 5770 voluntate
1242 5712 1306 5769 et
1352 5705 1667 5792 parabola
1711 5705 2044 5770 hominum
2084 5705 2395 5791 Consilii,
2443 5706 2700 5771 nomine
2748 5706 3120 5771 Communis
3174 5706 3467 5771 Bononie
3522 5707 3815 5793 promisit
3860 5708 4031 5773 dicto
4078 5708 4338 5775 domino

697 5811 1203 5899 Archiepiscopo
1266 5812 1402 5899 ipse
1459 5812 1754 5877 dominus
1802 5811 2175 5896 Ro[dulfus]
2224 5835 2471 5896 comes,
2518 5814 2811 5879 Bononie
2872 5814 3206 5898 Potestas,
3256 5813 3429 5899 quod
3490 5813 3843 5880 Commune
3906 5814 4213 5880 adtendet
4273 5825 4340 5881 et

698 5918 1002 5983 servabit.

873 6030 977 6101 (Π
1008 6025 1266 6108 Actum,
1315 6032 1388 6090 ut
1434 6027 1677 6092 dictum
1723 6034 1840 6110 est,
1890 6027 1956 6091 in
2004 6028 2264 6092 civitate
2313 6029 2605 6094 Bononie
2651 6030 2714 6092 in
2763 6029 3008 6116 palatio
3058 6029 3460 6113 CommuniS,
3510 6029 3856 6094 indictione
3904 6030 4192 6115 predicta
4238 6053 4337 6095 se-

698 6133 936 6216 cunda,
982 6133 1235 6220 prefato
1283 6133 1542 6199 domino
1589 6134 1875 6200 Rodulfo
1924 6135 2176 6218 comite,
2222 6136 2515 6201 Bononie
2571 6143 2914 6223 potestate,
2962 6137 3295 6201 voluntate
3357 6136 3689 6201 hominum
3753 6136 4022 6200 Consilii
4067 6145 4132 6200 et
4180 6137 4337 6224 ipsis

857 6383 934 6447 (1)
975 6381 1079 6433 Sic.

859 6474 936 6538 (2)
979 6471 1145 6537 Obba,
1181 6473 1235 6525 id
1276 6478 1386 6526 est:
1428 6474 1690 6541 ampulla.

1001 6703 1137 6741 rom.
1175 6703 1239 6741 11.
4106 6698 4173 6748 33
