5542 7775
1261 596 1413 667 200
1918 618 2398 669 MONUMENTA
2436 618 2897 668 SPEGTANTIA
2940 620 3042 669 AD
3080 618 3590 670 PROFESSORES
3626 618 3837 670 JURIS
3876 618 4226 669 CANONICI

2996 985 3140 1050 XL.

2700 1200 2895 1284 1297,
2944 1201 3031 1264 21
3076 1198 3441 1286 septembris.

1307 1413 1413 1478 Ex
1458 1414 1658 1479 Arch.
1706 1412 1884 1479 Max.
1933 1413 2121 1496 bon.,
2171 1413 2236 1477 in
2285 1412 2544 1478 Memor.
2596 1413 2954 1479 Communis
2968 1438 2992 1498 ,·
3036 1413 3232 1479 Mem.
3280 1415 3682 1480 Zaccharelli
3724 1415 4008 1481 Rolandi
4055 1416 4483 1499 Zaccharelli,
4533 1438 4587 1481 0.
4637 1419 4720 1481 35
4769 1440 4819 1483 1.

1425 1628 1772 1695 Millesimo
1833 1628 2272 1694 ducentesimo
2331 1630 2753 1715 nonagesimo
2815 1630 3110 1715 septimo,
3158 1629 3504 1695 indictione
3561 1630 3845 1713 decima,
3891 1630 3994 1694 die
4058 1630 4579 1717 vigesimoprimo
4643 1633 4876 1697 mensis

1248 1736 1651 1823 septembris.

1247 1843 1546 1909 Mutuum
1635 1848 1740 1921 OE‘
1754 1844 2070 1909 Dominus
2117 1843 2435 1908 Martinus
2481 1844 2860 1930 Hyspanus,
2895 1852 3104 1910 rector
3143 1845 3409 1909 ecclesie
3442 1852 3662 1909 sancte
3694 1845 3900 1909 Marie
3944 1845 4023 1910 de
4056 1845 4330 1927 Ohubla‚
4365 1855 4874 1932 cexaragostane

1637 1951 1909 2017 diocesis
1959 1952 2023 2015 in
2069 1951 2381 2037 Yspania,
2416 1951 2718 2038 syndicus
2750 1958 2816 2016 et
2847 1960 3225 2037 procurator
3256 1952 3658 2017 dominorum
3689 1952 4039 2017 Rectorum
4070 1960 4135 2017 et
4174 1952 4634 2018 Universitatis
4678 1954 4874 2020 Scho-

1247 2060 1479 2124 larium
1510 2060 2134 2125 ultramontanorum
2181 2065 2247 2123 et
2284 2059 2898 2123 citramontanorum
2930 2059 3013 2123 ad
3045 2059 3455 2146 infrascripta
3487 2060 3853 2146 specialiter
3884 2061 4287 2143 constitutus,
4322 2067 4392 2125 ut
4425 2061 4503 2125 de
4536 2061 4873 2147 syndicatu

1244 2177 1310 2231 et
1370 2188 1648 2254 procura
1694 2174 1989 2232 constare
2036 2166 2201 2230 dixit
2261 2187 2344 2230 ex
2405 2166 2663 2253 publico
2718 2167 3143 2231 instrumento
3191 2167 3428 2252 scripto
3476 2188 3672 2231 manu
3718 2166 3989 2231 Matthei
4037 2166 4289 2233 Cambii
4343 2168 4612 2251 notarii,
4660 2171 4873 2255 syndi-

1244 2275 1486 2340 catorio
1533 2282 1600 2339 et
1641 2274 2083 2361 procuratorio
2131 2274 2387 2338 nomine
2433 2273 2750 2338 dictorum
2794 2273 3144 2339 Rectorum
3175 2282 3241 2338 et
3270 2274 3728 2338 Universitatis
3762 2281 3825 2339 et
3858 2274 4061 2339 dictos
4092 2274 4404 2339 Rectores
4439 2282 4504 2340 et
4536 2276 4868 2342 Universi-

1240 2389 1442 2447 tatem
1486 2390 1552 2447 et
1599 2381 1951 2469 quemlibet
1995 2382 2281 2467 ipsorum
2311 2381 2662 2445 Rectorum
2693 2388 2756 2445 et
2791 2380 2869 2444 de
2901 2380 3073 2445 dicta
3102 2380 3543 2445 Universitate
3575 2381 4015 2467 principaliter
4047 2390 4111 2446 et
4143 2382 4489 2447 insolidum
4521 2383 4870 2469 obligando

1241 2491 1325 2555 ad
1372 2491 1589 2555 omnia
1634 2497 1700 2555 01
1744 2490 2002 2574 singula
2048 2489 2480 2576 infrascripta,
2526 2488 2820 2575 promisit
2865 2488 3019 2553 dare
3067 2495 3130 2552 et
3176 2489 3513 2553 restituere
3559 2488 3844 2554 Johanni
3894 2489 4219 2575 quondam
4264 2488 4580 2556 Gnidonis
4626 2492 4705 2556 de
4754 2492 4871 2555 Mi-

1241 2599 1405 2663 zolle
1452 2598 1532 2662 de
1577 2597 1884 2662 societate
1934 2596 2341 2662 Schallorum
2388 2595 2468 2660 de
2516 2595 2848 2661 Florentia
2893 2596 3227 2683 stipulanti
3274 2596 3618 2661 insolidum
3663 2617 3780 2682 pro
3827 2618 3894 2660 se
3927 2603 3993 2661 et
4039 2597 4178 2662 vice
4225 2603 4289 2661 et
4322 2598 4579 2664 nomine
4614 2598 4865 2682 Telani,

1239 2705 1408 2793 Lapi
1454 2712 1518 2770 et
1562 2705 1745 2769 Petri
1791 2705 1892 2769 sui
1938 2704 2097 2769 socii
2143 2712 2208 2768 et
2255 2704 2528 2768 aliorum
2574 2704 2895 2769 sociorum
2926 2725 3188 2768 suorum
3221 2702 3300 2767 de
3333 2703 3505 2768 dicta
3536 2704 3841 2768 societate
3874 2709 4132 2769 centum
4162 2705 4634 2791 quinquaginta
4672 2707 4871 2773 libras

1239 2813 1712 2878 bononinorum
1756 2812 1907 2877 hinc
1954 2812 2036 2877 ad
2083 2834 2198 2876 sex
2246 2833 2498 2875 menses
2542 2811 2909 2898 proximos,
2951 2833 3147 2897 quam
3191 2811 3462 2897 pecunie
3509 2811 3935 2897 quantitatem
3980 2811 4150 2877 dicto
4198 2811 4564 2899 syndicario
4610 2822 4677 2878 et
4721 2837 4868 2901 pro·

1240 2920 1562 2985 curatorio
1622 2919 1880 2984 nomine
1937 2919 2410 3006 presentialiter
2469 2919 2713 3005 recepit
2756 2924 2821 2982 et
2865 2918 3095 2983 habuit
3140 2940 3181 2982 a
3227 2918 3396 2982 dicto
3443 2918 3743 2983 Johanne
3806 2925 4137 2983 mutuante
4185 2940 4302 3006 pro
4347 2941 4416 2984 se
4482 2929 4546 2985 et
4601 2921 4741 2986 vice
4803 2930 4869 2987 et

1237 3028 1494 3092 nomine
1541 3027 1860 3092 dictorum
1906 3026 2138 3091 Talani
2184 3034 2249 3090 et
2296 3026 2571 3090 aliorum
2616 3026 2937 3091 sociorum
2983 3033 3049 3090 et
3092 3025 3172 3090 de
3220 3027 3505 3112 ipsorum
3551 3026 3806 3090 comuni
3851 3027 4128 3113 pecunia
4173 3048 4257 3091 ex
4304 3049 4502 3092 causa
4541 3029 4746 3094 mutui
4788 3030 4868 3095 de

1236 3156 1401 3223 pura
1443 3141 1616 3199 sorte
1661 3141 1726 3199 et
1771 3134 1985 3220 gratia
2029 3132 2296 3220 speciali
2342 3133 2409 3197 111
2441 3133 2688 3197 venetis
2720 3133 2928 3219 grosis
2961 3134 3307 3219 argenteis,
3342 3154 3502 3218 quos
3534 3133 3761 3198 eodem
3794 3133 4050 3198 nomine
4083 3133 4416 3199 confessus
4464 3136 4587 3200 fuit
4617 3144 4865 3202 tantam

1235 3243 1454 3307 valere
1503 3249 1569 3307 et
1615 3241 1963 3307 ascendere
2011 3241 2438 3327 quantitatem
2482 3241 2975 3323 bononinorum,
3008 3241 3077 3304 in
3114 3240 3431 3305 dictorum
3462 3240 3813 3306 Rectorum
3845 3247 3911 3307 et
3941 3241 4400 3306 Universitatis
4432 3243 4717 3330 predicte
4750 3246 4870 3309 uti-

1234 3350 1486 3414 litatem
1532 3359 1596 3415 et
1643 3349 1983 3415 comodum
2028 3348 2386 3436 spetialiter
2433 3349 2955 3429 convertendam,
3003 3348 3400 3431 solvendam,
3448 3348 3747 3413 videlicet
3792 3356 3857 3414 et
3902 3349 4184 3414 dandam
4230 3349 4487 3416 domino
4538 3351 4865 3438 Stephano

1224 3457 1509 3541 Bonerii,
1545 3457 1900 3523 chanonico
1948 3455 2441 3540 nerbone[n]ssi,
2474 3455 2880 3521 decretorum
2926 3455 3193 3540 doctori,
3226 3477 3343 3541 pro
3376 3477 3493 3520 suo
3541 3457 3777 3521 salario
3818 3456 4077 3541 legendi
4115 3457 4433 3539 Decreta3
4468 3459 4571 3523 cui
4604 3459 4860 3526 domino

1226 3564 1557 3651 Stephano
1606 3563 1689 3627 ad
1736 3564 1978 3629 dictum
2024 3563 2334 3627 salarium
2381 3570 2680 3628 tenentur
2726 3564 2881 3629 dicti
2927 3563 3167 3629 Rector
3213 3572 3277 3628 et
3324 3563 3730 3628 Universitas
3775 3563 4101 3650 predicta,
4148 3571 4222 3629 ut
4267 3566 4582 3630 contineri
4628 3565 4861 3631 dicitur

1225 3693 1309 3736 ex
1355 3673 1781 3735 instrumento
1827 3670 1982 3735 dicti
2041 3670 2290 3736 Mathei
2336 3670 2588 3736 cambii
2647 3671 2888 3736 notarii
2948 3678 3013 3736 et
3074 3693 3159 3734 ex
3218 3672 3642 3736 instrumento
3702 3672 4018 3757 presentis
4081 3671 4318 3755 debiti,
4368 3672 4608 3759 scripto
4674 3695 4865 3737 manu

1224 3779 1456 3845 Jacobi
1502 3779 1806 3844 Jacobini
1849 3778 2105 3860 notarii,
2139 3778 2281 3843 heri
2325 3778 2496 3844 facto
2542 3778 2836 3844 Bononie
2885 3779 2951 3843 in
2997 3780 3186 3844 domo
3232 3780 3658 3845 habitationis
3704 3779 3858 3844 dicti
3904 3780 4259 3863 creditoris,
4299 3782 4707 3867 presentibus
4753 3782 4864 3848 do-

1224 3889 1398 3954 mino
1448 3888 1779 3975 Stephano
1824 3887 2110 3969 Bonerii,
2145 3887 2499 3952 chauonico
2538 3886 3033 3972 norbone[n]ssi,
3066 3888 3468 3954 decretorum
3510 3888 3791 3972 doctore,
3824 3889 4082 3954 domino
4115 3889 4503 3974 Raymundo
4536 3890 4855 3975 Barocho,

1223 3995 1626 4061 chauonicho
1673 3995 2038 4077 nimatensi,
2088 3994 2347 4059 domino
2391 3993 2726 4059 Bernardo
2775 3993 3066 4060 Gabocto
3113 3995 3193 4060 de
3239 3995 3498 4078 Biteris,
3543 3995 3972 4081 Bonbologno
4019 3995 4345 4082 quondam
4393 3995 4639 4061 domini
4682 3997 4855 4062 Bon-

1225 4103 1485 4168 martini
1531 4102 1977 4187 Alegracoris,
2029 4101 2206 4166 Gozo
2252 4101 2577 4166 Ubertelli
2623 4101 2703 4165 de
2747 4100 3011 4188 anoli,
3059 4109 3125 4166 et
3172 4102 3488 4168 Chatanio
3536 4102 3850 4168 Gnidonis
3898 4103 3977 4167 de
4022 4103 4286 4168 Rezano
4333 4104 4631 4189 testibus,
4668 4111 4732 4168 et
4776 4106 4867 4171 sic

1224 4210 1378 4276 dicti
1426 4209 1880 4275 contrahentes
1927 4230 2058 4273 una
2103 4230 2250 4274 cum
2295 4207 2466 4273 dicto
2512 4208 2764 4273 notario
2813 4217 3147 4293 venerunt,
3190 4210 3494 4275 dixerunt
3540 4216 3605 4275 et
3649 4210 3844 4275 scribi
3890 4211 4205 4276 fecerunt.

1222 4423 1523 4489 Mutuum
1617 4425 1722 4498 OE‘
1743 4422 2062 4488 Dominus
2097 4422 2465 4509 Stephanus
2494 4422 2785 4507 Bonerij,
2819 4422 3211 4488 chauonicus
3243 4423 3716 4508 nerbonenssis,
3749 4424 4155 4489 decretorum
4187 4424 4428 4507 doctor,
4462 4428 4567 4501 OE‘
4568 4424 4861 4490 dominus

1618 4530 2045 4618 Raymundus
2091 4531 2448 4614 Barochus,
2487 4531 2879 4596 chanonicus
2927 4531 3357 4613 nimatenssis,
3406 4539 3471 4596 01
3514 4535 3620 4606 (sj‘
3641 4532 3937 4596 dominus
3983 4532 4358 4597 Bernardus
4407 4531 4736 4597 Gaboctus
4783 4532 4861 4597 de

1223 4639 1523 4722 Bicteris,
1571 4638 1919 4704 insolidum
1965 4639 2305 4703 restituere
2351 4639 2785 4724 promiserunt
2831 4638 3002 4703 dicto
3047 4638 3091 4704 J
3095 4639 3335 4703 ohanni
3380 4638 3734 4724 stipulanti,
3782 4646 3854 4704 ut
3900 4638 4139 4704 dictum
4202 4646 4330 4723 est,
4379 4649 4637 4704 centum
4684 4641 4864 4726 quin-

1225 4747 1539 4833 quaginta
1582 4747 1783 4811 libras
1830 4745 2302 4811 bononinorum
2346 4745 2498 4810 hinc
2544 4745 2627 4810 ad
2669 4768 2788 4810 sex
2834 4767 3087 4811 menses
3131 4746 3496 4832 proximos3
3544 4766 3740 4832 quam
3784 4747 4056 4832 pecunie
4106 4748 4554 4833 quantitatem,
4602 4769 4862 4834 presen-

1223 4855 1466 4919 tialiter
1509 4860 1893 4940 receperunt
1938 4874 1977 4917 a
2032 4853 2202 4918 dicto
2248 4854 2549 4919 Johanne
2597 4860 2976 4936 mutuante,
3024 4860 3097 4918 ut
3142 4853 3380 4917 dictum
3429 4860 3562 4935 est,
3611 4875 3694 4917 ex
3741 4875 3939 4918 causa
3987 4855 4195 4919 mutui
4240 4854 4319 4919 de
4367 4876 4531 4941 pura
4576 4864 4747 4920 sorte
4799 4856 4863 4919 in

1222 4962 1472 5026 venetis
1502 4998 1507 5003 -
1534 4961 1776 5047 grossis
1838 4961 2199 5047 argenteis,
2248 4960 2419 5046 quod
2468 4960 2744 5025 confessi
2792 4960 3055 5025 fuerunt
3100 4967 3348 5025 tantam
3394 4960 3614 5024 valere
3660 4967 3725 5025 et
3771 4961 4123 5026 ascendere
4182 4963 4608 5047 quantitatem
4664 4962 4862 5027 bono-

1223 5070 1542 5152 ninorum,
1591 5089 1737 5134 cum
1782 5068 2075 5154 precario
2115 5069 2486 5155 juramento
2533 5075 2598 5133 et
2642 5069 2772 5132 alia
2821 5069 2885 5132 in
2947 5069 3371 5132 instrumento
3421 5075 3756 5151 contenta,
3805 5089 3889 5132 ex
3950 5068 4375 5134 instrumento
4432 5068 4586 5134 dicti
4632 5069 4865 5135 Jacobi

1222 5177 1461 5242 notarii
1505 5176 1676 5242 facto
1723 5176 1896 5241 dicta
1941 5176 2044 5240 die
2092 5184 2157 5240 et
2202 5176 2366 5259 loce,
2413 5176 2821 5262 presentibus
2867 5175 3126 5240 domino
3172 5175 3508 5240 Bernardo
3553 5174 3874 5260 Berbillij,
3909 5175 4142 5241 clerico
4189 5176 4520 5241 litenensis
4567 5177 4858 5260 diocesis,

1220 5285 1481 5350 domino
1527 5283 1815 5350 Maineto
1863 5283 1943 5348 de
1984 5283 2281 5348 Monsitis
2312 5283 2392 5348 de
2424 5283 2778 5367 Florentia,
2827 5283 3099 5366 notario,
3146 5283 3574 5368 Bonbologno
3621 5283 4028 5348 Boumartini
4077 5282 4513 5369 Alegracoris,
4564 5284 4861 5349 Zanitino

1219 5392 1645 5477 Bencevenis,
1680 5391 1857 5457 Gozo
1904 5391 2227 5456 Ubertelli
2273 5391 2352 5455 de
2399 5390 2639 5478 Inpolli
2677 5399 2742 5456 01
2789 5390 3036 5456 Jacobo
3077 5390 3392 5476 Raynerij
3425 5390 3735 5473 testibus3
3783 5397 3848 5455 et
3894 5391 3986 5455 sic
4032 5389 4186 5454 dicti
4231 5392 4685 5456 contrahentes
4732 5413 4862 5455 una

1220 5522 1366 5565 cum
1414 5500 1584 5565 dicto
1632 5499 1885 5564 notario
1933 5507 2278 5584 venerunt,
2325 5498 2630 5564 dixerunt
2675 5504 2740 5563 01
2787 5498 2981 5563 scribi
3028 5498 3342 5563 fecerunt.
