5542 7775
1239 605 1390 678 328

1231 781 1408 867 Mag.
1458 781 1743 848 Jacobus
1789 783 1869 848 de
1916 783 2320 850 Brandiccio.

1229 889 1313 955 D.
1363 890 1650 956 Jacobus
1695 892 1775 956 de
1822 891 2177 959 Rivofice0.

1229 996 1314 1062 D.
1361 997 1647 1063 Jacobus
1695 1000 1932 1086 Pipini.

1228 1104 1312 1171 D.
1361 1105 1647 1171 Jacobus
1695 1107 1996 1173 Thousci.

1227 1212 1311 1278 D.
1360 1213 1403 1279 J
1407 1215 1646 1280 acobus
1685 1215 1918 1301 Lageti
1951 1216 2121 1281 filius
2154 1217 2395 1283 domini
2425 1218 2725 1304 Hugonis
2759 1220 2993 1306 Lageti

1441 1322 1661 1386 militis
1708 1323 2088 1388 arelatensis
2136 1325 2428 1391 diocesis.

1224 1429 1401 1515 Mag.
1449 1428 1783 1495 Johannes
1830 1431 1910 1496 de
1956 1431 2302 1517 Palaxina,
2350 1434 2716 1500 canonicus.

1220 1536 1397 1623 Mag.
1445 1537 1778 1603 Johannes
1819 1538 2130 1622 Medicus,
2166 1562 2290 1625 que
2323 1541 2445 1605 fuit
2475 1541 2555 1606 (16
2586 1542 2986 1610 Benevento.

1221 1644 1305 1710 D.
1352 1644 1687 1711 Johannes
1736 1647 2086 1712 Carazolus
2135 1649 2214 1713 de
2260 1649 2558 1736 Neapoli.

1219 1753 1303 1818 D.
1352 1752 1687 1819 Johannes
1734 1754 1813 1819 (16
1859 1756 2213 1821 Vinthona.

1215 1860 1298 1926 D.
1347 1861 1682 1927 Johannes
1727 1863 2118 1928 Thomaxini
2166 1864 2245 1928 de
2291 1864 2662 1932 Nemauxo.

1214 1967 1299 2034 D.
1346 1969 1734 2035 Lambertus
1779 1970 2058 2054 Bonelli,
2106 1972 2542 2058 provincialis.

1215 2076 1298 2142 D.
1331 2077 1565 2142 Larius
1597 2077 1677 2142 de
1711 2077 2127 2165 Oripingen.,
2162 2080 2507 2145 canonicus
2541 2081 2979 2147 osfordiensis.

1211 2185 1299 2251 D.
1345 2185 1726 2250 Leonardus
1774 2186 1853 2250 de
1901 2186 2119 2251 Alato.

1211 2292 1295 2358 D.
1330 2294 1658 2358 Mattheus
1691 2293 2091 2378 Gondisalvi,
2126 2296 2472 2361 canonicus
2505 2296 2973 2364 ulixbonensis.

1211 2399 1296 2465 D.
1343 2401 1671 2466 Mattheus
1720 2402 2090 2486 Oarazolus,
2124 2404 2470 2468 canonicus
2516 2404 2850 2470 beacensis
2877 2405 2976 2472 (1).

1211 2508 1295 2574 D.
1342 2509 1672 2574 Mattheus
1718 2510 1798 2575 de
1847 2511 2182 2594 Columna,
2217 2511 2562 2577 canonicus
2602 2515 2976 2580 senonensis

1425 2626 1489 2682 et
1536 2618 1986 2684 belluacensis.

1209 2726 1293 2791 D.
1343 2725 1686 2791 Monaldus
1733 2726 1813 2791 de
1859 2726 2209 2791 FabrianO.

1206 2835 1383 2921 Mag.
1430 2835 1753 2918 Morisius,
1803 2835 2043 2900 domini
2090 2836 2269 2922 Pape
2317 2836 2610 2923 scriptor.

1208 2942 1292 3007 D.
1341 2943 1582 3008 Mixius
1628 2943 1868 3008 domini
1916 2943 2199 3008 Prefecti
2245 2942 2324 3007 de
2368 2943 2669 3010 Pistori0.

1206 3049 1290 3116 D.
1339 3050 1692 3134 Radarius,
1741 3051 2087 3115 canonicus
2136 3099 2361 3115 .....
2410 3057 2475 3115 et
2520 3053 2969 3120 atrebatensis.

1205 3157 1288 3223 D.
1337 3158 1568 3225 Nicola
1615 3159 1798 3242 Cille,
1849 3160 2195 3223 canonicus
2242 3158 2661 3226 abrincensis.

1202 3267 1287 3333 D.
1332 3267 1641 3332 Nicolaus
1687 3268 1767 3332 de
1812 3267 2104 3350 Perusio,
2153 3266 2322 3331 filius
2369 3267 2610 3333 domini
2658 3270 2916 3337 Masini.

1203 3375 1287 3439 D.
1335 3375 1671 3440 Nicolinus
1718 3374 1797 3440 de
1845 3383 2070 3440 sancta
2102 3376 2342 3462 Agata,
2376 3378 2721 3443 canonicus
2753 3380 2970 3465 urgel-

1420 3483 1638 3547 lensis.

1205 3590 1291 3656 D.
1339 3590 1482 3656 Odo
1508 3593 1607 3656 (2).

1205 3698 1382 3784 Mag.
1430 3698 1889 3764 Oddemondus
1935 3698 2015 3762 de
2064 3697 2436 3764 Gaarefeld.

1201 3805 1286 3871 D.
1335 3806 1728 3890 Ottobonus,
1775 3805 2121 3871 canonicus
2168 3812 2234 3870 et
2294 3807 2667 3895 capellanus
2723 3809 2966 3876 domini

1417 3915 1618 4002 Pape.

1195 4024 1281 4089 D.
1329 4024 1639 4110 Paganus
1684 4023 2132 4109 Belengerius.

1195 4130 1280 4197 D.
1327 4132 1691 4196 Palmerius
1739 4131 1818 4195 de
1865 4130 2224 4215 Placentia,
2273 4137 2502 4196 rector.

1195 4239 1279 4304 D.
1326 4239 1573 4303 Paulus
1620 4239 1855 4304 Gabbi.

1195 4347 1279 4413 D.
1327 4348 1571 4413 Paulus
1619 4348 1698 4413 de
1748 4348 2016 4431 Comite,
2065 4347 2412 4413 canonicus
2459 4350 2876 4416 carnotensis.

1193 4456 1278 4521 D.
1324 4457 1701 4521 Petruccius
1748 4456 1991 4520 domini
2035 4455 2262 4519 Nicole
2308 4455 2388 4520 de
2437 4456 2767 4522 Corruet0.

1193 4563 1271 4629 D.
1324 4564 1559 4628 Petrus
1605 4563 1822 4628 David
1868 4562 1948 4626 de
1994 4562 2225 4626 Roma.

1191 4672 1275 4737 D.
1323 4672 1556 4736 Petrus
1604 4671 1683 4735 de
1730 4670 2129 4755 Albingana.

1190 4781 1273 4846 D.
1322 4781 1556 4845 Petrus
1601 4777 1980 4843 Bordanini.

1188 4889 1272 4954 D.
1319 4888 1554 4953 Petrus
1601 4886 1680 4951 (16
1726 4885 1980 4950 Praira.

1187 4997 1270 5063 D.
1318 4997 1574 5080 Petrus,
1622 4994 1967 5060 canonicus
2017 4992 2579 5079 compostellanus.

1184 5105 1268 5171 D.
1315 5104 1551 5170 Petrus
1596 5102 1676 5167 de
1723 5101 1964 5185 Treris,
2012 5100 2359 5165 canonicus
2411 5149 2688 5167 ......

1182 5213 1266 5279 D.
1312 5213 1547 5278 Petrus
1597 5209 1970 5297 Caporedus
2026 5208 2105 5273 de
2150 5208 2398 5291 Roma,
2447 5208 2794 5274 canonicus
2850 5232 2950 5276 re-

1395 5319 1653 5384 mensis.

1180 5429 1263 5494 D.
1310 5427 1547 5492 Petrus
1591 5425 1853 5510 Majolis
1899 5424 1981 5488 de
2027 5422 2321 5508 Armiga.

1177 5536 1263 5602 D.
1309 5536 1544 5601 Petrus
1591 5535 1669 5599 de
1715 5533 1999 5621 Piperno
2025 5534 2125 5596 (3).

1175 5645 1260 5710 D.
1328 5645 1565 5710 Petrus
1634 5643 2093 5707 Bonaventure
2164 5640 2243 5705 de
2312 5640 2794 5727 Paparensibus
2865 5640 2945 5705 de

1174 5860 1258 5926 D.
1305 5752 1647 5946 PhIizlipxis
1718 5855 1960 5922 domini
2022 5855 2256 5921 Clerici
2324 5855 2402 5920 de
2462 5855 2670 5937 Pisis,
2720 5855 2944 5921 doctor

1169 6077 1254 6143 D.
1300 5968 1666 6162 Phliligplpniis,
1715 6071 2063 6138 canonicus
2111 6071 2573 6158 pergamensis.

1167 6185 1252 6250 D.
1300 6183 1642 6270 Philippus
1689 6180 1930 6246 domini
1977 6178 2209 6244 Jacobi
2258 6178 2478 6242 militis
2520 6177 2599 6241 de
2648 6177 2964 6269 Parixio.·

1293 6436 1372 6501 (1)
1411 6433 1501 6484 Al.
1538 6432 1748 6483 domim·
1781 6430 1931 6497 Pape
1967 6429 2298 6496 capellanus.

1290 6527 1370 6591 (2)
1410 6524 1499 6575 Al.
1537 6521 1694 6573 Hodo
1729 6521 1794 6572 de
1830 6519 2099 6572 Rochetta.

2620 631 3050 684 SOHOLARES
3107 634 3512 720 ILJJUSTRES

3123 787 3207 853 D.
3256 789 3581 856 Robertus
3629 792 3709 857 de
3756 792 3936 857 Bria.

3122 896 3205 961 D.
3257 897 3477 963 Sclata
3522 899 3601 964 de
3648 899 4014 982 Ubaldinis,
4062 901 4409 966 canonicus
4458 902 4824 969 leodiensis.

3121 1004 3205 1071 D.
3255 1006 3627 1073 Sinibaldus
3667 1009 3747 1074 de
3779 1009 4019 1093 Labro,
4051 1010 4229 1097 prior
4257 1019 4479 1075 sancte
4511 1010 4717 1076 Marie
4749 1013 4887 1078 Ma·

3405 1137 3513 1180 ris.

3119 1221 3203 1287 D.
3254 1136 3565 1287 Silliiester
3609 1223 3884 1288 Blaxius
3931 1223 4193 1311 Maphei
4241 1224 4321 1289 de
4369 1226 4661 1292 Perusio.

3119 1328 3202 1395 D.
3249 1330 3516 1412 Vanne,
3564 1332 3702 1396 sive
3749 1331 4124 1418 Vignolius,
4173 1332 4413 1397 domini
4465 1334 4760 1399 Silvestri
4805 1336 4884 1401 (16

3335 1436 3380 1502 S
3467 1438 3536 1503 ll.

3117 1542 3200 1608 D.
3249 1459 3535 1610 Ubg-tug
3582 1546 3662 1611 de
3710 1547 3938 1612 Castro
3983 1546 4230 1613 Veteri.

3836 1813 4155 1880 MCCXC.

3111 2079 3288 2165 Mag.
3337 2081 3723 2165 Aymericus
3771 2079 3903 2164 [de]
3954 2080 4332 2167 Sangleriis.

3108 2185 3191 2252 D.
3237 2187 3534 2252 Amelius
3582 2187 3662 2252 de
3710 2187 4163 2254 Montecucoli.

3106 2294 3190 2360 D.
3237 2294 3602 2359 Baldredus
3647 2295 3869 2360 Bisch.

3104 2403 3187 2468 D.
3236 2404 3608 2469 Bernardus
3655 2405 3892 2470 Leonis
3940 2405 4018 2470 de
4067 2406 4287 2471 Monte
4331 2407 4626 2475 Roncali.

3104 2511 3186 2576 D.
3235 2511 3607 2576 Bernardus
3655 2512 3734 2577 de
3781 2512 4183 2597 Vallebona,
4232 2519 4673 2583 nemausensis
4734 2521 4871 2587 dio-

3318 2641 3501 2685 cesis.

3100 2726 3183 2791 D.
3231 2727 3604 2792 Bernardus
3650 2728 3890 2792 Leonis
3936 2727 4015 2792 (16
4065 2728 4453 2796 Carcasona.

3097 2835 3182 2901 D.
3207 2836 3581 2901 Bernardus
3614 2835 3693 2900 de
3718 2835 4041 2919 Valbona,
4069 2840 4420 2904 monachus
4452 2843 4660 2908 sancti
4684 2842 4868 2909 Guil-

3311 2944 3489 3008 lelmi
3535 2943 3615 3007 de
3661 2943 3870 3007 Desso
3917 2943 4224 3009 Nemaus.

3096 3050 3179 3116 D.
3227 3050 3600 3115 Bernardus
3649 3050 3728 3114 de
3774 3050 4068 3116 Foliano.

3094 3157 3178 3222 D.
3224 3158 3618 3222 Bertholdus
3666 3157 3745 3222 de
3793 3157 4185 3223 Trusvantia
4229 3161 4308 3225 de
4355 3161 4760 3231 Fracemvot.

3095 3265 3180 3330 D.
3226 3265 3691 3331 Bonaventura
3739 3264 3817 3329 de
3865 3264 4096 3329 Roma.

3099 3374 3178 3439 D.
3226 3374 3624 3455 Bonifacius,
3672 3375 4038 3460 prepositus
4085 3376 4454 3461 opoliensis.

3096 3482 3180 3547 D.
3230 3482 3539 3547 Cataldus
3587 3481 3825 3544 domini
3873 3481 4094 3545 Perini
4141 3483 4220 3547 de
4269 3484 4560 3550 Miscina.

3095 3591 3179 3656 D.
3215 3589 3533 3656 Catardus
3565 3589 3644 3654 de
3677 3589 4063 3672 Penavaria,
4089 3591 4534 3658 lemovicensis
4566 3594 4860 3663 diocesis.

3096 3699 3181 3765 D.
3231 3697 3540 3779 Coradus,
3582 3703 3792 3761 rector
3838 3698 4108 3763 ecclesie
4151 3699 4216 3762 in
4250 3699 4448 3782 Doce,
4483 3705 4858 3789 moguntina

3311 3805 3602 3870 diocesis.

3093 3915 3176 3982 D.
3224 3914 3511 3979 Davizus
3558 3913 3791 3977 Trinze
3839 3913 3918 3977 de
3965 3913 4320 3981 Florentia.

3089 4022 3172 4088 D.
3220 4022 3450 4104 Dinus,
3497 4021 3716 4106 legum
3764 4020 4007 4086 doctor.

3088 4131 3173 4196 D.
3219 4130 3604 4196 Franciscus
3651 4129 3730 4193 de
3776 4129 4024 4211 Offida,
4072 4129 4241 4194 filius
4288 4130 4529 4197 domini
4577 4133 4852 4202 Nicolai.

3086 4238 3170 4304 D.
3220 4237 3449 4303 Gallus
3497 4258 3711 4303 comes
3759 4237 3838 4302 de
3885 4237 4236 4322 Mangono.

3083 4346 3169 4413 D.
3218 4345 3462 4429 Ganus,
3496 4346 3632 4410 sive
3681 4344 4037 4429 Galvanus,
4071 4345 4312 4410 domini
4342 4346 4663 4412 Johannis
4709 4349 4851 4414 Ma-

3298 4454 3514 4519 nensis
3561 4453 3640 4517 de
3685 4452 3875 4517 Pisis.

3081 4562 3165 4627 D.
3209 4560 3537 4626 Gerardus
3566 4559 3888 4645 Rostagni
3919 4559 3999 4623 de
4031 4559 4353 4644 Bitarora,
4389 4562 4661 4629 diocesis
4695 4585 4847 4631 ave·

3299 4668 3650 4733 nionensis.

3079 4776 3164 4842 D.
3213 4775 3428 4861 Ghigo
3477 4774 3749 4857 Giraldi,
3797 4774 4224 4838 sistaricensis
4271 4774 4565 4841 diocesis.

3077 4885 3163 4950 D.
3212 4882 3518 4947 Giraldus
3566 4881 3848 4946 Truzeti.

3079 4991 3162 5056 D.
3205 4990 3554 5055 Girauldus
3588 4988 3901 5072 Giroaldi,
3935 4988 4377 5053 nemausensis
4410 4989 4703 5073 diocesis,
4737 5014 4844 5057 ca·

3291 5101 3559 5166 nonicus
3604 5099 4036 5165 bononiensis.

3075 5209 3160 5274 D.
3208 5209 3534 5274 Gorlanus
3581 5208 3661 5273 (16
3710 5206 4190 5271 Gnatifollaria.

3074 5316 3158 5383 D.
3209 5316 3502 5403 Graphto
3534 5315 3703 5378 filius
3735 5312 3978 5378 domini
4006 5313 4322 5379 Ludovici
4353 5313 4433 5379 de
4461 5314 4840 5401 Maspurgh.

3072 5424 3156 5488 D.
3221 5422 3593 5488 Gualterius
3663 5421 3742 5486 de
3813 5420 4293 5506 Cronemberg,
4363 5421 4534 5485 filius
4596 5422 4842 5487 domini

3285 5529 3641 5594 Franconis
3689 5528 3931 5592 militis.

3070 5639 3154 5704 D.
3188 5638 3733 5722 Guarmignanus,
3768 5636 4039 5700 clericus
4076 5634 4344 5701 ecclesie
4376 5644 4598 5701 sancte
4627 5636 4839 5703 Marie

3283 5746 3575 5830 Lugane‚
3623 5743 3895 5808 diocesis
3941 5743 4340 5808 mutinensis.

3041 5876 3048 5884 ·
3069 5853 3152 5918 D.
3204 5853 3415 5918 Guido
3465 5851 3736 5916 Giraldi.

3069 5961 3245 6047 Mag.
3297 5959 3683 6025 Guillelmus
3731 5959 3809 6023 de
3853 5957 4181 6022 Valentia.

3067 6069 3241 6154 Mag.
3293 6067 3679 6133 Guillelmus
3725 6067 3805 6130 de
3851 6065 4239 6149 villanova,
4289 6066 4638 6131 canonicus
4683 6066 4838 6130 bar·

3280 6175 3666 6240 cillonensis.

3189 6426 3267 6491 (3)
3306 6423 3610 6476 Cardinalis
3649 6429 3704 6476 et
3740 6428 4019 6494 protector
4054 6423 4561 6488 camaldulensium,
4603 6425 4760 6475 1300.
