5542 7775
1553 665 2013 715 SPEOTANTIA
2068 665 2171 714 AD
2228 664 2736 715 PROFESSORES
2794 664 3005 716 JURIS
3063 665 3413 715 OANONICI
4148 644 4284 714 191

2324 1030 2641 1095 XXXIV.

2193 1243 2384 1326 1279,
2435 1244 2475 1305 9
2519 1243 2787 1309 octobris,

810 1457 916 1520 Ex
961 1456 1161 1521 Arch.
1209 1455 1391 1521 Max.
1439 1456 1621 1538 bon.,
1670 1455 1735 1519 in
1784 1452 1972 1518 Mem·
2026 1451 2382 1519 Communis
2426 1455 2709 1541 Bonon.;
2753 1456 2947 1521 Mem.
2995 1456 3405 1521 Bonacossae
3452 1456 3769 1521 Johannis
3818 1456 4162 1521 Cavallerii

2083 1562 2239 1625 anni
2290 1566 2481 1646 1279,
2533 1584 2662 1628 001.
2713 1565 2793 1627 81
2847 1585 2900 1629 1.

669 1778 936 1864 Mathey
1062 1777 1187 1842 Die
1236 1777 1387 1841 lune
1435 1797 1603 1841 0000
1651 1777 1931 1842 intrante
1980 1777 2228 1842 octubri
2276 1776 2753 1861 [meclxxviiij.]

670 1885 910 1950 Carlini
1060 1890 1165 1963 (ΓῙ
1188 1885 1503 1950 Dominus
1550 1884 1822 1970 Egidius
1870 1885 1948 1949 de
1994 1885 2414 1969 FoscarariiS,
2463 1886 2685 1950 doctor
2731 1884 3154 1965 decretorum,
3204 1882 3512 1965 infirmus,
3556 1904 3700 1947 cum
3748 1890 4010 1970 propter
4056 1883 4157 1967 suj
4204 1883 4299 1947 in-

1062 1993 1429 2056 firmitatem
1478 1992 1715 2056 librum
1763 1991 2200 2057 Decretalium
2246 1993 2549 2057 inchoare
2597 2014 2726 2057 non
2772 1992 2977 2078 possit
3022 1991 3083 2055 in
3128 1990 3422 2076 sequenti
3468 2011 3659 2074 ann0,
3695 1990 3777 2054 ad
3809 1991 4006 2055 talem
4039 2011 4299 2055 concor-

669 2100 843 2165 diam
888 2101 1184 2188 pervenit
1231 2122 1376 2165 eum
1422 2100 1733 2185 magistro
1783 2098 2017 2164 Garsia
2064 2101 2378 2187 hyspano,
2428 2100 2687 2165 doctore
2736 2100 3160 2181 decretorum,
3208 2098 3451 2163 scilieet
3508 2098 3679 2184 quod
3735 2097 3942 2163 dictus
4003 2098 4299 2165 dominus

668 2209 941 2294 Egidius
987 2209 1302 2273 concessit
1347 2208 1555 2272 eidem
1603 2209 1912 2294 magistro
1961 2207 2190 2272 Garsie
2237 2208 2446 2273 scolas
2492 2229 2641 2272 suas
2688 2229 2807 2294 pro
2856 2229 3024 2272 anno
3073 2207 3397 2292 sequenti,
3444 2214 3509 2270 et
3555 2228 3775 2271 omnes
3822 2207 4102 2271 scolares
4151 2229 4298 2271 suos

671 2338 830 2402 quos
878 2316 1075 2381 habet
1121 2316 1225 2380 vel
1271 2315 1542 2380 haberet
1590 2315 1653 2379 in
1702 2315 1987 2379 futurum
2036 2316 2100 2380 in
2149 2315 2441 2400 sequenti
2489 2336 2680 2398 anno,
2714 2315 2806 2378 ita
2841 2314 3011 2400 quod
3042 2314 3243 2400 possit
3290 2313 3380 2377 ibi
3428 2314 3749 2378 ordinarie
3795 2313 4012 2400 legere
4060 2320 4124 2378 et
4171 2315 4299 2378 col-

670 2423 870 2487 lectas
919 2423 1169 2506 facere,
1219 2428 1284 2486 et
1345 2422 1551 2487 dictus
1615 2422 1924 2507 magister
1971 2422 2236 2486 Garsias
2283 2422 2578 2508 promisit
2623 2421 2831 2486 eidem
2879 2421 3135 2486 domino
3182 2415 3417 2506 Egidio
3470 2421 3625 2486 dare
3688 2420 4095 2486 medietatem
4161 2422 4302 2505 ejus

672 2530 842 2616 quod
890 2530 1203 2616 receperit
1250 2551 1289 2593 a
1335 2529 1521 2595 dictis
1568 2530 1922 2594 scolaribus
1970 2551 2086 2616 pro
2126 2529 2335 2616 prima
2368 2536 2432 2593 et
2464 2529 2746 2593 secunda
2780 2528 3069 2612 collecta,
3103 2535 3167 2592 et
3200 2528 3537 2592 collectam
3568 2528 3886 2593 scolarum
3921 2550 4067 2593 cum
4098 2529 4302 2615 pactis

670 2645 735 2702 et
784 2637 1291 2701 condictionibus
1340 2637 1655 2701 contentis
1703 2637 2127 2700 instrumento
2176 2637 2411 2723 scripto
2459 2657 2655 2700 manu
2702 2636 2974 2719 Matheij
3031 2635 3274 2699 Carlini
3320 2635 3556 2699 notarii
3617 2634 3788 2699 10010
3850 2635 4039 2699 hodie
4086 2635 4150 2699 in
4197 2657 4302 2699 cu-

670 2767 848 2809 mera
897 2744 1049 2808 dicti
1098 2743 1339 2808 domini
1387 2743 1629 2829 Egidij,
1664 2744 2069 2829 presentibus
2116 2743 2374 2808 domino
2419 2743 2655 2807 Natale
2700 2742 3036 2828 Raynerii,
3070 2742 3327 2807 domino
3367 2742 3628 2807 Liberio
3661 2743 3968 2807 canonico
4001 2742 4305 2807 anchoni-

671 2860 844 2933 tan0,
879 2852 1234 2917 rectoribus
1278 2851 1737 2915 Universitatis
1788 2851 2147 2915 Scolarium
2193 2851 2506 2933 Bononie,
2542 2850 2799 2914 domino
2848 2850 3291 2935 Berengherio
3340 2851 3419 2914 (10
3460 2850 3791 2933 Οο(101010,
3825 2850 4086 2914 (1001100
4117 2850 4314 2914 Petro

671 2958 955 3041 Martini,
991 2958 1249 3024 domino
1298 2957 1533 3022 Garsia
1582 2958 1969 3041 Sebastiani,
2019 2957 2327 3022 canonico
2376 2957 2879 3043 compostelanO,
2912 2957 3372 3021 Bartholomeo
3422 2956 3601 3042 GiIij,
3639 2956 3911 3039 notarie,
3945 2964 4010 3020 et
4055 2956 4311 3042 Angelo

670 3067 960 3131 Venture
1008 3068 1302 3150 testibus,
1335 3074 1408 3130 ut
1455 3065 1662 3130 dictus
1712 3066 2032 3151 Angelius
2078 3073 2460 3152 procurator
2507 3065 2660 3130 (11011
2707 3065 2950 3129 (1001101
2997 3065 3216 3150 Egidij
3269 3066 3532 3148 infirmi,
3567 3087 3651 3129 ex
3699 3065 4122 3129 instrumento
4166 3088 4313 3152 pro-

672 3196 821 3238 0010
872 3196 1067 3238 manu
1114 3174 1268 3237 dicti
1313 3174 1571 3256 notarii,
1622 3174 1797 3238 venit
1845 3195 1975 3237 una
2023 3195 2169 3237 cum
2217 3172 2388 3237 dicto
2437 3172 2695 3238 domino
2746 3172 3001 3255 Garsia,
3050 3181 3113 3237 et
3160 3173 3252 3237 sic
3301 3173 3606 3236 dixerunt
3650 3178 3715 3237 et
3760 3172 3953 3237 scribi
3999 3173 4308 3237 fecerunt.

849 3281 1041 3346 Dicta
1091 3281 1215 3346 die.

852 3391 958 3464 οἵ
974 3388 1268 3473 Angelus
1301 3387 1612 3470 Venture,
1644 3387 1937 3451 bedellus
1970 3387 2210 3452 domini
2244 3386 2464 3473 Egidii
2495 3387 2573 3450 de
2606 3386 3026 3470 Foscarariis,
3061 3387 3353 3474 promisit
3385 3387 3694 3473 magistro
3745 3386 3973 3451 Garsie
4019 3387 4312 3474 hyspano

672 3495 825 3559 dare
860 3494 1125 3559 terciam
1158 3502 1407 3582 partem
1440 3495 1601 3579 ejus,
1636 3493 1809 3580 quod
1853 3496 2170 3581 receperit
2215 3495 2279 3558 in
2330 3494 2612 3559 collectis
2661 3494 2726 3558 in
2775 3495 3048 3582 pecunia
3098 3495 3159 3558 in
3209 3495 3399 3559 scolis
3431 3494 3672 3558 domini
3703 3493 3946 3580 Egidij,
3981 3495 4047 3558 in
4079 3495 4311 3580 quibus

672 3602 862 3666 debet
925 3603 1142 3687 legere
1206 3601 1499 3667 dominus
1562 3602 1870 3687 magister
1919 3600 2206 3683 Garsias,
2255 3601 2528 3665 Alberto
2574 3602 2830 3666 bedello
2877 3601 3078 3688 ipsius
3143 3601 3383 3666 domini
3442 3602 3671 3666 Garsie
3727 3601 3834 3666 vel
3887 3602 4009 3688 ipsi
4057 3602 4313 3667 domino

675 3707 903 3773 Garsie
951 3709 1034 3773 ad
1082 3731 1265 3773 suam
1311 3708 1731 3790 voluntatem,
1766 3708 1885 3772 sub
1930 3729 2099 3794 pena
2144 3730 2301 3773 xxv.
2346 3707 2658 3772 librarum
2704 3708 3192 3773 bononenorum
3238 3732 3322 3774 ex
3369 3710 3794 3775 instrumento
3842 3709 3996 3774 dicti
4041 3710 4317 3774 Matthei

674 3815 918 3880 Carlini
966 3817 1236 3900 notarii,
1286 3815 1457 3880 10010
1506 3815 1678 3879 (11010
1724 3815 1862 3899 (110,
1911 3816 2053 3880 1000
2102 3822 2165 3880 01
2214 3815 2618 3903 presentibus
2683 3815 2990 3903 predictis
3054 3817 3360 3901 testibus,
3411 3824 3475 3881 et
3521 3817 3612 3882 sic
3660 3817 3964 3881 dixerunt
4012 3825 4074 3881 et
4123 3818 4316 3882 scribi

673 3923 963 3988 10001001
968 3973 1295 3989 .......

2348 4244 2630 4310 XXXV.

1972 4458 2250 4543 [1279]‚
2304 4460 2382 4522 14
2431 4466 2485 4524 et
2530 4460 2619 4522 20
2663 4458 3010 4523 decembris,

1608 4672 1716 4737 Ex
1761 4673 1987 4738 eodem
2036 4672 2333 4756 Memor.,
2382 4695 2436 4738 c.
2492 4675 2617 4738 174
2664 4695 2715 4738 r.
2766 4681 2832 4738 01
2877 4695 2969 4756 1.,
3018 4680 3083 4737 01
3137 4675 3260 4738 168
3309 4695 3359 4738 1.

846 4885 971 4950 Die
1006 4887 1305 4972 mercurij
1332 4909 1444 4950 xx.
1472 4886 1829 4951 decembris
1856 4886 2328 4972 [mcclxxviiij]
2360 4891 2465 4964 (ΓῙ
2481 4887 2797 4953 Dominus
2830 4888 3284 4974 Rodulphinus
3317 4887 3396 4952 (10
3420 4887 3795 4974 Ungarellis
3827 4889 4136 4970 notarius,
4165 4909 4310 4974 pro-

672 5001 929 5058 curator
962 4994 1351 5058 venerabilis
1383 4995 1585 5079 patris
1619 4993 1860 5058 domini
1896 4995 2127 5080 Opizii,
2160 4994 2307 5081 Dey
2340 4995 2551 5080 gratia
2598 4996 2957 5081 parmensis
3005 4995 3310 5081 episcopi,
3344 4994 3919 5079 fideicommissarij
3967 5002 4032 5059 01
4078 5015 4310 5060 execu-

671 5102 826 5165 toris
873 5101 1242 5165 testamenti
1290 5108 1353 5165 et
1401 5102 1623 5166 ultime
1670 5102 2022 5166 voluntatis
2070 5102 2236 5166 0000
2285 5104 2590 5167 memorie
2636 5103 2932 5188 magistri
2972 5102 3205 5167 Jacobi
3252 5102 3546 5167 canonici
3577 5102 4011 5185 bononiensis,
4046 5108 4115 5166 ut
4148 5102 4312 5165 dixit

671 5207 982 5271 contineri
1024 5208 1098 5291 jn
1148 5214 1531 5272 testamento
1578 5208 1817 5294 scripto
1863 5229 2059 5272 manu
2108 5208 2499 5273 Thomaxini
2544 5209 2853 5272 Petrizoli
2898 5208 3239 5273 Armanini
3286 5208 3541 5290 notarii,
3576 5208 3660 5272 ad
3701 5207 4112 5293 infrascripta
4160 5229 4309 5271 con-

670 5315 967 5397 stitutus,
1018 5321 1089 5378 ut
1135 5314 1301 5378 dixit
1365 5315 1679 5379 contineri
1738 5316 2172 5399 jnstrumento
2232 5337 2503 5401 procure
2551 5315 2791 5402 scripto
2852 5337 3048 5380 manu
3109 5315 3351 5380 domini
3417 5315 3805 5380 Thomaxiui
3868 5315 4139 5399 notarij,
4189 5314 4310 5379 fuit

670 5421 1001 5486 confessus
1048 5429 1111 5485 et
1160 5428 1498 5486 contentus
1544 5422 1847 5486 habuisse
1896 5428 1960 5486 et
2007 5423 2326 5508 recepisse
2388 5430 2453 5486 01
2515 5423 2637 5487 sibi
2694 5423 3107 5508 consignatas
3155 5429 3220 5486 et
3276 5422 3607 5487 restitutas
3662 5444 3802 5487 0000
3865 5421 4309 5508 infrascriptae

668 5550 793 5612 res,
828 5528 1196 5615 recipiendo
1245 5550 1356 5593 eas
1406 5529 1543 5594 vice
1592 5535 1657 5593 et
1703 5530 1960 5594 nomine
2008 5529 2158 5594 (11011
2208 5529 2448 5595 domini
2490 5531 2797 5617 episcopi,
2831 5529 3156 5616 depositas
3189 5551 3304 5616 per
3335 5529 3578 5594 dictum
3609 5529 3938 5594 dominum
3968 5529 4307 5609 Jacobum,

669 5636 804 5700 sive
854 5636 1109 5699 nomine
1158 5635 1396 5722 ipsius,
1444 5657 1643 5722 penes
1690 5635 1962 5700 fratrem
2010 5636 2511 5702 Calandrucium
2559 5637 2947 5701 familiarem
3008 5637 3236 5702 domus
3282 5643 3347 5701 et
3408 5643 3761 5701 conventus
3823 5644 4042 5701 sancte
4103 5636 4309 5701 Marie

666 5741 852 5806 Nove
900 5742 978 5806 de
1025 5741 1322 5806 Bononia
1369 5749 1434 5806 et
1479 5764 1678 5829 penes
1726 5742 2052 5807 dominam
2098 5743 2453 5829 priorixam
2500 5749 2565 5807 et
2612 5743 2814 5830 ipsius
2870 5750 3277 5826 conventum,
3326 5763 3366 5806 a
3413 5742 3583 5808 dicto
3631 5741 3831 5808 fratre
3879 5742 4307 5810 Calandrucio

672 5848 866 5912 dante
900 5858 978 5937 et
1023 5849 1401 5914 restituente
1448 5871 1564 5936 per
1609 5870 1678 5914 se
1726 5857 1792 5915 et
1836 5849 1975 5915 vice
2024 5857 2089 5915 et
2136 5852 2392 5915 nomine
2441 5851 2610 5915 dicte
2658 5851 2945 5938 priorixe
2993 5857 3058 5915 et
3102 5851 3305 5937 ipsius
3352 5857 3726 5934 conventus,
3773 5851 4107 5916 videlicet:

845 5955 921 6019 In
956 5956 1180 6041 primis
1213 5963 1472 6020 eentum
1503 5956 1846 6042 sexaginta
1878 5957 2077 6021 libras
2124 5957 2629 6042 bononenorum,
2664 5957 2991 6045 depositas
3031 5979 3231 6044 penes
3276 5959 3598 6045 predictos
3631 5958 3695 6022 in
3729 5958 4007 6045 quodam
4040 5959 4305 6023 0000110.

844 6062 1013 6126 Item
1058 6084 1261 6127 unum
1306 6084 1426 6150 par
1471 6063 1915 6128 Decretalium
1962 6086 2107 6129 cum
2154 6066 2497 6151 Apparatu
2543 6066 2884 6131 Bernardi.

846 6169 1014 6234 Item
1061 6191 1260 6234 unum
1307 6169 1657 6236 decretum.

847 6276 1013 6341 Item
1057 6298 1257 6341 unum
1306 6277 1612 6343 codicem.

847 6382 1015 6448 Item
1060 6405 1257 6448 unam
1306 6383 1641 6450 Summam
1686 6385 1996 6452 Goffredi.

847 6489 1021 6555 Item
1070 6512 1270 6556 unum
1319 6492 1496 6558 aliud
1542 6515 1662 6580 par
1708 6493 2149 6559 Deeretalium
2196 6517 2342 6560 cum
2389 6495 2732 6581 Apparatu
2777 6495 3115 6560 Bernardi.
