5542 7775
1332 611 1365 679 1
1382 610 1422 679 ’ἵ
1435 614 1477 679 8
2908 631 3396 681 nonmnm

1322 794 1501 871 patu,
1536 786 1589 849 si
1639 785 1884 849 inventi
1930 784 2171 849 fuerint
2216 783 2530 867 Bononie,
2564 791 2756 870 prout
2803 784 2883 849 de
2930 784 3253 872 Episcopo
3300 786 3542 851 dictum
3588 793 3719 851 est:
3770 787 3931 852 alias
3979 786 4058 852 de
4100 788 4432 875 provincia
4481 789 4848 856 arelatensi.
4883 791 4967 856 Et

1322 894 1378 956 si
1429 892 1642 956 nullus
1689 892 2106 978 provincialis
2152 913 2401 979 pauper
2448 892 2761 957 scholaris
2810 892 3112 958 inventus
3157 893 3354 958 fuerit
3407 894 3736 975 Bononie,
3787 895 3989 981 eligat
4048 895 4221 960 dicta
4267 895 4562 962 Ecclesia
4609 898 4843 981 alium,
4892 900 4971 963 de

1328 1000 1838 1086 quibuscumque
1886 999 2210 1064 videbitur
2260 1000 2588 1087 expedire.
2622 1000 2709 1065 Et
2755 1001 2811 1064 si
2860 1000 2952 1064 illi
2998 999 3078 1065 de
3125 1001 3400 1065 ecclesia
3446 1002 3654 1067 sancti
3699 1002 4036 1068 Michaelis
4083 1003 4323 1068 fuerint
4370 1004 4796 1091 negligentes,
4829 1028 4971 1093 per-

1325 1108 1591 1171 veniant
1635 1107 1804 1172 dicte
1853 1107 2290 1194 possessiones
2340 1107 2424 1171 ad
2468 1107 2842 1194 Capitulum
2875 1108 3288 1173 avinonensis
3328 1108 3639 1191 Ecclesie,
3675 1109 3844 1195 quod
3880 1110 4251 1197 Capitulum
4285 1119 4583 1177 teneatur
4614 1120 4758 1177 octo
4790 1115 4969 1178 scho-

1324 1216 1592 1297 laribus,
1640 1222 1710 1278 ut
1756 1236 1955 1301 supra
1998 1214 2242 1279 dictum
2288 1222 2415 1297 est,
2464 1215 2632 1280 sicut
2677 1215 2922 1279 dictum
2968 1221 3065 1279 est
3113 1215 3193 1280 de
3237 1215 3581 1303 EpiscopO.
3633 1216 3702 1281 Si
3749 1224 3967 1282 autem
4014 1218 4274 1283 omnino
4321 1219 4622 1284 deficeret
4672 1219 4966 1285 Studium

1322 1323 1650 1405 Bononie,
1701 1322 1939 1403 voluit,
1990 1321 2307 1408 disposuit
2355 1322 2526 1408 quod
2583 1321 2946 1409 Episcopus
2993 1323 3441 1405 avinonensis,
3491 1325 3602 1410 qui
3662 1346 3779 1412 pro
3843 1332 4133 1412 tempore
4193 1325 4417 1409 fuerit,
4466 1327 4706 1391 vendat
4770 1328 4970 1393 dictas

1322 1431 1762 1517 possessiones
1809 1435 1874 1493 et
1919 1436 2120 1515 ponat
2167 1433 2375 1493 totu'm
2421 1429 2706 1515 precium
2757 1429 2822 1494 in
2865 1429 3189 1517 emptione
3223 1430 3501 1494 aliarum
3530 1432 4009 1518 possessionum
4042 1433 4108 1496 in
4141 1432 4537 1520 Episcopatu
4571 1433 4969 1517 avinonensi,

1325 1538 1405 1602 de
1455 1559 1729 1623 quarum
1776 1536 2136 1601 redditibus
2183 1536 2521 1624 provideat
2569 1544 2711 1602 octo
2760 1537 3196 1619 scholaribus,
3231 1544 3303 1602 ut
3348 1537 3589 1603 dictum
3637 1546 3754 1622 est,
3790 1538 4197 1604 studentibus
4245 1539 4587 1605 dumtaxat
4631 1541 4696 1605 in
4747 1542 4971 1607 Studio

1324 1645 1636 1731 generali.
1685 1644 1771 1709 Et
1818 1645 1872 1708 si
1919 1665 2140 1708 omnes
2189 1643 2430 1708 fuerint
2479 1644 2886 1730 negligentes
2932 1651 2999 1709 et
3044 1646 3331 1729 remissi,
3381 1645 3586 1711 voluit
3631 1654 3696 1710 et
3741 1647 4058 1734 disposuit
4105 1647 4278 1733 quod
4324 1647 4493 1712 dicte
4539 1650 4973 1734 possessiones

1322 1752 1689 1816 vendantur
1735 1773 1851 1839 per
1901 1751 2323 1816 Comissarios
2371 1772 2541 1834 suos,
2575 1758 2639 1816 et
2690 1752 2969 1838 pretium
3016 1752 3441 1817 distribuatur
3469 1774 3586 1839 per
3616 1775 3934 1841 pauperes
3969 1753 4238 1839 Christi,
4273 1754 4385 1819 ubi
4417 1754 4510 1819 eis
4542 1755 4750 1819 visum
4785 1756 4972 1821 fuerit

1326 1859 1557 1923 melius
1619 1857 2138 1945 expendendum.
2186 1859 2355 1923 Item
2418 1859 2679 1944 reliquit
2724 1858 3036 1940 {Ecclesie
3099 1860 3511 1944 avinonensi,
3560 1861 3697 1926 sive
3761 1860 4108 1949 Episcopo,
4157 1883 4285 1927 non
4350 1862 4721 1946 Canonicis,
4771 1870 4972 1928 totum

1324 1967 1637 2053 quidquid
1683 1967 1919 2031 defecit
1967 1967 2090 2030 sibi
2138 1965 2304 2053 [per]
2355 1966 2784 2031 avinonenses
2833 1966 3007 2031 cives
3055 1967 3392 2033 occasione
3439 1968 3863 2033 restitutionis
3910 1969 4360 2055 dampnorum,
4394 1991 4519 2056 que
4559 1970 4683 2033 sibi
4728 1979 4792 2035 et
4837 1972 4970 2035 avi·

1324 2075 1593 2139 nonensi
1640 2074 1929 2139 Ecclesie
1979 2075 2354 2138 intulerunt.
2408 2073 2673 2138 Summa
2721 2074 2860 2138 eius
2895 2074 3148 2139 videtur
3180 2075 3527 2140 ascendere
3561 2098 3764 2162 usque
3797 2076 3880 2140 ad
3912 2098 4229 2140 summam
4260 2077 4437 2141 mille
4470 2077 4967 2163 quingentarum

1321 2181 1635 2245 librarum
1683 2181 2145 2264 toronensium,
2181 2181 2363 2245 salvo
2405 2181 2553 2265 jure
2600 2182 2804 2268 pluris
2843 2181 2948 2246 vel
2994 2182 3280 2246 minoris.
3315 2182 3480 2247 Item
3526 2182 3606 2247 de
3653 2183 3956 2267 denariis,
3991 2205 4151 2269 quos
4198 2183 4396 2249 habet
4444 2184 4655 2249 dictus
4703 2192 4970 2250 testator

1323 2288 1618 2353 Bononie
1667 2289 1841 2377 apud
1887 2296 2317 2371 mercatores,
2368 2288 2669 2352 videlicet
2715 2288 3106 2353 Jacobinum
3169 2288 3249 2354 de
3309 2289 3706 2375 Racorgittis
3771 2298 3836 2355 et
3891 2292 4097 2355 socios
4145 2312 4330 2374 suos,
4380 2291 4640 2377 reliquit
4685 2291 4974 2357 Ecclesie

1324 2397 1724 2480 avinonensi,
1760 2396 1925 2460 idest
1965 2395 2307 2482 Episcopis
2341 2396 2843 2461 avinonensibus
2879 2396 3357 2461 successoribus
3398 2397 3550 2480 suis,
3584 2404 3939 2463 trescentas
3971 2398 4173 2463 libras
4212 2400 4675 2464 toronensium.
4709 2399 4975 2486 Rogans

1322 2503 1720 2591 Episcopum
1766 2525 2205 2569 successorem
2254 2525 2442 2567 suum
2487 2504 2592 2568 vel
2640 2525 3043 2568 successores
3091 2525 3263 2585 suos,
3314 2504 3424 2590 qui
3483 2527 3600 2592 pro
3647 2513 3936 2593 tempore
3984 2506 4246 2589 fuerint,
4295 2515 4366 2571 ut
4427 2514 4646 2571 emant
4696 2516 4980 2572 castrum

1323 2613 1530 2676 sancti
1578 2613 1960 2697 Laurencij,
2010 2612 2172 2675 illud
2221 2612 2583 2675 ressiduum
2630 2612 2803 2697 quod
2854 2624 2952 2676 est
3000 2612 3082 2676 ad
3139 2612 3511 2696 emendum,
3562 2635 3708 2678 cum
3756 2613 3975 2700 aliqua
4019 2614 4368 2701 particulla
4416 2614 4544 2679 iam
4594 2615 4677 2680 sit
4724 2624 4977 2702 empta3

1322 2728 1389 2783 et
1437 2728 1719 2785 castrum
1768 2720 1850 2784 ab
1898 2719 2192 2784 Ecclesia
2240 2726 2558 2802 teneatur,
2608 2720 2663 2783 si
2712 2719 2845 2783 alio
2892 2718 3083 2784 modo
3133 2720 3375 2785 dictum
3421 2727 3703 2785 castrum
3749 2742 3876 2785 non
3925 2728 4144 2807 posset
4190 2722 4273 2786 ab
4321 2721 4616 2787 Ecclesia
4664 2724 4975 2806 obtineri3

1325 2828 1613 2914 alioquin
1661 2828 1744 2891 sit
1791 2829 2060 2892 tacitum
2106 2827 2186 2892 de
2235 2828 2391 2915 ipsis
2439 2828 2779 2891 trescentis
2828 2827 3030 2910 libris,
3065 2835 3130 2892 et
3177 2836 3556 2892 remaneant
3601 2828 3774 2914 apud
3821 2829 4228 2893 comissarios
4274 2851 4451 2894 meos
4499 2830 4566 2894 in
4614 2853 4767 2895 usus
4818 2853 4977 2917 pau·

1325 2956 1553 3021 perum
1598 2934 2047 3021 expendende.
2098 2934 2265 2998 Item
2313 2934 2393 2998 de
2441 2934 2628 2998 dictis
2676 2934 2959 2998 denariis
3008 2956 3168 3020 quos
3215 2934 3562 3000 habuerint
3608 2944 3998 3001 mercatores
4045 2936 4339 3022 predicti,
4388 2938 4633 3002 scilicet
4679 2938 4975 3002 dominus

1326 3042 1683 3106 Jacobinus
1730 3049 1795 3106 et
1841 3043 1973 3124 alii,
2010 3042 2270 3127 reliquit
2313 3041 2706 3106 monasterio
2755 3042 3025 3106 ecclesie
3074 3050 3295 3107 sancto
3344 3042 3690 3107 Catherine
3738 3043 3816 3107 de
3864 3044 4165 3108 Avinone
4213 3050 4470 3108 centum
4503 3045 4975 3131 quinquaginta

1327 3150 1528 3214 libras
1577 3150 2015 3214 toronensium
2065 3170 2181 3235 pro
2230 3150 2517 3213 emendis
2574 3149 3089 3235 possessionibus
3137 3171 3254 3236 pro
3302 3150 3472 3214 dicto
3519 3151 3930 3216 monasterio.
3980 3151 4148 3215 Item
4195 3151 4275 3216 de
4322 3151 4604 3216 denariis
4653 3174 4812 3239 quos
4858 3153 4975 3217 ha-

1332 3259 1487 3323 bent
1533 3257 1807 3344 predicti
1855 3266 2244 3322 mercatores
2308 3257 2569 3343 reliquit
2626 3264 2884 3322 centum
2933 3265 2996 3322 et
3045 3258 3517 3344 quinquaginta
3563 3259 3763 3323 libras
3807 3260 4248 3323 toronensium
4295 3281 4412 3346 per
4458 3281 4688 3324 manus
4734 3260 4982 3325 Prioris

1325 3367 1531 3431 sancti
1562 3366 1857 3451 Agricoli
1905 3373 1969 3430 et
2021 3366 2268 3430 Prioris
2299 3365 2791 3430 Predicatorum
2836 3373 2901 3430 et
2944 3365 3304 3430 Guardiani
3353 3366 3657 3431 Fratrum
3688 3366 4010 3432 Minorum
4044 3367 4123 3432 de
4156 3366 4480 3431 Avinione
4514 3368 4980 3455 expendendas

1324 3474 1448 3539 hoc
1496 3473 1719 3538 modo:
1771 3480 2027 3537 centum
2078 3472 2293 3538 soldos
2354 3473 2560 3537 voluit
2621 3472 2864 3536 habere
2926 3494 3044 3559 pro
3106 3474 3430 3559 pictancia
3491 3473 3781 3539 Ecclesie
3846 3474 4293 3557 avinonensis,
4344 3482 4409 3539 et
4456 3483 4716 3540 centum
4763 3475 4980 3539 soldos

1326 3580 1768 3645 toronensium
1817 3587 2206 3644 conventum
2252 3579 2558 3643 Fratrum
2606 3577 2932 3643 Minorum
2997 3580 3287 3644 eiusdem
3349 3580 3477 3645 loci
3536 3602 3653 3667 pro
3715 3581 4037 3667 pictancia
4100 3581 4430 3664 similiter,
4479 3588 4543 3646 et
4591 3590 4982 3646 conventum

1327 3688 1633 3752 Fratrum
1680 3686 2172 3751 Predicatorum
2218 3686 2507 3751 eiusdem
2555 3686 2679 3750 loci
2725 3694 2984 3751 centum
3032 3687 3247 3752 soldos
3287 3688 3729 3752 toronensium
3760 3709 3877 3774 pro
3911 3687 4231 3775 pictancia
4263 3687 4577 3753 similiter.
4611 3688 4697 3752 Et
4728 3688 4808 3753 de
4840 3689 4983 3753 istis

1325 3804 1583 3860 centum
1631 3803 1695 3858 et
1745 3794 2218 3880 quinquaginta
2265 3794 2447 3857 libris
2495 3792 2700 3858 voluit
2747 3794 2920 3880 quod
2967 3794 3305 3859 solvantur
3333 3794 3682 3859 heredibus
3716 3794 4073 3860 Guillielmi
4122 3794 4310 3859 Croci
4358 3794 4437 3860 de
4481 3794 4775 3860 Bitutida
4822 3818 4982 3882 qua·

1326 3903 1630 3989 draginta
1679 3903 1877 3967 libras
1927 3903 2261 3989 nigrorum
2322 3902 2427 3966 vel
2490 3903 2632 3987 ejus
2678 3902 2906 3985 valles,
2957 3923 3117 3988 quos
3175 3902 3419 3967 habent
3479 3902 3559 3967 de
3622 3902 3935 3968 ereditate
3981 3902 4182 3989 ipsius
4230 3904 4568 3968 occasione
4617 3904 4981 3990 privilegij,

1328 4032 1473 4074 cum
1522 4031 1731 4096 pauca
1777 4016 1995 4096 preter
2042 4009 2310 4074 mobilia
2355 4008 2758 4095 possiderent
2804 4031 2922 4095 per
2968 4008 3263 4074 Priorem
3320 4011 3528 4074 sancti
3587 4009 3880 4096 Agricoli
3927 4017 3991 4074 et
4037 4010 4332 4075 Priorem
4376 4009 4871 4075 Predicatorum
4918 4018 4980 4076 et

1329 4117 1779 4181 Guardianum
1850 4117 2171 4203 predictos
2229 4116 2308 4180 de
2355 4117 2692 4200 Avinone,
2742 4139 2904 4203 quos
2967 4117 3297 4182 constituit
3361 4139 3512 4181 suos
3574 4117 3996 4183 Comissarios
4059 4118 4126 4182 in
4186 4118 4559 4202 Provintia,
4609 4118 4980 4205 specialiter

1327 4247 1521 4311 super
1568 4226 1707 4289 istis
1756 4232 2014 4289 centum
2062 4233 2127 4289 et
2175 4224 2649 4310 quinquaginta
2694 4224 2878 4288 libris
2927 4225 3368 4289 toronensium
3430 4224 3894 4312 expendendis.
3940 4225 4027 4289 Et
4088 4225 4422 4290 mandavit
4480 4248 4598 4312 per
4657 4247 4769 4290 eos
4830 4226 4977 4290 dili·

1325 4341 1554 4418 genter
1599 4333 1886 4419 perquiri
1933 4354 2050 4418 per
2097 4332 2424 4396 civitatem
2473 4338 2538 4396 et
2583 4353 2700 4418 per
2747 4339 2961 4396 castra
3009 4332 3439 4419 Episcopatus
3486 4333 3923 4397 avinionensis
3970 4341 4035 4397 et
4079 4333 4288 4420 ipsam
4337 4334 4684 4416 civitatem,
4719 4334 4775 4397 si
4821 4333 4976 4420 quid

1324 4439 1653 4526 predictus
1700 4440 2061 4526 Episcopus
2108 4439 2337 4503 habuit
2383 4440 2486 4503 vel
2534 4440 2755 4525 exegit
2819 4460 2858 4502 a
2914 4460 3318 4526 quocumque
3368 4440 3704 4505 occasione
3750 4440 4078 4526 privilegij
4126 4463 4242 4527 pro
4289 4440 4634 4505 mobilibus
4681 4440 4978 4522 alicuius,

1324 4555 1438 4610 aut
1501 4548 1554 4610 si
1618 4547 1839 4632 exegit
1887 4547 1971 4611 ab
2019 4546 2237 4633 aliquo
2285 4546 2364 4610 de
2413 4546 2585 4611 linea
2635 4546 3043 4628 ascendenti,
3093 4568 3169 4612 eo
3227 4554 3516 4633 pretestu
3572 4547 3744 4633 quod
3804 4569 3932 4612 non
3986 4548 4272 4633 potuerit
4319 4547 4662 4612 succedere
4710 4547 4978 4612 descen-

1324 4655 1501 4719 denti
1550 4655 1877 4736 defunct0‚
1928 4662 1992 4719 et
2054 4654 2213 4718 illud
2260 4661 2467 4719 totum
2516 4653 2782 4718 mandat
2829 4653 3102 4718 restitui.
3151 4653 3312 4718 Vult
3372 4654 3567 4718 etiam
3628 4654 3799 4740 qnod
3859 4655 4133 4741 predicti
4194 4654 4439 4719 vadant
4499 4655 4582 4719 ad
4643 4655 4980 4741 quodlibet

1323 4762 1401 4827 de
1467 4763 1694 4826 castris
1743 4763 1907 4844 suis,
1957 4769 2022 4826 et
2084 4762 2138 4826 si
2203 4761 2617 4848 congregatis
2663 4761 2921 4848 populis
2968 4761 3287 4825 dictorum
3334 4768 3691 4826 castrorum
3740 4762 4102 4826 invenerint
4149 4763 4401 4849 aliquos
4462 4762 4572 4848 qui
4633 4762 4976 4827 ostendant

1325 4870 1494 4956 quod
1545 4869 1905 4956 Episcopus
1938 4869 2288 4956 predictus,
2324 4870 2429 4933 vel
2476 4869 2710 4955 aliquis
2757 4868 2837 4933 de
2885 4868 3134 4933 familia
3182 4870 3324 4953 ejus
3371 4891 3489 4955 pro
3535 4890 3633 4951 e0,
3682 4869 3918 4934 debeat
3950 4869 4197 4955 aliquid
4228 4870 4372 4952 sibi,
4405 4870 4785 4934 restituatur
4816 4870 4977 4934 illud

1327 4979 1408 5042 ei.
1462 4977 1530 5041 Si
1563 4984 1802 5058 autem,
1837 4977 2242 5041 restitutione
2291 4977 2466 5040 facta
2512 4976 2808 5063 plenaria
2854 4976 2934 5040 de
2980 4977 3285 5063 predictis
3334 4983 3592 5041 centum
3639 4977 4108 5063 quinquaginta
4143 4977 4324 5041 libris
4363 4977 4822 5058 toronensium,
4859 4977 4978 5040 ali·

1323 5085 1477 5171 quid
1527 5084 1954 5171 superfuerit,
2004 5092 2197 5171 prout
2258 5084 2482 5148 utilius
2530 5092 2595 5149 et
2642 5084 2872 5149 melius
2919 5084 3245 5148 videbitur
3292 5084 3429 5148 istis
3492 5083 3733 5167 tribus,
3781 5085 3844 5148 in
3911 5106 4064 5148 usus
4126 5106 4488 5171 pauperum
4547 5084 4975 5171 expendatur.

1320 5192 1598 5279 Insuper
1646 5192 1910 5278 reliquit
1955 5191 2213 5256 domine
2264 5191 2614 5274 Contisine,
2660 5192 2855 5255 matri
2901 5212 3036 5274 suc,
3085 5197 3150 5256 et
3205 5191 3392 5255 fratri
3439 5191 3716 5278 Joseph,
3764 5192 3903 5255 viro
3952 5192 4114 5276 ejus,
4163 5192 4334 5278 patri
4380 5213 4518 5274 suo,
4567 5191 4975 5272 usufructus,

1322 5300 1611 5364 redditus
1660 5307 1724 5363 et
1771 5301 2091 5364 obventus
2139 5299 2428 5364 omnium
2475 5299 2750 5363 aliarum
2799 5298 3279 5386 possessionum
3325 5320 3590 5363 suarum
3636 5306 3701 5363 et
3747 5321 3990 5381 rerum,
4042 5321 4202 5385 quas
4249 5299 4447 5363 habet
4494 5300 4656 5364 citra
4702 5306 4978 5379 montes,

1322 5407 1628 5494 quamdiu
1680 5407 1919 5471 vixerit
1965 5407 2107 5493 ipsa
2153 5414 2362 5471 mater
2409 5407 2550 5491 ejus
2606 5413 2672 5470 et
2725 5414 2913 5493 pater
2956 5406 3244 5471 habeant
3290 5413 3498 5471 totum
3543 5406 4012 5471 usumfructum
4070 5405 4151 5470 ad
4199 5406 4668 5492 providendum
4730 5406 4858 5470 sibi
4913 5415 4976 5470 et

1315 5515 1572 5580 domine
1621 5514 1940 5579 Jacobine
1988 5535 2213 5578 eorum
2259 5514 2412 5597 filie,
2462 5514 2554 5578 ita
2612 5513 2785 5600 quod
2831 5535 2959 5578 non
3005 5513 3338 5599 patiantur
3384 5514 3665 5600 aliquem
3711 5513 4034 5578 defectum
4097 5514 4161 5578 in
4224 5513 4710 5601 temporalibus,
4757 5521 4823 5578 et
4871 5513 4979 5597 [si]

1319 5629 1799 5709 premoreretur
1832 5622 1999 5686 alter
2032 5644 2277 5704 eorum,
2312 5621 2652 5707 perveniat
2683 5628 2889 5685 totum
2935 5619 3407 5685 usumfructum
3454 5620 3538 5684 ad
3584 5621 3860 5685 alterum
3900 5621 4195 5686 similiter
4225 5629 4475 5708 patrem
4525 5621 4632 5685 vel
4678 5628 4976 5700 matrem,

1320 5730 1397 5794 de
1447 5750 1575 5815 quo
1622 5728 1747 5792 sibi
1794 5728 2154 5815 provideat,
2191 5736 2256 5792 et
2302 5728 2618 5793 Jacobine
2660 5727 2969 5814 predicte.
3013 5727 3099 5791 Et
3146 5727 3212 5791 in
3262 5728 3383 5792 isto
3430 5727 3767 5792 usufructu
3815 5728 4091 5792 inst-ituit
4137 5729 4260 5793 sibi
4307 5728 4579 5793 heredes
4627 5727 4976 5815 predictOS,

1318 5837 1566 5902 scilicet
1614 5843 1867 5924 patrem
1915 5846 1981 5901 et
2030 5843 2305 5900 matrem
2350 5857 2564 5918 suam,
2613 5841 2985 5921 computato
3032 5836 3099 5899 in
3147 5836 3267 5900 hoc
3316 5837 3490 5900 omni
3537 5836 3675 5899 iure
3723 5835 3845 5921 ipsi
3890 5836 4062 5921 patri
4108 5857 4223 5900 suo
4281 5843 4345 5900 et
4392 5837 4584 5900 matri
4633 5836 4853 5901 debito
4912 5838 4978 5900 in

1316 5945 1505 6011 bonis
1554 5944 1847 6029 ejusdem
1896 5944 2246 6009 testatoris.
2294 5943 2627 6025 Preterea,
2677 5943 2848 6007 ultra
2914 5942 2980 6006 id
3045 5948 3249 6007 totum
3300 5943 3470 6028 quod
3519 5943 3762 6006 dictum
3817 5951 3942 6024 est,
3990 5943 4253 6029 reliquit
4299 5943 4378 6007 de
4424 5943 4613 6007 bonis
4671 5943 4804 6007 suis
4863 5965 4983 6029 pro

1317 6054 1536 6118 anima
1582 6074 1701 6117 sua
1749 6060 1815 6118 et
1862 6058 2209 6139 parentum
2251 6073 2539 6134 suorum,
2573 6057 2852 6137 quatuor
2898 6050 3076 6113 milia
3122 6049 3434 6114 librarum
3480 6050 3987 6134 bononenorum,
4023 6050 4102 6115 de
4151 6052 4382 6136 quibus
4429 6051 4692 6138 reliquit
4737 6059 4800 6115 et
4833 6050 4980 6114 dari

1316 6162 1523 6226 voluit
1571 6161 1831 6226 domino
1879 6161 2062 6247 Pape
2110 6167 2174 6225 et
2221 6159 2513 6225 Ecclesie
2562 6179 2827 6223 romane
2875 6157 3052 6222 mille
3102 6157 3302 6222 libras
3348 6158 3837 6223 bononenorum
3869 6158 4351 6244 expendendas,
4385 6159 4440 6222 si
4487 6159 4746 6224 domino
4791 6158 4980 6244 Pape

1313 6270 1654 6357 placuerit,
1688 6291 1805 6356 pro
1855 6267 2233 6332 defensione
2282 6274 2348 6332 et
2395 6267 2666 6331 tuitione
2715 6266 3033 6331 catholice
3080 6266 3251 6349 fidei,
3285 6266 3626 6352 presertim
3674 6273 3898 6330 contra
3944 6265 4298 6348 hereticos3
4333 6273 4397 6331 et
4444 6266 4652 6331 voluit
4697 6273 4761 6330 et
4793 6287 4978 6329 man-

1315 6378 1497 6442 davit
1543 6376 1934 6442 comissariis
1983 6376 2152 6461 suis,
2203 6375 2374 6462 quod
2421 6375 2545 6462 ipsi
2592 6375 2764 6439 infra
2812 6396 3054 6438 annum
3100 6380 3248 6461 post
3309 6373 3556 6438 obitum
3616 6375 3944 6439 testatoris
4008 6375 4354 6460 impetrent
4400 6396 4438 6438 a
4485 6373 4742 6439 domino
4788 6374 4980 6460 Papa

1313 6486 1798 6551 absolucionem
1846 6485 2230 6549 delictorum
2278 6505 2543 6549 suorum
2589 6491 2654 6549 et
2710 6483 3264 6548 confirmationem
3324 6481 3550 6547 ultime
3615 6483 3966 6546 voluntatis
4030 6482 4203 6566 eius,
4251 6482 4388 6548 sive
4436 6483 4502 6546 in
4550 6489 4976 6564 testamentO,
