5542 7775
1727 933 3238 1101 MONUMENTA

2198 1250 2761 1317 SPECTANTIA

876 1474 1124 1583 AD
1232 1468 2515 1581 PROFESSORES
2625 1468 4080 1607 PHILOSOPHIAE,

1332 1700 2534 1812 HUMANIORUM
2625 1700 3630 1810 LITERARUM

1818 1938 2017 2046 ET
2097 1932 3147 2045 THEOLOGIAE.

2449 2838 2504 2903 I.

2083 3052 2345 3118 Ineunte
2389 3053 2626 3117 soeculo
2671 3051 2876 3116 XIII.

668 3267 771 3331 Ex
819 3276 971 3333 tom.
1023 3267 1076 3332 Ι.
1133 3267 1304 3333 Petri
1347 3268 1422 3331 de
1484 3267 1698 3332 Vincis
1744 3267 1965 3330 iudicis
2008 3267 2198 3330 aulici
2243 3274 2296 3330 et
2341 3267 2694 3331 cancellarii
2737 3265 3048 3331 Friderici
3100 3267 3195 3331 ΙΙ.
3245 3267 3406 3352 Imp.
3454 3265 3896 3351 Epi-stolarum,
3942 3265 4161 3351 quibus
4203 3286 4302 3329 res

837 3383 1037 3462 qestae
1087 3375 1356 3440 eiusdem
1401 3374 1807 3460 Imperatoris
1850 3375 2098 3459 aliaque
2141 3375 2337 3438 multa
2380 3375 2467 3437 ad
2502 3374 2820 3439 historiam
2859 3398 2932 3439 ac
2972 3376 3523 3460 iuriqnmdentiam
3554 3376 3883 3459 spectantia
3912 3375 4302 3438 continentur

839 3482 988 3564 (ed.
1037 3482 1101 3548 J.
1153 3482 1234 3546 R.
1283 3481 1541 3564 Iselius,
1588 3481 1910 3564 Basileae,
1958 3480 2385 3563 MDCOXL.)
2434 3503 2584 3568 pag.
2635 3484 2786 3565 492,
2835 3504 2976 3568 cap.
3024 3481 3302 3546 LXVII.

737 3695 984 3778 [Mittit
1047 3694 1367 3781 Mayistris
1413 3704 1467 3760 et
1515 3693 1905 3760 Scholaribus
1950 3694 2410 3760 bononiensibus
2454 3694 2637 3759 libros
2680 3696 3045 3778 Aristotelia
3090 3695 3165 3759 de
3204 3716 3422 3780 yraeco
3465 3702 3517 3760 et
3561 3695 3806 3759 arabico
3852 3696 3914 3758 in
3961 3695 4223 3758 latinum

1972 3823 2094 3888 per
2137 3823 2276 3868 eum
2321 3805 2554 3867 noviter
2597 3803 2926 3868 translatos
2930 3800 2995 3884 ].

832 4017 910 4081 In
962 4016 1349 4081 extollendis
1399 4017 1576 4102 regie
1626 4016 1986 4102 prefecture
2040 4016 2338 4102 fastigiis,
2374 4016 2607 4102 quibus
2655 4023 3085 4102 congruenter
3130 4016 3358 4099 officia,
3390 4017 3569 4102 leges
3617 4025 3682 4080 et
3725 4037 3908 4080 arma
3953 4016 4304 4081 communi-

667 4131 846 4207 cant,
897 4124 1263 4189 necessaria
1310 4124 1448 4189 fore
1501 4122 1825 4188 credimus
1871 4122 2135 4188 scientie
2183 4123 2627 4207 condimenta,
2677 4145 2757 4188 ne
2783 4123 2861 4187 (l)
2894 4145 3009 4210 per
3061 4123 3256 4208 hujus
3315 4123 3537 4188 mundi
3569 4124 3646 4187 (2)
3679 4144 3911 4188 suaves
3958 4131 4024 4188 et
4071 4124 4307 4188 mulce·

669 4232 814 4296 bres
866 4231 1151 4314 semitas,
1188 4231 1357 4295 nube
1404 4230 1768 4317 ignorantie
1802 4232 2272 4314 commiscente,
2311 4231 2481 4296 vires
2515 4231 2684 4295 ultra
2716 4231 2924 4297 licitos
2950 4231 3027 4296 (3)
3060 4230 3366 4296 terminos
3397 4230 3707 4295 effrenate
3734 4231 3812 4296 (4)
3843 4231 4204 4314 lasciviant,
4238 4239 4304 4296 et

662 4338 919 4424 justitia
966 4339 1138 4403 circa
1185 4337 1381 4403 debiti
1431 4338 1691 4423 regulas
1740 4339 2054 4403 diminuta
2100 4339 2498 4424 languescat.
2532 4338 2706 4404 Hinc
2753 4360 2871 4403 nos
2918 4338 3226 4425 profecto,
3261 4338 3371 4425 qui
3417 4338 3637 4403 divina
3677 4338 4019 4425 largitione
4050 4339 4305 4426 populis

671 4445 1093 4532 presidemus,
1142 4445 1466 4532 generali,
1518 4467 1647 4531 qua
1692 4467 1912 4511 omnes
1960 4445 2247 4511 homines
2295 4447 2676 4511 naturaliter
2722 4447 2885 4510 scire
2932 4445 3337 4529 desiderant,
3386 4452 3451 4510 et
3496 4445 3796 4533 speciali,
3845 4468 3973 4532 qua
4019 4446 4307 4532 gaudent

670 4554 873 4640 aliqui
899 4554 997 4635 (5),
1026 4553 1305 4618 utilitate
1354 4553 1684 4640 proficere,
1719 4561 1869 4617 ante
1919 4561 2218 4640 suscepta
2264 4553 2465 4618 nostri
2512 4554 2843 4640 regiminis
2889 4574 3107 4636 onera,
3141 4575 3393 4641 semper
3438 4575 3476 4617 a
3506 4548 3859 4639 ‘juventute
3899 4562 4118 4620 nostra
4151 4576 4304 4642 que·

672 4662 960 4743 sivimus,
996 4661 1272 4725 formam
1305 4661 1445 4746 ejus
1479 4660 1916 4725 indesinenter
1961 4661 2339 4744 amavimus,
2372 4668 2436 4725 et
2484 4662 2548 4725 in
2597 4662 2792 4727 odore
2818 4661 2896 4727 (6)
2929 4669 3405 4747 unguentorum
3452 4683 3713 4726 suorum
3759 4683 4013 4749 semper
4058 4664 4303 4750 aspira·

677 4769 887 4834 vimus
919 4768 1259 4833 indefesse.
1294 4768 1452 4833 Post
1497 4768 1682 4854 regni
1728 4790 1880 4833 vero
1914 4769 2115 4833 nostri
2147 4790 2334 4833 curas
2365 4777 2749 4856 assumptas,
2786 4790 3155 4856 quanquam
3197 4789 3467 4855 operosa
3500 4769 3870 4856 frequenter
3901 4770 4305 4856 negotiorum

677 4876 868 4941 turba
915 4898 1030 4940 nos
1080 4875 1416 4958 distrahat,
1451 4883 1517 4940 et
1563 4875 1769 4940 civilis
1819 4876 1942 4940 sibi
1990 4877 2153 4940 ratio
2201 4876 2495 4942 vendicet
2541 4876 2965 4942 solicitudinis
3012 4884 3227 4941 nostre
3273 4883 3512 4963 partes,
3547 4876 3857 4962 quidquid
3902 4884 4118 4942 tamen
4150 4886 4308 4942 tem-

675 4984 848 5070 poris
896 4983 975 5047 de
1024 5004 1240 5047 rerum
1288 4982 1705 5047 familiarium
1753 4984 2172 5070 occupatione
2219 4983 2642 5070 decerpimus,
2673 4984 2948 5048 transire
2996 5005 3124 5049 non
3170 4983 3453 5070 patimur
3499 4985 3794 5067 otiosum,
3829 4984 3942 5048 sed
3988 4992 4194 5049 totum
4240 4985 4304 5049 in

673 5090 965 5155 lectionis
1016 5089 1479 5154 exercitatione
1525 5090 1807 5176 gratuite
1833 5090 1910 5155 (7)
1953 5090 2230 5155 libenter
2254 5091 2331 5155 (8)
2374 5091 2834 5178 expendimus,
2879 5098 2953 5156 ut
2997 5091 3210 5156 anime
3252 5091 3487 5156 clarius
3533 5091 3754 5176 vigeat
3814 5092 4307 5157 instrumentum

671 5198 736 5261 in
789 5197 1210 5283 acquisitione
1260 5198 1544 5280 scientie,
1579 5199 1714 5263 sive
1741 5199 1819 5263 (9)
1854 5220 1981 5285 qua
2028 5200 2395 5264 mortalium
2441 5200 2576 5264 vita
2617 5222 2744 5265 non
2778 5201 3025 5286 regitur
3054 5200 3410 5264 liberaliter
3434 5200 3569 5265 (¹0).
3603 5199 3775 5264 Dum
3809 5200 4119 5265 librorum
4151 5222 4306 5287 ergo

672 5305 1032 5387 volumina,
1073 5326 1346 5391 quorum
1391 5305 1762 5389 multifarie,
1796 5306 2141 5392 multisque
2174 5306 2378 5372 modis
2410 5307 2711 5372 distincta
2745 5307 3195 5394 chirographa,
3231 5315 3594 5372 nostrarum
3626 5307 3907 5371 armaria
3938 5307 4307 5372 divitiarum

677 5412 1092 5498 locupletant,
1143 5412 1371 5476 sedula
1417 5413 1831 5478 meditatione
1880 5414 2268 5478 revolvimus
2316 5422 2380 5478 et
2440 5421 2743 5480 accurata
2806 5415 3343 5502 contemplatione
3392 5436 3772 5501 pensamus,
3821 5414 4306 5502 compilationes

673 5518 849 5584 varie
897 5519 1407 5602 abAristotele,
1449 5520 1720 5606 aliisque
1768 5521 2186 5607 philosophis,
2222 5522 2341 5587 sub
2389 5523 2618 5608 grecis,
2653 5522 3056 5607 arabicisque
3104 5522 3436 5588 vocabulis
3483 5522 3836 5608 antiquitus
3882 5522 4206 5605 edite(¹1),
4244 5523 4306 5587 in

670 5627 1204 5692 sermocinalibus
1250 5634 1316 5692 et
1362 5628 1832 5692 mathematicis
1894 5628 2246 5715 disciplinis
2311 5630 2545 5694 nostris
2604 5629 2952 5716 aliqnando
3018 5630 3311 5694 sensibus
3373 5638 3807 5695 occurrerunt.
3857 5630 4034 5704 Quas
4097 5630 4307 5696 adhuc

676 5733 1086 5819 originalium
1158 5736 1510 5800 dictionum
1580 5737 1982 5803 ordinatione
2009 5736 2122 5802 (12)
2169 5747 2498 5804 consertas
2564 5747 2628 5802 et
2690 5744 3092 5803 vetustarum
3154 5739 3461 5820 vestium,
3524 5760 3684 5825 quas
3746 5739 3839 5803 eis
3904 5745 4042 5803 etas
4099 5739 4305 5824 prima

830 6073 908 6137 (1)
947 6073 1040 6126 L.:
1080 6091 1145 6124 ne
1182 6090 1253 6125 se.
2702 6079 2783 6142 (7)
2823 6078 2915 6130 L.:
2950 6078 3262 6144 yratuitate.

830 6164 908 6225 (2)
949 6162 1150 6213 Mundi
1186 6163 1359 6216 abest.
2707 6169 2786 6234 (8)
2826 6168 2920 6219 L.:
2957 6167 3182 6219 libenter
3216 6174 3397 6219 totum.

832 6252 912 6316 (3)
950 6251 1041 6304 L.:
1080 6253 1233 6305 liciti.
2702 6258 2782 6323 (9)
2822 6257 2910 6309 L.:
2947 6258 3082 6309 sine.

827 6342 906 6406 (4)
944 6340 1036 6394 L.:
1075 6342 1358 6408 effrenare.
2667 6347 2781 6413 (10)
2819 6346 2915 6400 L.:
2954 6347 3256 6398 liberaliter·
3290 6363 3588 6413 eroqannne.

832 6431 910 6495 (5)
950 6432 1042 6483 L.:
1082 6432 1286 6499 aliqua.
2672 6441 2788 6506 (11)
2827 6439 2988 6491 Edita
3024 6440 3194 6493 abest.

831 6521 911 6586 (6)
949 6522 1038 6574 L.:
1078 6523 1307 6576 odorem.
2668 6531 2783 6595 (12)
2824 6528 2912 6582 L.:
2946 6529 3306 6597 ffltplem'one.
