5542 7775
1522 669 1984 721 SPEOTANTIA
2040 669 2143 718 AD
2201 666 2711 718 PROFESSOBES
2765 667 2978 718 JURIS
3037 665 3391 716 CANONICI
4119 643 4265 712 175

640 826 1186 892 Constitutionum
1234 833 1299 890 et
1344 824 1786 889 Decretalium
1832 823 2249 910 epistolarum
2298 822 2634 908 principia,
2684 842 2845 907 quas
2891 828 3179 906 tempore
3227 819 3428 884 nostri
3475 819 3884 906 pontificatus
3932 819 4267 904 edidimuS,

635 954 924 1019 quasque
970 933 1037 997 in
1091 932 1356 1018 Corpore
1387 932 1564 1017 juris
1608 930 1924 995 contineri
1968 929 2388 1011 decrevimus,
2422 929 2541 992 tibi
2572 929 3085 1015 competentibus
3127 928 3459 1013 assignata
3491 927 3693 990 titulis
3727 925 4028 991 duximus
4061 936 4268 991 trans—

633 1040 982 1105 mittenda:
1032 1040 1414 1104 mandantes
1462 1046 1780 1124 quatenus
1827 1058 1905 1100 ea
1951 1037 2279 1122 magistris
2326 1044 2391 1100 et
2436 1035 2837 1100 scholaribus
2885 1035 3228 1119 diligenter
3275 1055 3604 1120 exponens
3667 1056 3752 1097 ex
3810 1043 3993 1120 parte
4048 1043 4269 1099 nostra

632 1148 929 1212 distincte
979 1148 1344 1235 prohibeas,
1380 1168 1460 1211 ne
1508 1146 1650 1232 quis
1698 1145 1860 1209 alias
1908 1145 2028 1208 sub
2076 1152 2298 1209 nostro
2345 1144 2601 1208 nomine
2650 1143 2858 1207 editas
2905 1143 3012 1207 vel
3054 1141 3356 1223 edendas,
3392 1142 3456 1205 in
3491 1141 3752 1226 judiciis
3785 1143 3887 1207 vel
3931 1144 3994 1207 in
4036 1143 4270 1207 scholis

633 1255 932 1319 admittat
977 1256 1221 1340 absque
1271 1253 1574 1317 mandato
1625 1252 1810 1317 Sedis
1858 1252 2210 1338 apostolice
2257 1251 2543 1336 speciali.
2591 1250 2923 1336 Principia
2980 1270 3133 1313 vero
3183 1248 3439 1312 illarum
3501 1248 3620 1312 hec
3676 1258 3824 1314 sunt
3888 1257 3951 1313 et
4014 1251 4058 1313 ii
4122 1258 4270 1315 sunt

632 1362 822 1445 tituli,
858 1362 1090 1448 quibus
1139 1368 1502 1446 competere
1550 1359 2049 1445 dignoscuntur:
2100 1359 2311 1444 capite
2358 1358 2438 1421 de
2484 1357 2875 1444 Rescriptis:
2932 1355 3085 1420 Cum
3136 1358 3204 1420 in
3251 1357 3462 1420 multis
3485 1357 3661 1440 juris
3701 1358 3981 1422 articulis
3999 1361 4275 1443 presenti

634 1470 866 1534 decreto
912 1469 1208 1533 duximus
1251 1467 1663 1532 statuendum.
1710 1466 2056 1551 Dispendia
2088 1467 2292 1529 litium
2336 1466 2618 1551 equitatis
2646 1464 2998 1549 compendio
3012 1488 3036 1547 ;
3066 1466 3275 1550 eapite
3324 1463 3402 1527 de
3449 1462 3748 1528 Electore
3796 1473 3861 1528 et
3906 1464 4114 1529 Electi
4160 1488 4273 1552 po-

631 1583 897 1641 testate:
935 1575 1285 1640 Statuimus
1329 1582 1399 1639 ut
1443 1576 1496 1638 si
1543 1576 1679 1659 quis
1726 1575 2086 1655 electionem,
2106 1573 2600 1658 postulationem,
2642 1572 2732 1636 cel
2747 1573 3178 1656 provisionem.
3209 1570 3292 1634 In
3326 1570 3724 1653 electionibus,
3744 1573 4279 1657 postulationibus,

633 1705 705 1748 ac
747 1685 1062 1747 scrutiniis
1075 1707 1100 1767 ;
1130 1683 1341 1768 capite
1387 1681 1468 1746 de
1517 1679 1879 1767 supplenda
1928 1679 2328 1766 negligentia
2374 1679 2819 1743 Prolatorum:
2855 1678 3142 1743 Romana
3189 1676 3460 1742 Ecclesia
3506 1685 3610 1741 etc.
3651 1677 3940 1743 Edictum
3991 1701 4128 1744 vero
4159 1702 4284 1766 per

622 1791 977 1856 Remensem
1025 1798 1128 1854 etc.
1185 1789 1437 1854 Grandi
1482 1809 1602 1852 non
1653 1789 1956 1852 immerito
2002 1794 2105 1851 etc.
2120 1811 2142 1871 ,-
2176 1786 2386 1873 capite
2435 1785 2514 1851 de
2562 1785 2768 1850 officio
2808 1785 3089 1850 Vicarii:
3147 1785 3430 1849 Romana
3478 1783 3748 1849 Ecclesia
3795 1794 3900 1850 etc.
3954 1785 4108 1851 Cum
4157 1787 4277 1852 Re-

631 1900 855 1963 mensis
898 1897 1401 1982 Archiepiscopus
1461 1903 1606 1979 etc.;
1654 1894 1864 1981 capite
1912 1894 1990 1958 de
2040 1894 2247 1958 officio
2295 1900 2361 1958 et
2406 1881 2726 1979 potestate
2776 1893 2819 1957 J
2824 1892 3025 1957 udicis
3073 1891 3388 1977 delegati:
3439 1890 3782 1956 Statuimus
3826 1900 3895 1957 ut
3946 1892 4274 1959 Conserva-

632 2013 828 2088 tores;
873 2004 1084 2090 capite
1131 2003 1210 2068 de
1260 2003 1467 2067 officio
1518 2002 1787 2088 Legati:
1829 2000 2037 2086 Officii
2079 2003 2276 2065 nostri
2319 2000 2587 2065 debitum
2636 2000 2957 2083 remedii33
2992 2000 3203 2087 eapite
3237 1998 3315 2064 de
3354 1998 3561 2063 officio
3596 1998 3958 2064 Ordinarii:
3996 2000 4280 2066 Romana

633 2111 904 2176 Ecclesia
951 2119 1055 2175 etc.
1099 2110 1488 2195 prohibemus
1506 2134 1529 2195 ,-
1562 2110 1772 2195 capite
1824 2108 1903 2174 de
1938 2109 2241 2173 Judiciis:
2277 2107 2463 2172 Juris
2508 2129 2630 2173 esse
2678 2107 3036 2193 ambiquum
3082 2128 3201 2171 non
3246 2107 3520 2189 videtur,
3555 2107 3765 2194 capite
3798 2107 3877 2171 de
3909 2107 4080 2172 Foro
4114 2129 4281 2173 com-

632 2220 913 2307 petenti:
964 2218 1250 2283 Romana
1298 2217 1568 2282 Ecclesia
1616 2225 1720 2282 etc.
1768 2216 1865 2282 Ne
1909 2218 2332 2303 appellationis
2346 2240 2370 2300 ;
2417 2216 2627 2303 capite
2674 2215 2753 2279 de
2800 2215 2947 2279 Lite
2995 2236 3121 2279 non
3170 2222 3565 2280 contestata:
3607 2214 4003 2300 Exceptiones
4037 2238 4278 2301 perem-

619 2329 861 2413 ptorie;
907 2326 1118 2412 capite
1179 2324 1259 2389 de
1319 2326 1724 2389 restitutione
1788 2325 2245 2411 spoliatorum:
2298 2322 2616 2408 Frequens
2661 2330 2715 2387 et
2773 2322 3028 2387 assidua
3087 2343 3197 2386 nos
3251 2323 3538 2408 querela;
3584 2323 3793 2408 capite
3856 2322 3934 2387 de
4007 2323 4155 2388 dolo
4218 2329 4283 2388 et

635 2433 1075 2498 contumacia:
1124 2434 1314 2497 Actor
1360 2434 1469 2518 qui
1514 2434 1749 2513 venire3
1793 2432 2003 2517 capite
2050 2430 2130 2495 de
2176 2452 2253 2495 eo
2301 2431 2412 2516 qui
2458 2429 2734 2494 mittitur
2765 2429 2834 2493 in
2865 2430 3337 2515 possessionem
3371 2450 3567 2493 causa
3600 2430 3693 2493 rei
3727 2430 4076 2495 servande:
4112 2429 4281 2494 Eum

632 2543 741 2627 qui
783 2561 969 2625 super
1014 2540 1308 2625 diqnitate
1341 2546 1681 2623 personatu
1740 2540 1832 2603 *cel
1886 2539 2204 2622 beneficio;
2251 2538 2461 2624 capite
2510 2536 2589 2600 de
2639 2537 3001 2601 Confessis:
3053 2536 3417 2619 Statuiaenu3‚
3463 2545 3533 2600 ut
3565 2540 3894 2622 positiones
3937 2540 4281 2623 neqaticas;

634 2648 843 2734 capite
891 2647 969 2710 de
1017 2647 1323 2711 testibus:
1374 2646 1663 2710 Romana
1711 2645 1985 2710 Ecclesia
2031 2653 2136 2709 etc.
2186 2644 2267 2709 In
2314 2646 2741 2730 appellationis
2785 2665 2992 2709 causa.
3039 2644 3146 2707 Ad
3188 2644 3329 2727 hec,
3378 2665 3493 2729 que
3540 2647 3604 2707 in
3654 2644 3920 2729 quadam
3970 2644 4246 2730 Epistola
4258 2670 4281 2730 ;

634 2756 843 2841 capite
891 2755 970 2818 de
1018 2753 1565 2840 Exceptionibus:
1616 2751 1733 2817 Pia
1783 2754 2261 2817 consideratione
2304 2754 2554 2836 statu-it;
2604 2751 2816 2839 capite
2858 2751 2937 2814 de
2973 2750 3308 2816 Sententia
3357 2759 3422 2815 et
3470 2773 3537 2816 re
3566 2750 3896 2837 judicata;
3931 2750 4086 2815 Cum
4120 2754 4280 2817 enim

646 2861 949 2925 Tribunal
980 2860 1262 2943 Judicis;
1309 2860 1519 2946 capite
1568 2859 1651 2923 ad
1698 2860 2052 2945 apostolice
2104 2858 2438 2944 dignitatis
2484 2866 2641 2923 etc.:
2688 2858 2853 2923 Sane
2895 2858 3099 2922 Abbas
3142 2859 3217 2923 de
3259 2857 3583 2941 Bonifacio
3627 2857 3835 2922 abbate
3880 2866 4026 2943 etc.;
4072 2860 4280 2945 capite

636 2969 717 3033 de
755 2967 1358 3054 Appellationibus:
1399 2966 1588 3031 Cordi
1634 2966 1804 3031 nobis
1834 2974 1917 3031 est
1949 2967 2080 3031 lites
2113 2969 2410 3031 minuere.
2456 2965 2759 3052 Leqitima
2789 2967 3158 3050 suspitionis.
3200 2965 3484 3030 Romana
3515 2964 3784 3030 Ecclesia
3816 2973 3920 3029 etc.
3961 2964 4114 3030 Cum
4147 2966 4280 3049 suf-

630 3077 1077 3161 fraqaneorum
1131 3073 1564 3158 Hennensium
1611 3075 1821 3160 capite
1869 3074 1948 3137 de
1999 3073 2409 3138 concessione
2460 3072 2788 3160 prebende
2838 3079 2903 3136 et
2949 3072 3218 3137 ecclesie
3265 3094 3389 3136 non
3441 3072 3764 3136 vacantis:
3811 3071 3971 3151 Quia
4018 3076 4246 3137 cunctis
4259 3099 4283 3159 ,-

634 3184 846 3270 capite
894 3183 973 3247 de
1022 3184 1216 3247 rebus
1263 3182 1553 3247 Ecclesie
1602 3204 1731 3247 non
1780 3181 2177 3246 alienandis:
2226 3181 2401 3247 Dum
2449 3189 2552 3246 etc.
2602 3182 2823 3245 Dictus
2871 3203 3008 3246 vero
3037 3181 3565 3265 Archidiaconus;
3611 3182 3821 3267 capite
3854 3181 4282 3247 de’Censibus

636 3298 700 3355 et
747 3290 1356 3355 Procurationibus:
1408 3289 1695 3353 Romana
1742 3289 2012 3353 Ecclesia
2060 3297 2164 3354 etc.
2216 3289 2561 3353 Statuimus
2589 3296 2658 3354 ut
2693 3287 2942 3374 quilibet
2973 3288 3513 3374 Arclaeiepiscopus;
3545 3289 3755 3374 capite
3789 3288 3867 3353 de
3901 3288 4278 3353 homicidio:

639 3399 766 3463 Pro
809 3399 1087 3462 humana
1133 3397 1540 3481 redemptione
1578 3398 1853 3481 qeneris;
1906 3397 2117 3482 capite
2164 3396 2243 3460 de
2290 3396 2686 3483 privilegiis:
2755 3395 3031 3461 Volentes
3075 3395 3446 3480 libertatem;
3492 3396 3701 3482 capite
3751 3396 3829 3460 de
3885 3395 4106 3482 penis:
4157 3396 4281 3461 Ro-

636 3527 823 3569 mana
887 3504 1157 3569 Ecclesia
1223 3512 1327 3568 etc.
1376 3503 1546 3568 Licet
1590 3511 1701 3568 aut
1746 3502 2102 3587 Remensis;
2148 3504 2358 3589 capite
2406 3502 2484 3567 de
2548 3502 2921 3589 penitentiis
2984 3510 3048 3567 et
3109 3502 3629 3567 remissionibus:
3679 3502 3966 3567 Romana
4011 3502 4283 3568 Ecclesia

643 3620 747 3678 etc.
801 3612 1193 3691 Questoribus
1237 3620 1479 3695 autem5
1525 3612 1736 3698 capite
1784 3611 1863 3676 de
1913 3610 2251 3676 Sententia
2300 3611 3019 3676 excommunicationis:
3075 3609 3230 3675 Cum
3277 3611 3665 3674 medicinalia
3703 3612 3914 3676 soleta
3946 3613 4280 3676 nonnullis.

646 3720 1010 3801 Statuimus,
1058 3727 1126 3783 ut
1172 3720 1387 3783 nullus
1432 3718 1752 3783 Judicum.
1807 3717 1969 3797 Quia
2006 3719 2446 3803 periculosum.
2496 3718 2784 3783 Romana
2829 3717 3100 3782 Ecclesia
3148 3725 3251 3782 etc.
3304 3716 3603 3782 Ceterum
3652 3718 3979 3783 interdici:
4028 3718 4282 3784 Dilecto

644 3826 777 3892 filio
823 3825 1090 3892 Decano
1139 3826 1598 3891 Aurelianensi
1643 3832 1764 3891 etc.
1815 3825 2041 3912 Capite
2089 3824 2169 3890 de
2216 3825 2560 3890 verborum
2612 3824 3119 3911 significatione:
3169 3823 3429 3890 Veniens
3475 3833 3578 3891 etc.
3627 3846 3743 3912 per
3791 3825 3902 3890 illa
3946 3825 4166 3890 verba.

810 3934 1056 3999 Datum
1103 3935 1359 4016 Assisii,
1417 3934 1640 4020 quinto
1690 3933 1833 3997 idus
1880 3933 2286 4021 septembris„
2334 3933 2743 4021 pontificatus
2793 3934 2996 3998 nostri
3042 3955 3211 3998 anno
3260 3933 3620 3998 undecimo.

2323 4255 2586 4320 XXIII.

2194 4471 2390 4554 1255,
2443 4472 2526 4534 12
2568 4471 2729 4535 iulii.

1266 4683 1375 4748 Ex
1422 4691 1575 4749 tom.
1623 4684 1948 4749 XXVIII.
2004 4684 2151 4750 Cod.
2200 4685 2351 4770 dipl.
2402 4685 2568 4750 Eccl.
2616 4685 2833 4750 bonon.
2884 4685 3100 4768 (num.
3151 4686 3299 4768 85),
3350 4684 3490 4750 doc.
3538 4684 3656 4749 VI.

817 4898 1194 4963 Alexander
1239 4920 1411 4985 papa
1457 4898 1673 4964 IV.(¹)
1722 4899 2039 4985 Magistro
2088 4900 2446 4982 BernardO,
2496 4900 2806 4965 canonico
2852 4899 3255 4983 bononiensi,
3305 4900 3641 4986 capellano
3691 4908 3927 4966 nostro.

818 5006 1155 5071 Intellecto
1203 5006 1467 5088 dudum,
1519 5006 1689 5093 quod
1738 5006 2010 5071 dilectus
2058 5006 2227 5071 filius
2277 5007 2613 5071 Cirsaceus
2669 5007 2996 5093 quondam
3051 5007 3254 5071 abbas
3317 5007 3691 5071 monasterii
3737 5007 3816 5071 de
3863 5008 4272 5094 Nonantula,

640 5114 901 5180 Ordinis
949 5115 1156 5178 sancti
1202 5113 1561 5196 Benedicti,
1597 5113 1680 5176 ad
1733 5135 2063 5178 romanam
2111 5114 2471 5178 Ecclesiam
2518 5115 2899 5201 pertinentis
2946 5115 3123 5179 nullo
3171 5114 3402 5197 medio,
3439 5121 3766 5178 senectute
3800 5136 3875 5179 ac
3908 5116 4275 5182 infirmitate

640 5221 980 5285 incurabili
1026 5228 1477 5307 pregravatus,
1512 5221 1723 5284 minus
1762 5228 1903 5285 erat
1948 5222 2269 5285 sufficiens
2316 5221 2615 5306 regimini
2660 5222 3032 5286 monasterii
3065 5220 3422 5304 memorati,
3457 5222 3572 5285 tibi
3608 5229 3672 5285 et
3703 5223 4058 5287 venerabili
4090 5224 4275 5289 fratri

641 5336 859 5394 nostro
908 5328 1229 5415 Episcopo
1278 5328 1574 5392 imolensi
1620 5328 1973 5392 direximus
2021 5329 2260 5414 scripta
2293 5336 2534 5411 nostra,
2568 5335 2640 5392 ut
2671 5328 2726 5392 si
2758 5328 2966 5392 dictus
2999 5329 3223 5413 abbas,
3257 5329 3570 5393 senectuti
3619 5350 3693 5394 ac
3735 5331 3947 5394 anime
3979 5352 4091 5395 sue
4126 5354 4274 5397 con-

642 5436 878 5518 sulens,
912 5436 1110 5500 vellet
1142 5436 1369 5500 cedere
1404 5435 1702 5520 regimini
1734 5436 2107 5500 monasterii
2139 5435 2465 5518 antedicti,
2500 5435 2925 5500 admitteretis
2958 5436 3311 5502 cessionem
3343 5436 3713 5520 hujusmodi
3761 5437 3899 5502 vice
3947 5446 4165 5503 nostra
4212 5447 4277 5505 et

641 5544 940 5608 faceretis
989 5543 1197 5607 eidem
1245 5543 1634 5607 monasterio
1682 5541 1762 5607 de
1808 5565 2085 5629 persona
2132 5544 2384 5625 idonea,
2419 5564 2613 5629 quam
2660 5543 2797 5608 sine
2846 5564 3115 5608 assensu
3161 5551 3379 5609 nostro
3429 5544 3806 5609 nolebamus
3839 5545 4022 5631 eligi;
4058 5546 4275 5611 decer·

643 5658 903 5733 nentes,
947 5651 1002 5714 si
1048 5672 1232 5715 secus
1281 5650 1484 5733 fieret,
1528 5650 1777 5714 irritum
1826 5658 1891 5713 et
1938 5650 2151 5733 inane,
2198 5672 2314 5736 per
2360 5651 2740 5715 electionem
2789 5652 3167 5716 canonicam
3211 5651 3565 5738 provideri,
3613 5653 4115 5719 contradictores
4162 5677 4276 5741 per

642 5779 980 5822 censuram
1027 5757 1550 5840 ecclesiasticam,
1585 5757 2019 5844 appellatione
2055 5758 2432 5844 postposita,
2468 5758 2952 5845 compescendo.
3002 5758 3155 5844 Ipso
3203 5759 3401 5844 igitur
3448 5759 3683 5823 abbate
3732 5760 3798 5824 in
3839 5761 4135 5825 manibus
4166 5783 4275 5826 ve-

642 5867 790 5931 stris
839 5867 1040 5952 ipsius
1088 5867 1460 5931 monasterii
1507 5866 1803 5952 regimini
1853 5874 2080 5952 sponte
2128 5867 2415 5950 cedente,
2452 5888 2526 5931 ac
2584 5888 2624 5930 a
2670 5867 2853 5931 vobis
2886 5867 3256 5951 hujusmodi
3290 5867 3576 5931 cessione
3610 5875 3889 5953 recepta,
3923 5876 4275 5934 conventus

640 5974 878 6060 prefati
940 5974 1314 6039 monasterii
1359 5974 1643 6059 eligendi
1690 5996 1804 6038 seu
1851 5974 2221 6061 postulandi
2268 5996 2611 6061 personam
2658 5974 2955 6039 idoneam
3003 5976 3068 6038 in
3109 5974 3412 6039 abbatem
3459 5996 3715 6057 eorum,
3759 5975 3963 6039 tribus
4011 5976 4090 6040 de
4140 5977 4276 6062 ipso
4362 5971 4365 5975 “

642 6086 962 6145 conventu
1009 6081 1465 6145 commiserunt
1510 6081 1903 6145 unanimiter
1948 6088 2369 6167 potestatem3
2418 6082 2528 6167 qui
2574 6088 2704 6145 tres
2752 6081 2832 6145 de
2880 6103 3144 6146 assensu
3192 6088 3407 6146 vestro
3454 6081 3759 6147 dilectum
3806 6082 4009 6146 filium
4064 6083 4276 6147 Bona·

643 6209 943 6271 cursum,
992 6188 1293 6252 abbatem
1357 6189 1732 6254 monasterii
1794 6189 2002 6253 sancti
2060 6188 2322 6253 Proculi
2384 6188 2826 6271 bononiensis,
2876 6189 3120 6270 virum,
3170 6196 3241 6252 ut
3296 6189 3637 6272 asseritur,
3685 6190 4025 6276 providum
4071 6196 4136 6254 et
4182 6190 4274 6254 di·

646 6302 924 6360 scretum
972 6316 1048 6359 ac
1096 6296 1163 6358 in
1210 6295 1655 6382 spiritualibus
1703 6303 1767 6360 et
1814 6296 2276 6383 temporalibus
2325 6297 2888 6383 circumspectum,
2939 6297 3000 6359 in
3050 6296 3352 6361 abbatem
3393 6298 3529 6381 jam
3578 6296 3730 6361 dicti
3778 6298 4151 6362 monasterii
4197 6298 4277 6362 de

802 6526 879 6592 (1)
917 6525 1001 6577 Ex
1039 6543 1153 6595 reg.
1191 6526 1235 6578 Ι.
1274 6526 1578 6578 Alexandri
1615 6525 1713 6578 IV.
1736 6565 1750 6592 ,
1790 6543 1876 6596 ep.
1904 6530 2026 6593 492,
2065 6527 2160 6579 sol.
2190 6530 2275 6593 72,
2315 6544 2403 6580 an.
2443 6526 2739 6594 MCCLV„
2778 6527 2907 6579 XII.
2946 6528 3081 6580 iulii.
