5542 7775
1736 1159 3252 1328 MONUMENTA

2211 1493 2777 1561 SPEOTANTIA

1084 1737 1309 1844 AD
1410 1731 2484 1845 PROFESSORES
2573 1732 3023 1844 JURIS
3126 1731 3446 1842 CAN
3455 1730 3665 1843 ΟΝ
3675 1730 3921 1841 ICI.

2469 2690 2524 2755 Ι.

2119 2903 2381 2970 Ineunte
2423 2906 2661 2970 saeculo
2708 2904 2873 2970 XII.

919 3122 1026 3187 Ex
1073 3121 1330 3187 Mitrale
1376 3120 1648 3204 Sicardi,
1693 3120 2095 3185 cremonensis
2139 3119 2414 3204 episcopi,
2462 3118 2529 3182 in
2576 3119 2715 3185 cod.
2763 3141 2828 3184 n.
2882 3121 3051 3184 1135
3097 3118 3543 3184 Bibliothecae
3589 3118 3948 3183 Vaticanae
3973 3118 4072 3182 (l).

2041 3332 2518 3417 [Pnoomsstm
2562 3332 2955 3417 Auc'roms]

851 3547 1141 3614 Divitem
1188 3547 1600 3635 prudentem,
1637 3546 1749 3633 qui
1795 3546 2196 3611 necessarios
2244 3567 2394 3611 suos
2443 3546 2524 3611 ad
2573 3567 2802 3612 cenam
2847 3546 3123 3612 invitare
3172 3547 3471 3632 voluerit,
3506 3547 3884 3613 cenaculum
3930 3556 3995 3614 et
4041 3549 4326 3615 officinas

678 3662 1052 3722 construere
1102 3654 1402 3720 convenit
1448 3660 1513 3718 et
1561 3674 1813 3736 ornare,
1848 3652 2153 3718 utensilia
2199 3673 2571 3739 preparare,
2605 3650 2948 3720 ministros
2978 3654 3335 3739 instituere,
3371 3654 3661 3720 vestibus
3707 3655 4035 3740 decorare,
4069 3656 4328 3720 demum

678 3763 938 3849 singula
985 3762 1195 3828 officia
1238 3761 1511 3848 singulis
1560 3760 1896 3847 assignare
1944 3760 2273 3825 ministris.
2325 3760 2431 3826 Sic
2479 3761 2658 3826 dives
2705 3760 2816 3826 ille
2864 3762 2969 3826 cui
3015 3760 3230 3828 omnia
3278 3763 3590 3848 serviunt,
3623 3763 3690 3827 in
3736 3763 4051 3851 principio
4085 3763 4328 3829 creavit

681 3871 891 3937 celum
938 3876 1008 3936 et
1050 3876 1313 3953 terram,
1346 3890 1525 3934 mare
1573 3874 1639 3934 et
1687 3869 1906 3934 omnia
1953 3890 2078 3956 que
2126 3868 2192 3934 in
2240 3869 2332 3935 eis
2379 3874 2549 3953 sunt,
2593 3874 2657 3934 et
2703 3868 2927 3934 mundi
2971 3869 3272 3935 machina
3320 3892 3468 3936 cum
3512 3870 3948 3936 mundialibus
3988 3870 4325 3954 fabricata,

678 3978 985 4044 formavit
1045 3978 1373 4043 hominem
1433 3976 1514 4042 de
1578 3976 1733 4041 limo
1781 3982 1954 4041 terre
2012 3983 2077 4041 et
2132 3976 2403 4063 spiravit
2427 3977 2504 4043 (2)
2552 3977 2613 4042 ei
2666 3977 3062 4064 spiraculum
3106 3977 3267 4061 vite,
3318 3986 3384 4044 et
3444 3978 3659 4066 posuit
3706 3999 3853 4044 eum
3901 3979 3966 4043 in
4011 3977 4327 4044 Paradiso

684 4085 1055 4173 voluptatis,
1090 4085 1431 4171 assignans
1480 4085 1622 4169 ejus
1669 4083 1869 4149 victui
1917 4105 2104 4149 omne
2152 4084 2405 4170 lignum
2444 4084 2787 4171 pulchrum
2830 4084 2976 4149 visu
3021 4091 3086 4149 et
3133 4086 3216 4149 ad
3261 4086 3653 4151 vescendum
3684 4107 3880 4151 soave
3906 4087 4006 4152 (3).
4040 4085 4328 4172 Cumque

680 4193 826 4258 finis
872 4193 1171 4258 universe
1220 4192 1430 4257 carnis
1477 4191 1763 4257 venisset
1812 4213 2030 4257 coram
2075 4212 2173 4275 eo,
2225 4191 2377 4278 quia
2423 4198 2597 4256 terra
2642 4191 2858 4257 fuerat
2902 4192 3243 4279 iniquitate
3291 4192 3572 4281 repleta,
3618 4194 3701 4258 ad
3749 4193 4165 4259 seminarium
4209 4194 4330 4259 sci-

679 4300 832 4366 licet
855 4301 934 4366 (4)
983 4299 1250 4386 originis
1298 4298 1836 4383 conservandum,
1878 4319 2098 4363 arcam
2144 4299 2205 4363 ei
2246 4298 2325 4362 de
2374 4297 2567 4384 lignis
2612 4298 2914 4386 levigatis
2961 4307 3026 4365 et
3072 4300 3578 4387 imputribilibus
3623 4300 3784 4385 fieri,
3834 4308 3898 4367 et
3943 4301 4011 4365 in
4057 4322 4201 4366 eam
4247 4322 4332 4366 ex

683 4407 979 4474 omnibus
1026 4407 1210 4491 escis,
1246 4427 1371 4493 que
1418 4406 1639 4471 mandi
1684 4413 1975 4492 possunt,
2018 4413 2091 4471 ut
2139 4413 2355 4472 essent
2400 4407 2788 4493 ingressuris
2835 4408 2901 4473 in
2949 4408 3222 4493 victum,
3256 4409 3648 4496 comportari
3692 4416 3758 4474 et
3803 4410 3945 4476 Noe
3992 4432 4139 4476 cum
4182 4409 4331 4474 filiis

682 4516 815 4580 suis
841 4515 918 4580 (5)
965 4515 1209 4579 intrare
1239 4514 1554 4600 precepit.
1586 4512 1904 4599 Magister
1949 4514 2149 4578 etiam
2194 4521 2432 4598 noster,
2467 4535 2612 4580 cum
2638 4515 2716 4580 (6)
2764 4515 2832 4579 in
2879 4516 3068 4580 terris
3114 4516 3291 4581 visus
3338 4523 3456 4601 est,
3490 4524 3555 4582 et
3602 4538 3750 4582 cum
3782 4517 4149 4583 hominibus
4181 4539 4331 4584 con-

684 4628 1001 4706 versatus,
1052 4621 1274 4687 volens
1321 4642 1469 4686 cum
1515 4620 1826 4685 fratribus
1874 4621 2008 4685 suis
2070 4628 2135 4686 et
2194 4621 2526 4709 discipulis
2574 4622 2930 4687 secundum
2973 4623 3190 4709 legem
3234 4624 3570 4690 comedere
3617 4625 3907 4709 Pascha,
3956 4625 4122 4690 dixit
4166 4625 4328 4690 illis:

686 4730 774 4795 ite
820 4729 889 4794 in
935 4729 1263 4794 civitatem
1310 4734 1376 4793 et
1422 4735 1715 4794 occurret
1754 4728 1939 4794 vobis
1985 4729 2179 4794 homo
2228 4729 2608 4816 amphoram
2655 4751 2823 4816 aque
2869 4729 3168 4795 baiulans
3217 4779 3701 4799 ........
3753 4732 3861 4799 Sic
3907 4739 3972 4798 et
4018 4754 4134 4799 nos
4181 4732 4333 4799 licet

684 4837 1042 4902 imitatores
1089 4835 1339 4923 indigni
1384 4835 1663 4923 penitus,
1712 4842 1778 4901 et
1840 4835 2194 4901 imbecilles
2241 4842 2459 4901 tamen
2506 4836 2585 4902 ad
2636 4838 2882 4902 cultum
2925 4837 3253 4924 Paradisi,
3302 4838 3387 4904 ad
3447 4846 3923 4905 sacramentum
3966 4839 4320 4926 Baptismi,

686 4945 768 5010 ad
830 4966 1057 5011 cenam
1102 4944 1401 5028 Domini,
1453 4944 1711 5030 quando
1737 4944 1815 5010 (7)
1871 4944 1938 5008 in
2002 4945 2275 5009 ecclesia
2322 4952 2470 5010 sunt
2518 4946 2942 5031 celebranda,
2992 4946 3225 5012 fratres
3286 4954 3351 5012 et
3408 4947 3575 5013 filios
3621 4948 3956 5013 invitaturi
3999 4949 4178 5035 prius
4242 4947 4321 5013 de

684 5051 988 5135 ecclesia,
1025 5073 1149 5138 que
1195 5051 1498 5137 paradiso
1546 5057 1611 5116 et
1657 5052 1851 5116 arche
1877 5051 1956 5116 (8)
2004 5052 2316 5137 grandive
2367 5053 2674 5118 cenaculo
2723 5053 3136 5137 assimilatur,
3168 5054 3594 5140 hedificanda,
3635 5055 3926 5120 ornanda
3971 5063 4036 5121 et
4081 5056 4321 5121 utensi-

684 5159 854 5225 libus
886 5160 1028 5245 ejus
1062 5181 1333 5246 agamus
1358 5158 1458 5224 (9).
1495 5158 1793 5225 Secundo
1842 5160 1923 5224 de
1971 5160 2372 5226 institutione
2419 5168 2484 5226 et
2530 5161 2820 5226 vestibus
2865 5168 2930 5226 et
2974 5162 3202 5227 habitu
3235 5162 3694 5229 ministrorum.
3729 5162 3948 5229 Tertio
3980 5164 4059 5229 de
4101 5164 4322 5230 officiis

686 5266 1081 5331 eorumdem.
1132 5264 1381 5340 Quarto
1445 5264 1525 5330 de
1590 5265 1812 5331 ordine
1861 5266 2247 5349 officiorum,
2298 5288 2421 5354 que
2468 5288 2598 5333 non
2643 5267 2854 5333 solum
2898 5290 3159 5355 ponere,
3208 5268 3323 5335 sed
3368 5269 3564 5334 etiam
3608 5269 3998 5335 intendimus
4062 5271 4144 5336 ad
4205 5292 4323 5335 un·

688 5394 881 5459 guem
929 5393 1257 5460 exponere
1301 5372 1736 5437 institutiones
1783 5373 2205 5459 singulorum,
2240 5382 2304 5439 et
2351 5395 2579 5440 causas
2627 5375 3005 5461 adijcientes
3051 5376 3545 5460 institutionum,
3580 5377 3693 5441 sed
3737 5377 3801 5441 in
3850 5378 4061 5444 causis
4107 5399 4322 5466 perse-

811 5694 890 5761 (1)
910 5693 1128 5746 Mitrale
1151 5692 1381 5760 Sicardi,
1402 5694 1772 5746 cremonensis
1794 5694 2054 5764 episcopi,
2076 5695 2131 5747 in
2152 5696 2268 5749 cod.
2292 5696 2453 5748 vatic.
2558 5698 2683 5764 qiae
2707 5712 2902 5749 cursus
2919 5696 3220 5764 completus,
3240 5700 3370 5750 tom.
3392 5695 3624 5750 CCXIII
3652 5698 3916 5764 (Parisiis,
3940 5701 4100 5766 1855)
4121 5698 4216 5751 fol.
4241 5703 4324 5765 14,

691 5785 846 5848 1135,
885 5783 1306 5836 membranaceo
1345 5783 1639 5835 admodum
1677 5784 1902 5854 antiquo
1919 5823 1933 5850 ,
1971 5785 2172 5854 quique
2212 5785 2455 5838 eiusdem
2566 5787 2720 5839 iuxta
2745 5786 3123 5857 apographum
3150 5786 3206 5838 in
3239 5787 3572 5841 bibliotheca
3597 5789 3810 5841 comitis
3838 5788 3903 5840 de
3941 5787 4323 5858 l’Escalopier.

685 5872 924 5926 auctoris
964 5875 1205 5925 aetatem
1256 5873 1484 5925 redolet.
1525 5872 1659 5926 Eius
1695 5873 1786 5927 hic
1824 5874 2017 5927 titulus
2055 5878 2139 5927 est
2175 5875 2457 5945 aliquanto
2728 5879 2807 5944 (2)
2845 5876 3059 5946 Migne:
3099 5877 3407 5944 inspiravit.

687 5962 977 6015 recentiori
1027 5960 1191 6014 litera
1243 5962 1513 6032 scriptus:
1562 5961 1848 6016 Tractatus
1892 5964 2128 6031 grandis
2174 5966 2455 6017 utilitatis:
2727 5968 2806 6033 (3)
2845 5966 2946 6019 M.:
2984 5982 3162 6030 suave,
3181 5973 3403 6034 praeter
3427 5968 3634 6034 liynum
3658 5969 3910 6021 scientiae
3933 5969 4060 6021 boni
4089 5975 4136 6021 ct
4173 5968 4324 6022 mali.

692 6050 837 6119 Opus
869 6050 1118 6102 Mitt-alis
1143 6050 1380 6118 Sycardi
1418 6051 1797 6105 Cremonensis
1822 6055 2055 6121 episcopi
2088 6053 2168 6105 De
2209 6054 2372 6120 Oficio
2409 6062 2455 6107 et
2724 6059 2804 6124 (4)
2842 6056 2943 6109 M.:
2981 6058 3259 6109 secundae.

691 6140 896 6194 Ordine
946 6141 1296 6194 ecclesiastico
1336 6159 1441 6210 per
1477 6143 1741 6195 circulum
1778 6145 1934 6197 aveni.
1984 6144 2051 6196 In
2102 6145 2279 6214 prima
2329 6146 2455 6198 libri
2726 6148 2807 6213 (5)
2846 6145 2945 6198 M.:
2983 6162 3100 6198 cum
3139 6148 3271 6198 suis.

690 6230 894 6301 pagina
929 6231 1082 6301 picta
1119 6234 1203 6284 est
1239 6230 1451 6285 Sicardi
1488 6233 1688 6303 imago,
1724 6233 1889 6286 mitra
1935 6237 1992 6287 et
2028 6234 2187 6303 pedo,
2226 6234 2455 6305 aliisque
2726 6237 2805 6303 (6)
2843 6235 2945 6288 M.:
2984 6236 3130 6288 dum.

688 6321 1097 6390 pontificalibus
1124 6321 1428 6391 insignibus
1456 6326 1666 6375 ornata.
1693 6322 1781 6376 Ita
1818 6327 2002 6377 autem
2040 6324 2141 6376 toti
2179 6326 2331 6394 operi
2371 6325 2452 6378 Si·
2721 6328 2801 6393 (7)
2840 6326 2940 6379 Ma
2978 6342 3129 6394 quae.

687 6408 883 6462 cardus
919 6409 1221 6479 praefatur.
2723 6417 2804 6482 (8)
2843 6416 2943 6470 nt:
2984 6432 3161 6468 arcae.

846 6499 1032 6552 Edidit
1067 6500 1306 6569 primum
1344 6501 1390 6554 I.
1418 6501 1480 6554 P.
1505 6500 1709 6571 Migne,
1744 6502 1805 6555 in
1841 6519 2006 6573 opere
2047 6519 2094 6556 c.
2120 6506 2186 6556 t.:
2222 6503 2459 6557 Patr-olo·
2729 6508 2809 6573 (9)
2847 6505 2948 6559 Μ.;
2987 6523 3222 6574 agemus.
