5542 7775
1677 672 2140 724 SPECTANTIA
2195 675 2299 725 An
2355 675 2866 727 PROFESSORES
2922 678 3340 728 MEDIcmAn
4168 661 4317 731 213

2464 1076 2555 1140 11.

2185 1306 2383 1388 1204,
2430 1306 2518 1369 28
2563 1307 2830 1372 octobris.

756 1533 862 1597 Ex
908 1533 1133 1597 eodem
1182 1535 1445 1599 archivo
1494 1535 1699 1600 sancti
1747 1536 2021 1601 Joannis
2068 1536 2133 1599 in
2180 1535 2421 1619 Monte,
2470 1559 2639 1603 nunc
2686 1540 2751 1603 in
2800 1539 2998 1604 Arch.
3047 1539 3226 1604 Max.
3276 1541 3466 1624 bon.,
3515 1549 3669 1606 sect.
3715 1568 3744 1600 α
3789 1543 4157 1607 Demaniale
4204 1568 4265 1627 ιν,
4367 1591 4371 1595 -

1968 1665 2141 1708 num.
2191 1624 2265 1688 -¹¹
2382 1645 2490 1708 lib.
2540 1645 2698 1729 XL,
2748 1646 2888 1711 doc.
2938 1649 3042 1711 39.

2195 1682 2294 1741 1351
2315 1696 2331 1729 ²

870 1891 915 1973 †
953 1891 1028 1955 In
1077 1892 1334 1955 nomine
1382 1899 1602 1956 sancte
1636 1899 1701 1956 et
1732 1892 2061 1957 individue
2096 1893 2452 1957 Trinitatis.
2485 1895 2678 1959 Anno
2710 1894 2975 1959 Domini
3008 1896 3211 1960 nostri
3242 1897 3285 1962 J
3289 1918 3402 1961 esu
3436 1897 3673 1962 Christi
3712 1899 4052 1963 millesimo
4086 1900 4323 1965 ducen-

692 1999 917 2063 tesimo
966 2006 1230 2084 quarte,
1279 1998 1458 2063 nullo
1505 2000 1891 2084 imperatore
1940 2000 2006 2063 in
2052 2000 2276 2063 Ytalia
2321 2009 2670 2085 regnante,
2721 2002 2943 2087 quinto
3006 2002 3321 2068 kalendas
3384 2005 3787 2089 novembris,
3835 2005 4179 2071 indictione
4228 2028 4323 2071 se·

689 2106 911 2192 ptima.
961 2106 1124 2171 Cum
1170 2106 1480 2191 magister
1520 2106 1563 2171 J
1568 2107 1805 2171 acobus
1854 2106 1933 2171 de
1980 2108 2364 2171 Brettenoro
2400 2129 2777 2174 consecrare
2811 2110 2963 2173 fecit
2995 2111 3199 2174 altare
3233 2111 3406 2175 beati
3439 2111 3773 2176 Michaelis
3807 2114 4321 2199 archangneliss)

691 2222 754 2278 et
796 2214 970 2278 beati
1020 2214 1265 2277 Thome
1313 2213 1594 2277 martiris
1628 2222 1691 2278 et
1736 2214 2073 2299 pontificis,
2123 2215 2402 2300 positum
2449 2215 2516 2279 in
2561 2216 2864 2301 paradiso
2912 2218 3179 2281 ecclesie
3227 2219 3433 2283 sancti
3465 2219 3738 2284 Joannis
3772 2221 3835 2283 in
3867 2220 4108 2304 Monte,
4143 2242 4182 2285 a
4213 2222 4322 2286 do·

690 2324 862 2387 mino
911 2321 1202 2387 Gerardo
1250 2328 1470 2384 sancte
1517 2321 1930 2385 bononiensis
1976 2321 2266 2386 Ecclesie
2315 2323 2635 2409 episcopo,
2670 2323 2735 2386 in
2785 2346 2912 2409 qua
2944 2326 3424 2390 consecratione
3457 2327 3664 2390 dictus
3697 2329 4006 2413 magister
4037 2329 4322 2393 Jacobns

687 2452 804 2517 pro
852 2428 1227 2493 remissione
1276 2428 1558 2491 omnium
1607 2449 1868 2491 suorum
1916 2435 2326 2514 peccatorum
2374 2436 2438 2493 et
2485 2450 2601 2515 pro
2649 2430 2867 2494 anima
2914 2431 3116 2517 patris
3150 2439 3214 2495 et
3246 2432 3469 2496 matris
3511 2455 3625 2497 sue
3658 2434 3932 2498 dottavit
3963 2435 4322 2521 predictum

688 2538 914 2617 altare,
948 2536 1203 2599 vineam
1243 2556 1425 2598 suam
1473 2534 1551 2599 de
1602 2534 1958 2618 Castilloni,
1994 2557 2187 2620 quam
2234 2536 2432 2600 habet
2474 2537 2666 2620 juxta
2711 2537 2969 2601 vineam
3014 2538 3323 2602 heredum
3355 2539 3636 2626 Pippini,
3671 2548 3735 2604 et
3766 2542 4019 2605 vineam
4054 2542 4320 2607 ecclesie

688 2649 907 2707 sancte
955 2642 1158 2706 Marie
1206 2641 1268 2704 in
1319 2640 1593 2724 SolariO,
1628 2641 1843 2705 tittulo
1891 2642 2058 2706 dotis
2105 2642 2280 2706 dedit
2327 2643 2540 2707 donno
2592 2643 2883 2708 Gerardo
2924 2644 3124 2730 priorj
3167 2645 3435 2711 ecclesie
3469 2647 3674 2711 sancti
3706 2647 3986 2712 Victoris
4020 2657 4084 2712 et
4116 2650 4321 2714 sancti

684 2751 727 2816 J
732 2750 958 2815 oannis
1007 2751 1070 2813 in
1119 2750 1360 2831 Monte,
1395 2749 1727 2835 recipienti
1773 2751 2215 2835 procuratorio
2263 2750 2519 2815 nomine
2569 2774 2684 2838 pro
2731 2752 3021 2838 predicto
3054 2752 3280 2834 altare,
3315 2754 3405 2817 ita
3439 2754 3629 2839 quod,
3663 2763 3808 2840 post
3841 2757 4087 2820 obitum
4118 2757 4319 2843 ipsius

685 2857 728 2922 J
732 2857 939 2939 acobi,
976 2878 1129 2920 usus
1163 2856 1486 2920 fructuum
1520 2857 1720 2943 ipsius
1761 2858 1948 2921 vinee
1982 2879 2235 2944 semper
2266 2866 2644 2944 permaneat
2676 2880 2792 2945 pro
2826 2859 3302 2924 manutenendo
3338 2859 3657 2924 laborerio
3692 2861 3980 2946 ejusdem
4014 2863 4319 2948 paradisi,

678 2966 779 3050 jta
827 2963 998 3050 quod
1044 2964 1277 3048 aliquis
1324 2962 1513 3027 Prior
1560 2965 1663 3028 vel
1711 2965 2090 3047 canonicus,
2140 2966 2249 3051 qui
2295 2988 2411 3052 pro
2459 2974 2745 3051 tempore
2796 2964 2990 3029 fuerit
3052 2966 3117 3029 in
3181 2966 3486 3051 predictis
3548 2969 3873 3052 ecclesiis,
3923 2990 4049 3032 non
4104 2970 4322 3033 valeat

685 3072 962 3135 vendere
1009 3071 1112 3135 vel
1163 3071 1447 3134 alienare
1496 3070 1853 3156 predictam
1900 3072 2155 3135 vineam
2205 3072 2336 3137 ullo
2384 3073 2594 3155 modo,
2629 3094 2840 3158 neque
2889 3072 2967 3136 de
2995 3074 3163 3156 jure,
3199 3094 3405 3159 neque
3440 3074 3519 3138 de
3553 3074 3747 3158 facto,
3795 3075 3964 3161 quod
4013 3077 4066 3139 si
4098 3083 4322 3140 contra

683 3180 924 3243 sactum
987 3178 1215 3260 fuerit,
1265 3178 1533 3263 quilibet
1580 3178 1659 3242 de
1707 3179 1996 3265 predicta
2051 3179 2323 3244 ecclesia
2386 3181 2588 3266 possit
2650 3180 3006 3266 predictam
3067 3181 3322 3245 vineam
3384 3181 3729 3246 vendicare
3793 3183 3874 3247 ab
3938 3183 4112 3247 omni
4172 3206 4317 3270 pos-

683 3308 952 3367 sessore,
1001 3286 1180 3349 nulla
1226 3285 1475 3349 ratione
1524 3286 1840 3368 obstante,
1886 3286 1977 3350 ita
2023 3286 2195 3371 quod
2243 3309 2473 3372 senper
2520 3294 2899 3374 permaneat
2945 3308 3061 3373 pro
3111 3288 3430 3352 laborerio
3473 3290 3611 3371 jam
3660 3289 3811 3353 dicti
3857 3290 4143 3376 paradisi
4184 3312 4318 3355 ma·

683 3393 1089 3476 nutenend03
1138 3393 1305 3456 hanc
1352 3399 1571 3457 autem
1619 3393 1833 3457 dotem
1881 3401 1945 3457 et
1993 3394 2318 3458 dationem
2361 3396 2499 3477 jam
2546 3395 2783 3458 dietam
2839 3394 3136 3459 dominus
3200 3394 3530 3459 Gerardus
3593 3397 3952 3483 episcopus,
4002 3419 4317 3462 consensu

679 3523 938 3566 suorum
985 3501 1311 3583 Fratrum,
1360 3501 1475 3584 qui
1518 3500 1607 3563 ibi
1655 3507 1860 3582 erant,
1897 3500 2186 3564 laudavit
2234 3509 2299 3565 et
2344 3501 2660 3583 firmavit3
2696 3510 2760 3565 et
2794 3502 3019 3565 statuit
3067 3501 3237 3587 quod
3287 3503 3521 3588 aliquis
3565 3504 3775 3586 Prior,
3810 3505 3914 3569 vel
3948 3506 4315 3589 eanonicuS‚

678 3615 790 3673 aut
837 3608 1127 3689 clericus,
1177 3608 1313 3671 sive
1361 3608 1585 3691 laicus,
1622 3608 1729 3693 qui
1778 3630 1895 3694 pro
1943 3615 2231 3694 tempore
2279 3608 2472 3672 fuerit
2520 3609 2585 3672 in
2631 3608 2937 3694 predictis
2980 3609 3288 3691 ecclesiis,
3323 3611 3745 3697 prescriptam
3794 3612 4050 3675 vineam
4098 3613 4315 3698 aliquo

677 3717 867 3781 modo
933 3716 1219 3780 alienare
1282 3716 1770 3802 presumpserit,
1820 3738 1858 3779 a
1920 3738 2168 3781 summo
2231 3717 2372 3780 Deo
2430 3717 2851 3803 omnipotenti
2895 3718 2997 3815 ,Sit
3058 3717 3474 3801 maledictus,
3521 3719 3711 3783 sicuti
3772 3719 3894 3783 fuit
3940 3719 4203 3785 Dathan
4251 3728 4316 3785 et

675 3824 968 3907 Abirom,
1019 3844 1178 3909 quos
1226 3832 1403 3888 terra
1449 3823 1631 3888 vivos
1678 3823 2041 3908 deglutivit,
2090 3831 2155 3889 et
2202 3824 2464 3911 insuper
2511 3824 2943 3889 anathematis
2990 3824 3247 3890 vinculo
3298 3825 3587 3892 feriatur.

854 3932 1351 3997 Prenominatus
1399 3932 1708 4018 magister
1754 3933 2059 4016 Jacobus‚
2096 3941 2167 3998 ut
2198 3955 2394 4020 supra
2441 3934 2698 4019 legitur,
2733 3935 3014 3998 seribere
3059 3935 3333 4019 rogavit,
3367 3942 3617 4000 retento
3651 3936 3773 3999 sibi
3805 3936 4314 4024 usufructupre-

676 4040 843 4105 dicte
891 4041 1077 4103 vinee
1125 4039 1328 4104 donec
1375 4039 1631 4103 vixerit.

854 4147 1167 4211 Dominus
1215 4146 1559 4227 Henricns,
1594 4152 1814 4210 sancte
1862 4146 2274 4211 bononiensis
2316 4147 2605 4212 Ecclesie
2639 4148 3151 4232 archidiaconus,
3185 4149 3503 4235 presbiter
3540 4148 3852 4234 Algisius,
3887 4157 3953 4214 et
3998 4150 4314 4236 presbiter

675 4254 923 4336 Judex,
972 4261 1036 4316 et
1083 4252 1492 4338 Bonagnisa,
1542 4259 1606 4316 et
1653 4253 1962 4338 magister
2009 4253 2187 4337 Odo,
2237 4262 2301 4318 et
2348 4254 2516 4318 filius
2565 4255 2797 4319 Albezi
2841 4255 2920 4319 de
2969 4255 3265 4338 Musillo,
3315 4264 3379 4320 et
3440 4256 3761 4341 Ugolinus
3826 4255 4201 4339 Barufaldi,
4248 4265 4313 4320 et

675 4360 996 4446 Ugolinus
1044 4359 1481 4442 Lambertini,
1531 4360 1824 4424 canonici
1886 4361 2093 4425 sancti
2151 4361 2367 4443 Petri,
2417 4368 2482 4425 et
2527 4363 2846 4448 presbiter
2892 4362 3227 4445 AndreaS,
3275 4363 3649 4449 capellanus
3698 4362 3939 4426 domini
3987 4363 4308 4449 episcopj,

675 4474 739 4532 et
784 4468 1017 4531 Petrus
1065 4466 1143 4531 de
1191 4466 1453 4531 PozoIO.

851 4574 1168 4638 Dominus
1231 4574 1617 4660 LopieinuS,
1680 4575 1989 4660 magister
2050 4576 2368 4640 Baverius
2430 4583 2753 4659 murator,
2803 4578 3135 4663 magister·
3172 4577 3519 4660 Bellonus,
3566 4577 3947 4641 Leonardus
4002 4578 4309 4641 firmanus

672 4681 985 4763 notarius,
1020 4680 1321 4744 Matheus
1370 4681 1717 4764 Corvolini,
1749 4681 1983 4746 Petrus
2031 4682 2332 4746 miniator
2364 4690 2428 4746 et
2461 4684 2768 4766 notarius,
2805 4691 2869 4748 et
2901 4684 3244 4749 Tebaldini
3276 4683 3603 4770 scriptoris
3629 4685 3728 4767 (2),
3762 4691 3826 4748 et
3858 4706 4049 4770 quam
4092 4685 4309 4771 plures

673 4789 783 4853 alii
831 4789 980 4852 huic
1028 4788 1496 4852 consecrationi
1543 4795 1608 4851 et
1653 4788 1986 4853 donationi
2032 4797 2096 4853 et
2144 4790 2612 4854 confirmationi
2660 4791 3112 4874 interfuerunt,
3147 4798 3212 4856 et
3258 4792 3451 4875 hujus
3499 4792 3592 4855 rei
3637 4798 3832 4856 testes
3880 4793 4091 4877 rogati
4139 4799 4307 4856 sunt.

848 4897 1102 4959 Actum*
1135 4895 1309 4982 apud
1355 4896 1695 4960 ecclesiam
1742 4897 1950 4960 sancti
2002 4897 2274 4961 Joannis
2335 4897 2400 4961 in
2475 4897 2695 4962 Monte
2761 4898 2828 4962 in
2893 4899 3195 4984 paradiso
3258 4898 3551 4983 ejusdem
3607 4898 3918 4981 ecclesie,
3967 4898 4311 4964 indictione

670 5002 960 5089 predicta
1009 5011 1275 5085 octava3
1309 5009 1374 5066 et
1406 5002 1528 5067 hoc
1574 5002 1940 5089 specialiter
1986 5010 2202 5067 actum
2250 5010 2366 5086 est,
2402 5004 2572 5090 quod
2606 5005 2838 5068 aulivis
2871 5006 3223 5092 prescripte
3255 5007 3442 5069 vinee
3475 5027 3707 5091 senper
3738 5012 4160 5092 permaneant
4191 5028 4307 5092 pro

670 5109 1015 5174 luminaria
1062 5109 1285 5172 altaris
1331 5108 1507 5173 beati
1551 5109 1889 5174 Michaelis
1934 5111 2273 5196 archangli
2291 5111 2389 5176 (3).

848 5214 991 5301 Ego
1040 5215 1491 5298 VVuilielmus,
1541 5216 1708 5279 sacri
1755 5216 1981 5302 palatii
2030 5218 2339 5300 notarius,
2388 5217 2537 5282 huic
2585 5218 3051 5283 consecrationi
3097 5226 3161 5282 et
3208 5219 3540 5284 donationi
3587 5228 3651 5283 et
3697 5217 4165 5283 confirmationi
4212 5218 4307 5282 in-

669 5322 884 5406 terfui,
934 5330 1018 5405 et,
1069 5329 1139 5386 ut
1184 5323 1479 5408 superius
1527 5323 1786 5408 legitur,
1834 5324 2217 5393 auctoritate
2266 5331 2331 5388 et
2375 5324 2682 5390 mandato
2731 5325 2973 5390 domini
3020 5325 3297 5391 Gerardi
3344 5326 3648 5412 episcopi,
3699 5325 4067 5411 subscripsi.

845 5429 1157 5494 Preterea
1206 5428 1371 5493 dixit
1417 5429 1727 5515 magister
1774 5430 2094 5522 Jacobus,
2137 5431 2308 5517 quod
2354 5431 2464 5495 ille
2513 5432 2623 5518 qui
2668 5432 2969 5497 habuerit
3014 5434 3440 5520 prescriptam
3484 5434 3741 5497 vineam
3787 5453 4019 5518 senper
4073 5432 4308 5497 debeat

670 5536 824 5601 dare
871 5558 988 5623 pro
1037 5535 1385 5600 refectione
1430 5536 1734 5600 Fratrum
1780 5558 1841 5601 V.
1891 5538 2107 5602 soldos
2138 5538 2626 5603 bononenorum
2655 5539 2723 5604 in
2754 5541 3197 5605 anniversario
3229 5540 3431 5627 ipsius
3462 5540 3696 5605 Jacobi
3726 5560 3842 5626 pro
3875 5540 4092 5603 anima
4138 5540 4307 5624 ejus·
4353 5589 4356 5592 -

669 5643 816 5708 dem
861 5643 1114 5726 Jacobi,
1163 5650 1308 5730 post
1354 5651 1626 5709 mortem
1674 5644 1986 5729 ejusdem.

845 5856 1137 5940 [Foris-J
1179 5856 1317 5921 Dos
1365 5858 1589 5922 altaris
1636 5859 1843 5923 sancti
1887 5858 2244 5924 Michaelis.

827 6516 901 6580 (1,
943 6518 974 6566 2
1013 6517 1070 6567 et
1107 6515 1161 6581 3)
1201 6514 1316 6565 stc..
