5542 7775
1584 645 2047 701 SPECTANTIA
2101 648 2203 696 AD
2261 646 2769 697 Pnorsssomss
2826 647 3038 697 ι1111116
3095 646 3448 698 6111611161
4178 630 4325 699 195

877 801 1043 865 Item
1090 801 1261 887 quod
1308 800 1736 866 castaldiones
1784 807 1848 865 et
1894 801 2007 886 alij
2055 801 2371 885 offitialeS,
2421 802 2531 888 qui
2575 802 2816 866 fuerint
2862 803 2929 866 in
2974 811 3149 867 terra
3194 802 3444 867 Unzole
3492 808 3613 866 etc.

872 907 1039 972 Item
1087 908 1257 995 quod
1305 910 1514 974 nuntii
1558 910 1805 996 possint
1852 931 1993 974 esse
2042 911 2107 973 in
2155 909 2326 974 dicta
2374 916 2566 993 terra,
2612 931 2780 974 unus
2829 908 2942 975 aut
2986 910 3113 975 duo
3162 910 3243 974 ad
3292 911 3458 998 plus,
3492 910 3603 996 qui
3641 910 3769 974 sint
3814 910 4078 975 minoris
4111 911 4328 976 condi-

696 1014 895 1079 cionis
940 1022 1061 1080 etc.

873 1122 1043 1187 Item
1090 1123 1260 1209 quod
1307 1124 1535 1188 electio
1581 1123 1931 1210 potestarie
1978 1124 2061 1188 ad
2107 1124 2317 1210 ipsum
2366 1144 2635 1188 comune
2683 1124 2886 1188 libere
2934 1123 3167 1188 debeat
3213 1145 3567 1189 remanere.

875 1229 1173 1294 Castrum
1220 1230 1470 1295 Unzole
1518 1252 1663 1295 cum
1710 1231 1842 1295 suis
1889 1232 2292 1318 pertinentiis
2340 1240 2462 1296 etc.

873 1336 1147 1411 Quando
1194 1344 1413 1402 autem
1458 1338 1652 1402 fuerit
1698 1339 2041 1403 renovazio
2088 1345 2210 1402 etc.

875 1444 944 1508 Si
992 1445 1134 1530 quis
1181 1444 1470 1509 notarius
1518 1444 1759 1509 domini
1806 1445 2092 1531 episcopi
2136 1452 2258 1509 etc.

870 1551 1038 1615 Item
1085 1551 1257 1637 quod
1305 1573 1526 1617 omnes
1573 1552 1889 1616 sententie
1938 1559 2002 1616 et
2047 1574 2386 1638 processus
2435 1560 2557 1616 etc.

871 1659 1037 1724 Item
1085 1660 1255 1746 quod
1303 1681 1572 1724 comune
1621 1666 1685 1724 et
1731 1660 2022 1724 homines
2070 1660 2149 1724 dc
2197 1661 2450 1724 Unzola
2498 1661 2650 1724 dent
2696 1668 2760 1725 et
2794 1661 3049 1725 solvant
3080 1660 3503 1725 incontinenti
3534 1661 3705 1726 dicto
3737 1661 3994 1726 domino
4026 1662 4328 1749 episcopo

695 1788 810 1852 pro
856 1766 1118 1831 decimis
1167 1767 1674 1853 quibuscumque
1722 1766 1931 1832 eidem
1978 1767 2235 1832 domino
2282 1767 2583 1854 episcopo
2632 1768 2976 1832 subtractis
3010 1774 3074 1833 et
3118 1776 3382 1854 propter
3429 1767 4039 1855 condempnationes
4088 1776 4153 1834 et
4198 1770 4328 1834 alia

691 1895 1093 1960 quacumque
1142 1874 1221 1938 de
1270 1896 1487 1957 causa,
1537 1874 1711 1939 mille
1758 1875 2068 1938 ducentas
2116 1874 2315 1939 libras
2363 1875 2871 1940 bononenorum.

867 1981 1035 2045 Item
1081 1982 1255 2067 quod
1286 1982 1492 2069 ipsum
1530 2003 1799 2046 comune
1841 1989 1905 2046 et
1935 1982 2228 2047 homines
2260 1981 2414 2046 dent
2443 1990 2505 2047 et
2539 1982 2795 2046 solvant
2827 1982 3037 2047 eidem
3071 1982 3490 2047 incontinenti
3519 2005 3636 2069 pro
3671 1983 4196 2049 renovationibus
4229 1983 4325 2047 fa-

691 2087 932 2153 ciendis
980 2087 1063 2152 ad
1106 2109 1371 2175 presens
1420 2110 1510 2153 66.
1560 2089 1761 2152 libras
1808 2089 2329 2172 bononenorum3
2374 2111 2568 2175 quam
2613 2090 2885 2176 pecunie
2934 2089 3360 2175 quantitatem
3392 2090 3567 2153 mille
3603 2090 4217 2176 quadringentarum
4252 2091 4326 2155 li-

690 2195 955 2259 brarum
1000 2195 1486 2260 bononenorum
1538 2196 1709 2260 idem
1756 2196 2052 2260 dominus
2098 2197 2439 2283 episcopus
2488 2196 2819 2261 confessus
2867 2196 2990 2261 fuit
3034 2197 3338 2262 habuisse
3388 2218 3427 2261 a
3472 2196 3777 2283 predictis
3832 2198 4197 2263 hominibus
4245 2199 4325 2263 de

689 2301 942 2367 Unzola
974 2308 1038 2366 et
1071 2324 1216 2367 cum
1246 2303 1453 2389 pactis
1485 2310 1549 2367 et
1582 2302 2052 2367 conditionibus
2086 2309 2150 2367 et
2183 2305 2437 2368 statutis
2472 2311 2535 2368 et
2569 2304 3030 2368 ordinamentis
3063 2304 3316 2390 scriptis
3350 2305 3415 2368 in
3447 2305 3852 2390 presentibus
3884 2306 4324 2369 instrumentis

691 2429 887 2472 manu
934 2408 1252 2473 Johannis
1300 2409 1625 2495 quondam
1675 2409 1852 2494 Suzij
1900 2410 1979 2473 de
2027 2409 2282 2475 Unzola
2329 2411 2583 2494 notarii,
2634 2418 2699 2475 et
2743 2411 2994 2475 Forixii
3042 2411 3365 2496 quondam
3413 2409 3665 2495 Cambij
3712 2410 3790 2475 de
3830 2411 4009 2475 Luco
4067 2413 4321 2495 notarii,

690 2513 877 2579 factis
924 2515 1115 2580 hodie
1165 2517 1229 2580 in
1276 2516 1528 2602 capella
1575 2517 1984 2603 episcopatus
2031 2516 2357 2600 Bononie,
2406 2519 2812 2604 presentibus
2881 2517 3139 2582 domino
3208 2517 3536 2582 Marxilli'o
3593 2518 3887 2603 magistri
3931 2519 4197 2582 Mammi
4244 2518 4323 2583 de

688 2621 1122 2708 Mantigellis,
1172 2623 1450 2688 doctoris
1498 2623 1933 2706 decretorum,
1982 2624 2240 2688 domino
2288 2624 2535 2689 Jacobo
2584 2624 2663 2689 dc
2710 2625 3161 2708 Panzonibus,
3210 2624 3451 2689 vicario
3508 2624 3661 2689 (11611
3708 2624 3949 2689 domini
3994 2626 4322 2712 episcopi,

689 2729 947 2794 domino
997 2729 1288 2794 Gerardo
1336 2730 1415 2794 de
1465 2730 1712 2813 Corvis,
1747 2751 1848 2795 me
1893 2731 2269 2815 Bonjacobo
2304 2732 2626 2816 quondam
2659 2732 2927 2817 Ugolini
2962 2731 3341 2796 Guizardini
3373 2732 3645 2814 notario,
3679 2731 3936 2796 domino
3968 2731 4321 2797 Bonamico

689 2836 767 2900 de
813 2837 983 2900 Pisis
1030 2838 1302 2921 notario,
1335 2838 1677 2902 Dominico
1725 2838 2090 2902 Alamontis
2138 2848 2202 2903 ct
2250 2838 2506 2904 domino
2539 2839 2821 2904 Martino
2869 2840 2948 2903 de
2981 2846 3203 2905 sancto
3238 2839 3518 2921 Jeorzio,
3552 2839 3844 2922 testibus,
3878 2846 3949 2904 ut
3981 2840 4132 2904 dicti
4174 2862 4323 2905 con-

689 2944 1017 3008 trahentes
1065 2952 1478 3009 asserucrunt
1523 2952 1590 3009 et
1635 2944 1788 3008 mihi
1835 2946 2028 3009 scribi
2076 2946 2366 3010 fecerunt
2414 2967 2489 3010 66
2537 2945 3099 3011 denuntiaverunt.

2323 3372 2678 3437 XXXVII.

2157 3623 2350 3705 1280,
2400 3624 2443 3685 3
2485 3622 2856 3707 septembris,

879 3871 985 3936 Ex
1032 3871 1194 3937 Tab.
1243 3872 1420 3937 Max.
1469 3873 1705 3938 bonon.
1754 3872 1817 3937 in
1869 3871 2332 3939 Memoriale'bus
2384 3872 2758 3958 Communis,
2807 3874 3000 3939 Mem.
3050 3873 3394 3939 Ansaldini
3440 3874 3695 3940 Alberti
3743 3873 4116 3958 Ansaldini‚

1889 4002 1993 4045 an.
2043 3984 2234 4064 1280,
2284 4003 2337 4046 6.
2389 3984 2472 4045 49
2521 4003 2572 4046 1.
2621 4003 2656 4046 6
2707 3984 2793 4046 50
2840 4004 2892 4046 r.
2942 3989 3006 4046 et
3052 4003 3114 4046 v.

861 4231 986 4296 Die
1033 4231 1125 4316 iij.
1175 4232 1456 4297 intrante
1502 4232 1851 4320 septembri
1900 4231 2278 4317 [mcclxxx].

858 4338 1194 4403 Discretus
1243 4346 1307 4403 61
1354 4339 1587 4404 nobilis
1635 4341 1733 4404 vir
1778 4339 2073 4404 dominus
2112 4339 2349 4404 Petrus
2383 4340 2698 4427 Capretus
2732 4341 2812 4406 de
2844 4340 3280 4405 Lambertinis
3313 4340 3537 4407 doctor
3583 4341 4006 4426 decretorum,
4040 4350 4103 4406 et
4143 4343 4320 4429 prior

682 4452 746 4510 et
790 4452 1003 4511 rector
1049 4446 1318 4511 ecclesie
1365 4454 1585 4511 sancte
1631 4446 1838 4511 Marie
1885 4446 2153 4531 Majoris
2202 4446 2281 4511 de
2328 4447 2626 4512 Bononia
2672 4469 2789 4511 666
2837 4448 3114 4530 1161111116,
3148 4469 3411 4512 66616111
3451 4469 3890 4513 6666666616111
3938 4457 4003 4512 61
4049 4450 4317 4515 66616616

681 4553 1031 4640 Ρ161111616,
1081 4554 1377 4639 diligenti
1423 4555 1888 4619 deliberatione
1934 4554 2277 4641 prehabita
2326 4555 2835 4619 irrevocabiliter
2881 4555 3078 4638 dedit,
3127 4557 3442 4622 concessit
3496 4563 3560 4620 et
3607 4556 3965 4640 assignavit
4010 4556 4316 4642 Johanni,

678 4660 811 4725 filio
857 4660 1098 4726 domini
1148 4661 1409 4727 Galaoti
1456 4661 1536 4726 de
1581 4662 2039 4745 Lambertinis,
2074 4661 2408 4748 recipienti
2441 4683 2557 4726 suo
2606 4662 2862 4726 nomine
2911 4669 2975 4726 61
3023 4663 3279 4727 nomine
3326 4671 3391 4727 et
3436 4664 3574 4728 vice
3620 4662 3891 4728 Roberti
3938 4663 4039 4728 sui
4077 4663 4315 4748 fratris,

681 4768 1006 4833 canonicis
1053 4770 1185 4833 suis
1233 4775 1298 4833 et
1343 4768 1511 4834 dicte
1559 4769 1828 4834 ecclesie
1885 4776 2104 4833 sancte
2149 4768 2354 4833 Marie
2403 4769 2702 4854 Majoris,
2752 4770 3159 4856 cupientibus
3221 4770 3555 4835 literarum
3601 4769 3812 4835 studio
3859 4771 4204 4857 proficisci,
4252 4772 4315 4836 in

679 4896 902 4939 eorum
947 4875 1330 4940 beneficium
1376 4882 1441 4941 et
1486 4875 1882 4962 prebendam
1931 4883 1996 4940 61
2040 4898 2158 4963 pro
2205 4876 2492 4963 ipsorum
2539 4877 2668 4941 vite
2716 4877 3118 4960 necessariis,
3167 4884 3231 4942 et
3276 4884 3348 4942 ut
3394 4878 3622 4942 melius
3677 4880 3925 4963 possint
3985 4879 4318 4943 literarum

678 4982 890 5047 studio
939 4983 1186 5048 inerere
1234 4991 1298 5048 et
1339 4984 1675 5071 proficisci,
1709 4984 1976 5068 fructus,
2010 4984 2254 5048 reditu's
2303 4992 2367 5049 et
2413 4991 2765 5071 proventus
2814 5006 3034 5049 omnes
3081 4990 3145 5049 et
3191 4985 3501 5070 singulos,
3536 4984 3645 5070 qui
3694 4985 3934 5072 percipi
3983 4993 4048 5049 61
4092 4986 4320 5051 haberi

679 5096 1026 5175 potuerunt
1072 5112 1473 5176 quocumque
1520 5091 1710 5155 modo
1759 5091 1863 5155 vel
1905 5092 2052 5175 jure
2100 5091 2193 5156 Ide
2258 5091 2552 5156 omnibus
2599 5099 2664 5155 et
2710 5091 2982 5177 singulis
3045 5091 3341 5156 domibus
3386 5099 3453 5155 61
3496 5092 4007 5178 possessionibus
4062 5092 4195 5156 suis
4251 5093 4317 5156 in

679 5203 872 5280 terra,
907 5198 1042 5261 sive
1075 5196 1252 5279 villa,
1286 5218 1401 5261 seu
1432 5197 1595 5281 1000,
1630 5198 1732 5262 6111
1765 5198 1998 5262 (1161161
2029 5198 2315 5280 Rohar0,
2351 5198 2763 5262 bononiensis
2796 5198 3089 5282 diocesis,
3122 5198 3592 5284 pcrtinentibus
3626 5198 3704 5262 ad
3741 5199 3947 5286 ipsam
3979 5199 4318 5264 ecclesiam

678 5312 897 5368 sancte
944 5304 1150 5368 Marie
1195 5304 1486 5389 Majoris,
1535 5326 1650 5369 6611
1697 5304 1781 5369 6(1
1825 5305 2162 5369 ecclesiam
2212 5313 2432 5370 sancte
2479 5305 2686 5369 Marie
2734 5305 2814 5370 (16
2861 5306 3161 5388 Roharo,
3209 5326 3334 5391 que
3380 5306 3558 5370 nullo
3608 5306 3816 5370 medio
3864 5307 4187 5392 pertinent
4234 5306 4318 5370 ad

672 5412 810 5495 jam
857 5411 1096 5476 dictam
1142 5412 1482 5477 ecclesiam
1528 5420 1748 5477 sancte
1793 5412 1999 5477 Marie
2056 5412 2325 5497 Majoris
2386 5421 2451 5477 et
2513 5412 2597 5476 ad
2663 5434 2953 5476 mensam
3014 5412 3214 5499 ipsius
3276 5412 3582 5496 ecclesie3
3633 5414 3721 5477 ita
3782 5413 3952 5499 quod
4015 5413 4316 5501 deinceps

676 5519 925 5604 possint
971 5519 1145 5605 ipsas
1193 5519 1415 5584 domos
1463 5526 1528 5584 et
1572 5521 2012 5606 possessiones
2060 5521 2355 5584 habitare
2404 5527 2468 5584 et
2523 5520 2823 5585 laborare
2870 5541 2987 5605 per
3034 5541 3102 5584 se
3150 5526 3215 5584 et
3263 5520 3463 5603 alios,
3511 5527 3576 5584 et
3624 5520 3837 5585 locare
3886 5520 3969 5585 ad
4015 5521 4317 5586 laboran-

677 5624 828 5689 dum
878 5633 941 5690 et
989 5625 1073 5690 ad
1118 5627 1415 5710 afictum3
1464 5634 1529 5691 et
1575 5626 1654 5691 de
1702 5627 1974 5712 singulis
2020 5627 2474 5714 proventibus,
2510 5626 2825 5691 fructibus
2873 5635 2937 5692 et
2983 5626 3296 5692 reditibus
3343 5627 3630 5713 ipsarum
3676 5627 4011 5692 domorum
4058 5634 4122 5692 et
4167 5649 4316 5714 pos-

676 5733 1033 5797 sessionum
1080 5733 1330 5820 possint
1374 5734 1458 5798 ad
1505 5734 1793 5821 ipsorum
1840 5735 2241 5799 voluntatem
2289 5742 2353 5799 et
2401 5735 2737 5799 arbitrium
2784 5734 3146 5822 disponere,
3180 5745 3245 5799 et
3291 5755 3402 5799 666
3450 5733 3533 5798 6(1
3579 5735 3865 5821 ipsorum
3895 5757 4083 5800 usum
4113 5735 4315 5821 perci·

676 5862 829 5926 pere
900 5847 965 5904 61
1033 5841 1317 5925 habere,
1366 5841 1796 5929 computando
1829 5842 2108 5924 ,eisdem
2178 5842 2462 5925 fructus,
2510 5841 2756 5906 reditus
2819 5849 2884 5906 et
2938 5849 3290 5929 proventus
3335 5842 3656 5928 predictos
3703 5843 3767 5906 in
3824 5843 4204 5907 beneficium
4253 5850 4319 5907 et

677 5947 1093 6034 prebendam,
1126 5954 1191 6012 et
1231 5955 1484 6035 partem
1530 5949 1694 6034 ejus,
1729 5971 1922 6035 quam
1970 5971 2081 6014 eos
2128 5957 2345 6036 posset
2392 5949 2765 6035 contingere
2814 5950 3148 6015 occasione
3191 5950 3357 6034 juris
3405 5950 3711 6014 canonice
3745 5949 3915 6035 quod
3962 5950 4203 6014 habent
4253 5950 4315 6013 in

677 6054 849 6119 dicta
894 6055 1167 6120 ecclesia
1213 6063 1433 6120 sancte
1479 6056 1687 6122 Marie
1718 6056 2009 6141 Majoris,
2044 6058 2229 6142 cujus
2263 6063 2411 6121 sunt
2445 6058 2716 6144 predicti
2747 6057 2792 6123 J
2796 6058 3082 6122 ohannes
3116 6064 3181 6121 et
3211 6057 3537 6122 Robertus
3569 6057 3895 6140 canonici3
3929 6058 4110 6121 salvo
4143 6056 4316 6142 quod

677 6162 756 6225 de
805 6161 1107 6248 predictis
1154 6162 1489 6247 fructibus,
1521 6165 1941 6250 proventibus
1991 6171 2055 6229 et
2101 6164 2411 6229 reditibus
2459 6164 2731 6251 predicti
2778 6165 3113 6230 Johannes
3159 6171 3224 6229 et
3266 6164 3592 6230 Robertus
3623 6163 3780 6228 dare
3812 6170 4155 6229 teneantur
4186 6164 4314 6227 sin-

676 6268 847 6354 gulis
893 6269 1079 6334 annis
1127 6270 1193 6333 in
1238 6270 1405 6335 festo
1453 6278 1674 6336 sancte
1721 6271 1927 6336 Marie
1976 6272 2214 6336 mensis
2262 6271 2524 6358 augusti
2567 6273 2804 6336 rectori
2844 6272 3112 6337 ecclesie
3160 6278 3380 6336 sancte
3427 6272 3633 6336 Mario
3679 6271 3949 6357 Majoris
3994 6269 4314 6357 predicte,

678 6376 789 6461 qui
849 6397 1020 6441 116116
1077 6384 1176 6441 661
1234 6383 1300 6441 61
1344 6399 1463 6465 pro
1509 6384 1798 6465 tempore
1843 6379 2073 6462 fuerit,
2121 6378 2464 6464 sexaginta
2512 6379 2738 6444 corbes
2785 6378 3127 6462 frumenti3
3175 6385 3241 6443 et
3286 6379 3342 6443 si
3386 6379 3551 6444 alter
3596 6378 3883 6465 ipsorum
3942 6377 4316 6465 precederet

678 6483 877 6547 alium
924 6484 1186 6571 insuper
1232 6483 1577 6569 viventem,
1612 6485 1800 6550 duret
1838 6485 2009 6551 dicta
2057 6486 2382 6551 concessio
2431 6485 2498 6550 in
2543 6493 2770 6552 totum.
2816 6485 2993 6550 Dum
3039 6493 3257 6550 tamen
3305 6486 3637 6551 annuatim
3683 6485 3837 6550 dare
3879 6485 4114 6551 debeat
4144 6484 4315 6549 dicto
