5542 7775
1689 670 2149 720 SPECTANTIA
2208 670 2308 719 ΑΙ)
2366 668 2876 719 PROFESSORES
2934 668 3142 719 JURIS
3202 667 3469 718 CIVILIS
4293 648 4391 718 85

755 824 1042 888 toletana
1090 845 1217 888 non
1264 828 1468 909 potes,
1506 829 1699 907 prout
1745 822 1827 885 ad
1874 828 1937 885 te
1985 821 2064 885 de
2111 821 2376 907 antiqua
2424 821 2785 907 approbata
2817 829 2880 885 et
2913 821 3223 885 hactenus
3256 820 3519 906 pacifice
3554 820 3897 885 observata
3931 820 4390 885 consuetudine

688 907 711 923 ’
756 932 1053 1018 pertinet,
1102 931 1529 1017 personaliter
1576 929 1863 1010 visitare,
1899 949 2014 993 nos
2063 928 2352 993 volentes
2400 929 2465 991 in
2514 928 2635 993 hac
2684 936 2865 1014 parte
2923 935 3056 992 tam
3103 927 3219 992 tibi
3276 948 3467 1013 quam
3515 927 3941 1010 monasteriis,
3975 926 4388 1013 prioratibuS,

756 1039 1064 1121 ecclesiis,
1099 1038 1367 1120 clericis,
1400 1037 1693 1123 personis
1742 1044 1805 1100 et
1852 1036 2009 1100 locis
2059 1036 2363 1122 predictis
2411 1037 2490 1100 de
2538 1044 2900 1122 opportuno
2934 1035 3216 1099 remedio
3249 1035 3607 1121 providere,
3641 1042 4016 1119 tuamquam
4048 1056 4390 1121 personam

759 1146 941 1211 nobis
989 1146 1069 1211 ob
1118 1152 1372 1208 tuorum
1420 1143 1819 1229 exigentiam
1862 1143 2237 1207 meritorum
2287 1150 2637 1229 acceptam,
2674 1142 2837 1205 alias
2883 1142 3106 1206 favore
3152 1141 3457 1228 prosequi
3489 1142 3696 1226 gratie
3728 1142 4046 1228 specialis,
4079 1142 4206 1205 tuis
4237 1164 4388 1228 sup-

755 1252 1210 1338 plicationibus
1258 1251 1568 1334 inclinati,
1602 1258 1675 1314 ut
1720 1250 2029 1336 quamdiu
2075 1250 2247 1337 apud
2298 1249 2529 1315 Sedem
2577 1249 2890 1331 eamdem,
2925 1249 3027 1314 vel
3077 1249 3233 1313 alibi
3279 1249 3358 1313 de
3406 1250 3606 1335 ipsius
3650 1249 3834 1314 Sedis
3867 1250 4170 1314 mandato
4204 1252 4386 1315 obse-

755 1361 922 1446 quiis
969 1359 1277 1423 institeris
1326 1358 1686 1441 antedictis,
1736 1358 2146 1440 monasteria,
2194 1358 2538 1444 prioratus,
2580 1357 2906 1439 ecclesias,
2955 1378 3263 1443 personas
3309 1364 3374 1420 et
3421 1357 3562 1421 loca
3609 1357 3897 1443 predicta
3943 1379 4059 1443 per
4104 1358 4388 1445 aliquam

755 1490 870 1533 seu
916 1467 1167 1553 aliquas
1213 1487 1520 1553 personas
1568 1466 1833 1529 idoneas
1881 1466 2173 1547 visitare,
2209 1487 2284 1529 ac
2329 1466 2578 1529 ratione
2626 1464 3009 1528 visitationis
3057 1463 3427 1549 hujusmodi
3470 1466 3954 1550 procurationes
4001 1467 4069 1529 in
4112 1467 4389 1551 pecunia

757 1586 1093 1639 numerata
1139 1573 1505 1638 moderatas
1553 1574 1838 1660 recipere
1887 1589 1952 1637 et
1999 1573 2261 1658 exigere
2319 1572 2401 1636 ab
2464 1572 2704 1636 eisdem
2766 1572 3210 1654 monasteriis,
3260 1571 3683 1658 prioratibus,
3733 1572 4058 1656 ecclesiis,
4106 1574 4386 1657 clericis,

754 1683 1044 1769 personis
1091 1688 1154 1745 et
1200 1681 1357 1745 locis
1419 1681 1636 1745 taliter
1694 1680 2004 1763 visitatis,
2055 1701 2171 1745 nec
2219 1700 2347 1744 non
2397 1701 2511 1765 per
2558 1679 2817 1743 easdem
2880 1700 3187 1764 personas
3249 1679 3561 1743 beneficia
3608 1680 4084 1762 ecclesiastica,
4135 1702 4259 1766 que
4305 1682 4387 1746 ad

753 1798 931 1855 tuam
979 1789 1385 1854 collationem
1436 1789 1682 1853 ratione
1732 1788 1883 1852 dicti
1932 1788 2490 1851 archidiaconatus
2552 1787 2875 1873 pertinere
2939 1794 3308 1869 noscuntur,
3359 1786 3687 1869 conferre,
3736 1795 3799 1851 et
3846 1796 4060 1852 cetera
4116 1811 4239 1874 que
4287 1812 4388 1854 ra-

754 1899 927 1964 tione
974 1897 1281 1983 sepedicti
1329 1896 1886 1961 archidiaconatus
1934 1894 2016 1959 ad
2064 1902 2246 1960 tuum
2293 1902 2586 1981 spectant
2634 1895 2940 1977 officium,
2988 1916 3290 1959 exercere
3338 1895 3540 1959 libere
3587 1894 3836 1976 valeas,
3881 1896 4387 1983 quibuscumque

755 2005 1092 2071 contrariis
1141 2003 1703 2068 constitutionibus
1751 2024 2160 2088 nequaquam
2209 2002 2633 2085 obstantibus,
2683 2002 3064 2066 auctoritate
3112 2001 3228 2065 tibi
3277 2002 3670 2087 presentium
3732 2001 4161 2087 indulgemus.
4209 2004 4388 2069 Nulli

756 2134 912 2198 ergo
962 2112 1220 2176 omnino
1268 2111 1599 2175 hominum
1647 2111 1838 2174 liceat
1883 2110 2048 2174 hanc
2095 2110 2403 2197 paginam
2450 2117 2665 2175 nostre
2715 2109 3143 2173 concessionis
3190 2110 3563 2195 infringere,
3597 2110 3702 2174 vel
3748 2110 3809 2174 ei
3851 2131 4012 2174 ausu
4044 2113 4386 2177 temerario

756 2220 1109 2301 contraire3
1160 2220 1213 2282 si
1262 2219 1404 2303 quis
1453 2225 1670 2283 autem
1718 2218 1837 2282 hoc
1886 2224 2205 2281 attentare
2242 2217 2722 2304 presumpserit,
2759 2217 3267 2301 indignationem
3300 2217 3754 2303 omnipotentis
3787 2217 3910 2280 Dei
3942 2239 4017 2281 ac
4049 2218 4384 2284 beatorum

755 2329 936 2393 Petri
982 2333 1047 2390 et
1091 2326 1282 2390 Pauli
1332 2326 1793 2412 Apostolorum
1839 2326 1997 2408 eius,
2047 2346 2114 2389 se
2162 2325 2414 2389 noverit
2460 2325 2885 2389 incursurum.

929 2436 1175 2500 Datum
1224 2433 1552 2515 Laterani,
1602 2433 1897 2497 kalendis
1946 2432 2322 2514 decembris,
2372 2434 2782 2518 pontificatus
2830 2433 3032 2497 nostri
3079 2453 3247 2496 anno
3295 2432 3522 2519 primo.

2486 2753 2671 2817 LIII.

2213 2969 2406 3050 1305,
2455 2968 2543 3030 30
2588 2967 2935 3031 decembri&

966 3183 1071 3247 Ex
1119 3182 1404 3247 Archivo
1449 3182 1627 3246 Max.
1676 3182 1864 3264 bon.,
1915 3182 1981 3245 in
2028 3181 2513 3246 Memorialibus
2562 3181 2891 3267 Aymerici
2940 3182 3207 3264 Grandi,
3256 3204 3359 3245 an.
3409 3182 3758 3263 MCCCV.,
3808 3203 3937 3247 car.
3989 3186 4065 3246 31
4122 3205 4182 3246 v.

931 3397 1276 3461 Millesimo
1326 3396 1774 3461 trecentesimo
1824 3404 2029 3477 sextO,
2080 3395 2427 3460 indictione
2475 3403 2726 3481 quarta,
2777 3396 2879 3460 die
2928 3396 3258 3481 trigesimo
3305 3396 3680 3460 decembris

929 3512 1034 3581 (Π
1055 3504 1370 3568 Dominus
1416 3502 1735 3566 Martinus
1783 3502 1863 3566 de
1913 3502 2290 3566 Sullimanis
2339 3503 2562 3568 doctor
2611 3503 2848 3589 legum,
2883 3503 2962 3567 de
3011 3503 3263 3589 capella
3310 3503 3515 3568 sancti
3563 3503 3954 3588 Geminianj,
3989 3504 4146 3568 civis
4185 3505 4384 3571 bono·

752 3613 1010 3695 niensis,
1048 3634 1241 3677 sanus
1289 3635 1405 3699 per
1452 3612 1692 3677 Christi
1738 3611 2018 3697 gratiam
2064 3618 2298 3693 mente,
2346 3618 2411 3675 et
2457 3633 2674 3694 sensu,
2721 3613 3015 3697 quamvis
3063 3633 3217 3697 eger
3263 3633 3550 3698 corpore,
3599 3612 3823 3676 nolens
3864 3612 4173 3676 decedere
4221 3614 4383 3678 inte-

754 3729 958 3785 status
992 3742 1185 3806 super
1209 3720 1625 3806 dispositione
1659 3720 1941 3782 omnium
1975 3740 2237 3782 suorum
2272 3718 2606 3801 bonorum,
2632 3740 2898 3805 presens
2933 3719 3439 3805 nuncupativum
3471 3725 3927 3783 testamentum
3959 3720 4096 3783 sine
4130 3721 4383 3807 scriptis

753 3828 1037 3895 condidit
1083 3828 1149 3892 in
1197 3827 1366 3893 hunc
1415 3826 1710 3892 modum:
1760 3826 1980 3892 Primo
2032 3825 2288 3912 quidem
2338 3826 2598 3912 reliquit
2644 3826 2722 3891 de
2771 3827 2957 3891 bonis
2991 3827 3122 3891 suis
3154 3848 3271 3914 pro
3305 3827 3520 3891 anima
3553 3847 3698 3909 sua,
3734 3832 3799 3890 et
3829 3827 4034 3913 patris
4068 3835 4132 3892 et
4161 3829 4385 3893 matris

752 3959 887 4019 suc,
923 3945 986 4001 et
1033 3936 1355 4022 quondam
1403 3935 1659 4000 domine
1705 3934 2007 3999 Bolnixie
2056 3935 2276 3998 uxoris
2326 3956 2438 3998 sue
2481 3941 2803 4000 trecentas
2836 3934 3036 3998 libras
3069 3936 3574 4016 bononenorum,
3608 3934 3687 3997 de
3722 3935 3952 4019 quibus
3986 3935 4127 3998 dari
4159 3937 4382 4020 voluit,

753 4052 817 4109 et
863 4044 1193 4108 mandavit
1239 4042 1527 4127 Johannj
1576 4042 1655 4106 de
1705 4042 2072 4127 Solomona,
2122 4044 2226 4108 vel
2272 4045 2413 4129 ejus
2460 4042 2835 4125 heredibuS,
2885 4050 2997 4106 aut
3042 4065 3159 4128 pro
3208 4043 3425 4107 anima
3471 4065 3623 4127 sua,
3671 4045 3726 4108 si
3773 4045 3959 4109 heres
4006 4066 4134 4109 non
4181 4066 4382 4130 appa-

754 4159 942 4234 reret,
985 4150 1323 4215 duodecim
1371 4151 1569 4214 libras
1614 4151 2120 4216 bononenorum.
2169 4151 2337 4216 Item
2383 4151 2523 4215 dari
2569 4151 2775 4217 voluit
2822 4151 3168 4237 Aymerico
3216 4151 3347 4216 filio
3395 4152 3719 4237 quondam
3765 4153 4018 4217 Alberti
4069 4153 4384 4239 Speciarij

750 4260 829 4323 de
876 4258 1083 4343 Regio
1132 4258 1355 4322 decem
1400 4249 1601 4322 libras
1648 4258 2168 4342 bononenorum,
2219 4281 2379 4344 quas
2427 4259 2487 4323 ei
2535 4258 2813 4323 debebat
2859 4259 3031 4322 ultra
3078 4259 3177 4341 id,
3228 4259 3397 4344 quod
3446 4260 3822 4325 Dominicus
3869 4260 4187 4324 Thebaldi
4235 4262 4381 4325 reli-

751 4367 887 4452 quit
935 4365 1057 4429 sibi
1106 4365 1168 4429 in
1216 4387 1332 4430 suo
1380 4372 1788 4430 testamento,
1840 4367 2005 4431 Item
2056 4367 2196 4430 dari
2242 4367 2448 4430 voluit
2494 4366 2761 4431 ecclesie
2809 4368 3014 4430 sancti
3052 4366 3359 4452 Prosperi
3390 4367 3468 4431 de
3501 4367 3843 4453 Argellata
3876 4374 4153 4453 quatuor
4182 4369 4381 4432 libras

749 4473 1255 4554 bononenorum,
1284 4493 1444 4558 quas
1492 4472 1656 4536 dixit
1703 4495 1771 4536 se
1821 4473 2054 4537 debere
2104 4473 2271 4538 dicte
2319 4474 2609 4555 ecclesie,
2644 4481 2715 4537 ut
2762 4473 3086 4556 credebat,
3121 4481 3337 4537 tamen
3387 4496 3513 4538 non
3560 4483 3700 4539 erat
3747 4475 3909 4538 bene
3950 4483 4182 4539 certus.
4217 4476 4384 4541 Item

750 4580 891 4644 dari
922 4580 1125 4646 voluit
1159 4580 1520 4644 Thomaxio
1552 4580 1685 4644 filio
1720 4581 2045 4665 quondam
2078 4581 2295 4644 fratris
2330 4580 2605 4646 Gerardi
2651 4581 2921 4666 triginta
2968 4581 3168 4645 libras
3214 4581 3720 4664 bononenorum,
3753 4582 4137 4647 includendo
4180 4583 4244 4646 in
4292 4585 4384 4648 eis

750 4687 1049 4773 quicquid
1100 4687 1224 4771 sibj
1282 4687 1546 4751 deberet
1601 4709 1684 4750 ex
1747 4709 2151 4773 quacumque
2214 4709 2430 4752 causa.
2479 4688 2645 4752 Item
2709 4688 2850 4752 dari
2911 4689 3117 4752 voluit
3177 4688 3571 4754 Francischo
3632 4689 3765 4754 filio
3828 4689 4046 4753 fratris
4109 4688 4387 4754 Gerardi

752 4795 1033 4881 quinque
1081 4794 1280 4858 libras
1327 4794 1833 4876 bononenorum,
1870 4795 2255 4860 includendo
2298 4796 2363 4859 in
2409 4796 2502 4859 eis
2551 4795 2856 4881 quicquid
2902 4795 3026 4880 sibj
3076 4795 3340 4860 deberet
3386 4817 3470 4859 ex
3518 4816 3921 4881 quacumque
3969 4817 4185 4861 causa.
4219 4795 4386 4860 Item

751 4902 890 4966 dari
924 4901 1126 4965 voluit
1160 4901 1362 4965 sorori
1395 4900 1439 4965 J
1443 4902 1663 4982 acobe,
1698 4902 1827 4965 filie
1862 4902 2189 4987 quondam
2219 4902 2436 4966 fratris
2472 4902 2772 4987 Gerardj,
2816 4903 3097 4988 quinque
3132 4902 3330 4966 libras
3361 4903 3866 4986 bononenorum,
3895 4903 4280 4968 includendo
4312 4904 4379 4967 in

749 5010 840 5074 eis
875 5009 1176 5095 quicquid
1210 5008 1332 5071 sibi
1383 5008 1647 5072 deberet
1678 5031 1758 5072 ex
1795 5031 2199 5094 quacumque
2233 5030 2448 5074 causa.
2483 5009 2648 5073 Item
2698 5009 2839 5073 dari
2885 5011 3090 5075 voluit
3136 5010 3322 5073 fratri
3368 5009 3757 5075 Homobono
3804 5010 3883 5074 de
3931 5010 4174 5075 Ordine
4221 5010 4381 5075 Fra-

747 5122 917 5180 trum
963 5114 1453 5178 Predicatorum
1501 5116 1782 5200 quinque
1832 5116 2028 5179 libras
2062 5116 2566 5181 bononenorum.
2601 5115 2768 5180 Item
2816 5116 2957 5180 dari
3000 5116 3206 5180 voluit
3252 5116 3520 5181 ecclesie
3568 5117 3773 5181 sancti
3821 5116 4192 5201 Geminianj
4239 5139 4382 5202 pre-

747 5223 915 5287 dicte
963 5223 1244 5309 quinque
1290 5222 1490 5286 libras
1538 5223 2025 5287 bononenorum
2072 5224 2137 5288 in
2185 5224 2501 5288 auxilium
2533 5224 2723 5288 unius
2771 5224 2990 5289 calicis
3035 5224 3309 5288 emendi.
3353 5224 3519 5288 Item
3562 5224 3703 5288 dari
3749 5231 3814 5289 et
3850 5224 4149 5288 satisfieri
4178 5225 4385 5290 voluit

746 5330 826 5395 de
873 5330 1045 5394 dicta
1091 5351 1342 5393 summa
1389 5331 1718 5413 omnibus,
1770 5353 2040 5416 quorum
2091 5353 2239 5396 eum
2301 5353 2441 5396 esse
2503 5331 2861 5396 debitorem
2918 5332 3340 5417 probabiliter
3400 5332 3760 5418 apparebit.
3808 5331 4165 5396 Residuum
4226 5355 4381 5397 vero

744 5437 947 5502 voluit
994 5444 1057 5501 et
1105 5436 1290 5500 iussit
1338 5436 1636 5502 distribui
1682 5439 1745 5501 in
1794 5439 1935 5524 pios
1985 5460 2137 5502 usus
2184 5445 2249 5503 et
2288 5439 2511 5504 circha
2558 5438 2752 5502 funus
2800 5446 2865 5503 et
2920 5439 3318 5525 sepulturam
3374 5460 3594 5521 suam,
3644 5460 3839 5524 quam
3901 5438 4125 5525 ellegit
4181 5461 4382 5525 penes

745 5544 1083 5610 ecclesiam
1129 5543 1434 5608 Fratrum
1479 5545 1969 5611 Predicatorum
2020 5545 2099 5609 de
2146 5545 2463 5628 Bononia,
2497 5546 2724 5610 iubens
2765 5567 2910 5610 eam
2956 5546 3116 5628 fleri,
3165 5554 3230 5610 et
3276 5547 3342 5610 in
3389 5567 3467 5611 ea
3514 5546 3778 5632 inpendi
3823 5546 3961 5610 sine
4009 5546 4229 5632 aliqua
4276 5569 4382 5611 su-

744 5652 1105 5738 perfluitate
1154 5652 1409 5718 innanis
1457 5652 1683 5738 glorie.
1732 5652 1900 5717 Item
1946 5653 2231 5739 relliquit
2284 5653 2422 5717 iure
2485 5653 2804 5739 prelegati
2867 5653 3126 5719 domino
3187 5654 3397 5719 Paulo
3457 5653 3704 5719 doctori
3749 5654 3988 5740 legum,
4036 5656 4178 5739 ejus
4225 5654 4378 5737 filio,

743 5759 943 5824 libros
989 5760 1256 5845 legales,
1304 5782 1465 5846 quos
1511 5760 1728 5842 habet,
1779 5760 2026 5825 scilicet
2073 5760 2395 5844 Codicem,
2442 5760 2788 5847 Digestum
2834 5767 3041 5845 vetus,
3080 5762 3424 5848 Digestum
3475 5783 3734 5844 novum,
3768 5762 4202 5843 Infortiatum‚
4244 5761 4381 5826 Au-

742 5867 1049 5930 tenticum
1096 5874 1160 5931 et
1205 5875 1336 5931 tres
1386 5867 1584 5932 libros
1632 5867 1889 5950 codicia,
1939 5875 2003 5931 et
2053 5868 2356 5954 quicquid
2402 5868 2639 5933 mobile
2685 5868 2792 5932 vel
2839 5868 3163 5933 immobile
3210 5867 3333 5932 sibi
3380 5868 3722 5954 acquisivit
3768 5875 3833 5934 et
3879 5876 4075 5933 tenet.
4125 5869 4377 5933 Jubens

743 5973 824 6056 ei,
872 5981 943 6038 ut
988 5975 1299 6061 suscipiat
1342 5996 1460 6060 pro
1510 5997 1587 6040 eo
1634 5974 1843 6038 honus
1889 5975 2150 6060 legendj
2200 5975 2266 6038 in
2314 5976 2505 6041 scolis
2552 5997 2756 6061 usque
2821 5976 2904 6039 ad
2967 5977 3333 6062 proximum
3379 5976 3735 6041 vestumO)
3768 5976 3973 6040 sancti
4020 5975 4378 6041 Michaelis.

744 6080 909 6145 Item
958 6081 1217 6167 reliquit
1264 6081 1325 6146 ei
1371 6082 1592 6148 doctes
1641 6082 1862 6146 uxoris
1911 6104 2047 6166 sue,
2082 6104 2203 6169 que
2253 6083 2514 6148 fuerunt
2559 6090 2818 6149 centum
2866 6083 3334 6169 quinquaginta
3383 6083 3693 6147 librarum
3740 6084 4245 6149 bononenorum.
4294 6082 4381 6147 Et

742 6189 797 6252 si
844 6197 1232 6275 apparerent
1279 6190 1498 6275 aliqua
1546 6189 1995 6272 instrumenta,
2045 6212 2318 6276 quorum
2367 6192 2702 6256 occasione
2749 6191 3076 6255 videretur
3123 6212 3270 6254 eum
3317 6191 3422 6254 vel
3469 6212 3738 6256 uxorem
3784 6212 3968 6255 suam
4016 6199 4129 6255 aut
4183 6190 4379 6254 aliam

741 6317 1084 6383 personam
1125 6298 1233 6382 jus
1280 6298 1520 6363 habero
1557 6298 1619 6361 in
1652 6298 1912 6384 podere,
1941 6298 2109 6384 quod
2143 6298 2265 6362 fuit
2294 6298 2476 6363 Petri
2507 6297 2845 6384 Maranisij
2879 6306 2942 6363 et
2974 6305 3072 6363 est
3099 6300 3292 6384 juxta
3326 6298 3655 6385 Sapinam,
3691 6299 4028 6365 occasione
4060 6297 4378 6364 dictarum

899 6530 978 6596 (1)
1017 6529 1122 6582 sie.
