5542 7775
1253 604 1406 675 330

1932 884 2325 950 MCGXCII.

1246 1098 1423 1184 Mag.
1473 1099 1686 1164 Adam
1733 1098 1974 1163 domini
2024 1098 2385 1180 Gualfredi,
2420 1098 2690 1163 clericus
2728 1098 3015 1186 episcopi

1462 1206 1918 1270 dunelmensis.

1246 1313 1423 1398 Mag.
1471 1312 1856 1399 Aymerieus
1906 1312 2251 1398 Sanglerii,
2295 1312 2786 1377 archidiaconus
2833 1312 3014 1398 bajo-

1458 1441 1686 1484 censis.

1244 1526 1422 1614 Mag.
1472 1527 1781 1593 Albertus
1830 1526 2073 1592 domini
2119 1526 2456 1591 Bonacose
2503 1526 2583 1590 de
2630 1526 2957 1592 Matelica.

1244 1634 1327 1700 D.
1378 1635 1685 1699 Albertus
1730 1634 2078 1721 papiensis,

1243 1741 1327 1807 D.
1377 1742 1688 1806 Alfonsus
1735 1740 2021 1816 Martini,
2071 1740 2562 1805 archidiaconus
2609 1741 2954 1806 alavensis.

1243 1849 1328 1915 D.
1377 1850 1760 1915 Ambrosius
1807 1850 1886 1914 de
1933 1849 2322 1914 Mediolano.

1243 1956 1419 2042 Mag.
1470 1957 1766 2021 Andreas
1814 1955 2066 2021 Calveti
2114 1955 2194 2019 de
2240 1954 2615 2020 Ebroduno.

1242 2064 1324 2129 D.
1377 2063 1695 2144 Andreae,
1745 2072 1969 2128 cantor
2013 2062 2415 2127 varidiensis.

1242 2170 1326 2236 D.
1377 2170 1672 2235 Andreas
1720 2171 1800 2234 de
1848 2169 2128 2251 Nivella,
2178 2169 2522 2233 leodiensis
2568 2169 2862 2234 diocesis.

1242 2277 1326 2342 D.
1374 2276 1669 2363 Angelus
1714 2275 1794 2340 de
1842 2275 2133 2340 Musellis
2181 2276 2259 2339 de
2306 2275 2537 2341 Roma.

1241 2384 1325 2449 D.
1374 2384 1723 2450 Anselmus
1772 2383 1851 2447 de
1900 2382 2187 2447 Duricia.

1242 2492 1326 2557 D.
1376 2491 1724 2555 Anselmus
1772 2490 1850 2554 de
1901 2489 2221 2572 Dnr[i]cia
2268 2488 2347 2553 de
2392 2488 2726 2553 LucdunO.

1240 2599 1416 2684 Mag.
1467 2599 1790 2664 Antonius
1838 2598 2007 2661 filius
2054 2597 2142 2661 M.
2192 2597 2463 2660 Matthei
2513 2597 2591 2660 de
2639 2595 2888 2659 Padua.

1240 2707 1323 2772 D.
1374 2705 1702 2770 Arnaldus
1751 2706 1830 2769 de
1877 2705 2199 2790 Pergamo
2246 2704 2418 2767 filius
2481 2703 2723 2767 domini
2780 2702 3010 2767 Fucini

1455 2812 1533 2877 de
1583 2812 1901 2876 Bonfatis.

1239 2920 1324 2986 D.
1372 2919 1741 3001 Assensius,
1791 2919 2137 2983 canonieus
2184 2917 2580 3004 pitaviensis.

1239 3026 1325 3092 D.
1371 3027 1538 3091 Aeto
1587 3026 1666 3089 de
1715 3026 1991 3090 Terane.

1239 3134 1324 3200 D.
1372 3133 1736 3197 Baldredus
1784 3134 2017 3214 Bister,
2066 3141 2300 3197 scotus.

1240 3241 1415 3327 Mag.
1464 3241 1793 3305 Beltrame
1843 3241 2168 3326 quondam
2216 3239 2473 3324 Morigi.

1238 3348 1322 3413 D.
1369 3348 1748 3412 Bertramus
1798 3347 2242 3434 Christophori
2292 3346 2370 3410 de
2418 3345 2776 3410 Avenione.

1239 3456 1321 3521 D.
1369 3456 1772 3520 Bertrandus
1820 3454 2264 3541 Ermengaldi‚
2316 3452 2811 3518 catelaunensis.

1237 3564 1321 3629 D.
1348 3563 1583 3627 Bertus
1618 3563 1695 3627 de
1725 3562 2180 3645 Castroveteri,
2209 3562 2555 3626 eanonicus
2589 3558 3011 3624 navariensis.

1238 3672 1321 3737 D.
1368 3670 1762 3734 Benedictus
1809 3669 1888 3734 de
1940 3669 2324 3750 Sanervilla,
2360 3669 2535 3755 prior
2581 3667 2660 3731 de
2705 3667 3009 3731 Linssona.

1237 3781 1321 3846 D.
1369 3778 1746 3843 Bonifacius
1817 3777 1896 3842 de
1968 3777 2432 3858 CochanaehO,
2501 3798 2698 3863 nepos
2768 3774 3012 3839 domini

1448 3888 1679 3952 Uberti
1745 3888 1824 3952 de
1889 3888 2203 3954 Cotenato
2228 3881 2337 3969 ’(1),
2391 3884 2739 3951 cardinalis
2805 3883 3013 3949 saneti

1450 3995 1808 4060 Eustachii.

1237 4104 1320 4170 D.
1370 4103 1768 4185 Bonifaeius,
1802 4103 2168 4188 prepositus
2202 4102 2549 4187 opoliensis
2598 4100 2663 4165 in
2714 4100 3010 4165 Polonia.

1235 4212 1319 4277 D.
1367 4211 1615 4275 Busino
1663 4209 2039 4274 Jacobuccii
2086 4210 2164 4273 de
2213 4209 2559 4273 Fabriano.

1234 4319 1317 4384 D.
1377 4318 1586 4382 Dinus
1657 4317 1898 4380 domini
1968 4316 2199 4381 Jacobi
2270 4316 2349 4379 de
2416 4315 2738 4397 Musello,
2789 4314 3012 4379 doctor

1454 4426 1694 4509 legum.
2517 4498 2533 4515 ⁶

1234 4533 1317 4598 D.
1364 4531 1637 4618 Egidius
1672 4530 2014 4611 Dominiei,
2051 4529 2539 4593 archidiaconus
2573 4528 3008 4615 ripasolensis.

1234 4640 1318 4707 D.
1366 4639 1754 4704 Franciscus
1803 4637 2076 4718 Vascus,
2127 4638 2472 4702 canonieus
2519 4636 2813 4700 astensiS.

1225 4747 1308 4812 D.
1357 4745 1741 4811 Frenandus
1791 4744 2069 4809 Alfonsi.

1233 4854 1318 4920 D.
1367 4854 1690 4938 Georgius
1737 4852 1816 4916 de
1868 4852 2165 4932 Sollerio,
2210 4851 2558 4915 canonicus
2604 4849 2975 4936 yponensis.

1232 4966 1312 5031 D.
1368 4964 1697 5030 Gerardns
1732 4963 1810 5027 de
1846 4961 2248 5043 CornazanO,
2282 4959 2562 5024 vicarius
2601 4958 2845 5023 domini
2877 4957 3010 5044 epi-

1449 5072 1630 5158 scopi
1676 5068 2111 5135 bononiensis.

1233 5181 1315 5245 D.
1368 5178 1698 5244 Gerardus
1748 5178 1826 5241 de
1876 5176 2154 5241 Juliaco.

1233 5287 1316 5352 D.
1353 5286 1683 5351 Gerardus
1717 5285 1796 5348 de
1834 5284 2073 5347 Sancta
2103 5282 2327 5363 Cruce,
2354 5280 2524 5343 filius
2550 5278 2794 5344 domini
2827 5277 3009 5342 Guil-

1449 5394 1625 5457 lelmi
1672 5393 1750 5456 de
1799 5391 2067 5471 Figiaeo
2117 5389 2531 5453 caturcensis.

1231 5503 1315 5568 D.
1368 5502 1698 5566 Gerardus
1748 5501 1828 5564 de
1876 5498 2327 5563 Montecucoli.

1230 5609 1316 5675 D.
1368 5608 1723 5673 Gervasius
1770 5607 1850 5671 de
1900 5606 2257 5669 Maurenia.

1231 5716 1316 5781 D.
1367 5715 1580 5780 Gezns
1633 5714 1821 5778 Gucii
1870 5713 1947 5776 de
1996 5712 2306 5798 MugeIIO.

1231 5824 1318 5890 D.
1369 5823 1581 5889 Guido
1629 5823 1799 5885 filius
1848 5821 2141 5906 magistri
2181 5819 2503 5884 Bernardi
2536 5818 2614 5882 de
2649 5816 3005 5881 Cisterona.

1231 5931 1316 5996 D.
1367 5931 1755 5995 Gnillelmus
1804 5928 1882 5993 de
1931 5927 2286 6009 Petralata,
2323 5927 2726 5990 decretorum
2759 5923 3005 6005 doctor,

1450 6038 1806 6103 monachus
1856 6036 1934 6100 de
1980 6036 2334 6119 Lejavane.

1230 6146 1314 6211 D.
1365 6145 1755 6211 Guillelmus
1803 6145 1882 6208 de
1928 6143 2299 6224 Villanova,
2336 6140 2682 6205 canonieus
2729 6136 3005 6201 barcilo-

1445 6253 1683 6318 nensis.

1355 6485 1435 6549 (1)
1477 6484 1583 6535 Sic.

2633 621 3061 673 SGHOLARRS
3115 621 3524 673 ILLUSTRES

3142 775 3224 842 D.
3254 775 3641 841 Guillelmus
3674 777 3753 841 de
3777 778 4052 860 Lucxia,
4079 778 4425 844 canonieus
4458 779 4907 848 cabilonensis.

3140 883 3225 948 D.
3276 883 3662 948 Guillelmus
3697 884 3775 949 de
3810 885 4158 968 Cornubia,
4192 885 4597 951 decretorum
4627 887 4869 954 doctor.

3140 989 3225 1056 D.
3276 990 3662 1056 Gnillelmus
3711 991 3789 1055 de
3834 991 4136 1056 Vincton.

3139 1095 3223 1162 D.
3274 1097 3662 1163 Guillelmus
3709 1098 3788 1162 de
3835 1098 4323 1184 Erghinburgh.

3141 1204 3226 1269 D.
3276 1203 3664 1270 Guillelmus
3712 1205 3791 1269 de
3839 1205 4008 1292 Bloy
4054 1205 4133 1271 de
4182 1206 4529 1271 Cornubia.

3142 1311 3226 1378 D.
3278 1311 3664 1376 Guillelmus
3712 1312 4037 1399 quondam
4083 1313 4325 1377 domini
4364 1313 4634 1377 Henriei
4667 1313 4746 1378 de
4779 1314 4906 1379 Im-

3358 1419 3498 1484 bria
3545 1419 3625 1484 de
3669 1420 3979 1485 Novaria.

3143 1524 3226 1590 D.
3255 1525 3656 1591 Guiroardus
3691 1527 4059 1609 Guiroardi‚
4094 1528 4439 1592 canonieus
4471 1528 4904 1595 bononiensis.

3141 1633 3225 1700 D.
3274 1634 3596 1700 Gurzolus
3644 1636 3886 1701 domini
3934 1636 4215 1701 Galvani
4262 1636 4342 1701 de
4391 1636 4876 1723 Stephanardis.

3140 1741 3224 1807 D.
3272 1741 3597 1808 Henrieus
3644 1743 3888 1809 domini
3934 1743 4166 1809 Jacobi
4210 1742 4369 1807 Lazi
4418 1744 4498 1808 de
4546 1743 4736 1809 Pisis.

3140 1848 3223 1916 D.
3293 1849 3618 1914 Henricus
3688 1850 4012 1936 quondam
4082 1850 4324 1914 domini
4393 1851 4756 1915 Hermanni
4825 1850 4906 1917 de

3353 1956 3617 2042 Mdeng.
3667 1957 3747 2021 de
3797 1957 4165 2022 Alamania.

3138 2062 3222 2128 D.
3271 2064 3470 2148 Hugo
3520 2063 3735 2148 Sayne
3784 2064 3862 2128 de
3912 2064 4211 2128 Turonis.

3139 2169 3222 2236 D.
3269 2170 3469 2257 Hugo
3518 2171 3764 2235 Tanen.
3813 2171 3981 2235 filius
4029 2171 4270 2235 domini
4318 2170 4640 2255 Hugonis.

3139 2277 3222 2342 D.
3271 2278 3469 2363 Hugo
3517 2277 3596 2342 de
3646 2278 4164 2360 Cambuchaeho,
4212 2277 4437 2342 doctor
4483 2277 4722 2362 legum.

3136 2383 3220 2449 D.
3269 2384 3554 2449 Jacobus
3599 2385 3865 2449 Martini
3902 2385 3981 2449 de
4015 2383 4380 2470 Hungaria,
4416 2384 4906 2449 archidiaconus

3353 2492 3843 2576 mingradensis.

3137 2597 3221 2663 D.
3270 2599 3577 2680 Jacobns,
3629 2600 4070 2663 thesaurarius
4119 2598 4603 2684 gallavatensis.

3140 2705 3222 2772 D.
3271 2704 3556 2769 Jacobus
3603 2705 3773 2770 filius
3820 2705 4061 2770 domini
4109 2705 4381 2770 Matthei
4429 2704 4603 2787 Ursi,
4646 2703 4906 2768 thesau-

3355 2813 3563 2876 rarius
3611 2812 4012 2877 salamensis.

3139 2919 3314 3003 Mag.
3362 2918 3697 2983 Johannes
3760 2919 3840 2983 de
3902 2918 4129 2984 Castro
4177 2918 4509 3004 Arquato,
4559 2918 4912 2983 canonicus

3354 3025 3802 3089 belluacensis.

3137 3133 3312 3216 Mag.
3347 3132 3679 3196 Johannes
3726 3131 3805 3196 de
3853 3131 4084 3213 Boera,
4135 3132 4499 3218 prepositus
4547 3131 4679 3195 divi
4731 3131 4912 3195 Mar·

3353 3240 3472 3304 tini
3522 3239 3908 3303 turonensis.

3139 3347 3314 3432 Mag.
3365 3347 3698 3411 Johannes
3746 3345 3825 3411 de
3873 3346 4211 3411 Atrebato.

3140 3455 3316 3540 Mag.
3366 3455 3700 3519 Johannes
3749 3453 4042 3539 magistri
4087 3453 4404 3539 Raguelis
4450 3453 4530 3517 de
4577 3452 4888 3537 Agleriis.

3140 3561 3223 3626 D.
3272 3561 3314 3626 J
3320 3562 3606 3626 ohannes
3641 3560 3945 3646 Philippi,
3980 3559 4148 3624 filius
4182 3561 4473 3647 magistri
4507 3559 4791 3646 Philippi
4826 3558 4914 3625 de

3350 3667 3722 3732 EbredunO.

3138 3774 3219 3839 D.
3247 3775 3290 3840 J
3294 3775 3580 3839 ohannes
3613 3775 3935 3856 Monterii,
3961 3774 4308 3838 canonicus
4340 3774 4912 3860 compostellanus.

3140 3881 3221 3948 D.
3270 3881 3605 3948 Johannes
3654 3881 3958 3968 Gaytani,
4007 3882 4355 3946 eanonicus
4400 3880 4794 3968 parisiensis.

3137 3990 3221 4055 D.
3270 3992 3604 4055 Johannes
3650 3988 4023 4072 Michaelis,
4073 3990 4420 4054 canonicus
4470 3990 4912 4054 asssurieensis.

3138 4098 3223 4163 D.
3272 4100 3606 4163 Johannes
3653 4098 3732 4161 de
3776 4096 4076 4162 Divione.

3138 4206 3222 4270 D.
3271 4208 3605 4272 Johannes
3653 4205 3732 4270 de
3781 4206 4128 4270 Pontitlea.

3138 4314 3220 4380 D.
3270 4315 3604 4378 Johannes
3653 4313 3731 4376 de
3780 4313 4025 4395 Musca,
4075 4312 4457 4375 atrincensis
4504 4312 4794 4376 diocesis.

3137 4421 3219 4485 D.
3270 4422 3604 4486 ,Iohannes
3651 4420 3939 4506 Philippi
3985 4421 4064 4484 de
4111 4418 4483 4483 EbrednnO.

3137 4527 3219 4591 D.
3267 4528 3599 4592 Johannes
3642 4528 3722 4592 de
3756 4526 4272 4612 Gangesbergh.,
4306 4525 4475 4589 filius
4508 4524 4749 4589 domini
4781 4523 4910 4589 Co-

3353 4635 3515 4699 radi.

3137 4744 3218 4807 D.
3270 4743 3606 4807 Johannes
3655 4741 3734 4804 de
3781 4740 4125 4825 Magonza.

3138 4851 3220 4915 D.
3270 4851 3310 4914 ,J
3318 4851 3627 4931 ohannes,
3655 4848 3944 4913 canonic.
3979 4847 4151 4912 tituli
4201 4847 4562 4912 s.Mareelli
4594 4847 4673 4911 de
4705 4846 4913 4911 Urbe.

3137 4958 3220 5022 D.
3269 4956 3605 5021 Johannes
3669 4954 3953 5020 Saecutii
3998 4954 4130 5038 [de]
4188 4954 4579 5020 Bonacursis
4639 4953 4718 5018 de
4781 4952 4914 5017 Fa-

3353 5064 3602 5128 briano.

3138 5172 3219 5236 D.
3269 5171 3604 5235 Johannes
3651 5169 3730 5233 de
3779 5169 4099 5251 Asellera,
4144 5170 4491 5233 eanonicus
4540 5168 4620 5233 de
4665 5168 4914 5233 Bosan.

3139 5279 3220 5343 D.
3271 5279 3604 5343 Johannes
3653 5278 3731 5341 de
3779 5276 4046 5361 Anglia.

3137 5387 3219 5452 D.
3270 5386 3312 5450 J
3317 5386 3603 5449 ohannes
3642 5385 3722 5448 de
3757 5382 4068 5465 Geeham,
4103 5383 4455 5447 monachus
4488 5383 4692 5447 sancti
4730 5381 4922 5446 Petri

3351 5492 3814 5557 lincolniensis.

3134 5601 3218 5665 D.
3265 5601 3652 5664 Lambertus
3700 5598 3944 5663 domini
3990 5598 4185 5661 Zanis
4233 5597 4311 5661 de
4357 5597 4666 5662 Peruxio.

3135 5708 3311 5792 Mag.
3360 5707 3625 5771 Landus
3671 5706 3750 5769 de
3798 5704 4085 5770 Castello
4135 5703 4366 5769 Castri.

3135 5815 3310 5901 Mag.
3359 5813 3785 5899 Landnlphus
3832 5812 3911 5875 de
3961 5812 4298 5895 Columna,
4332 5812 4676 5876 eanonicus
4719 5831 4918 5874 seno-

3352 5942 3589 5985 nensis.

3134 6028 3309 6109 Mag.
3359 6025 3749 6091 Laurentius
3796 6024 4131 6089 Johannes
4180 6024 4258 6088 de
4308 6024 4583 6088 Civitate
4631 6023 4845 6089 Nova.

3133 6136 3215 6200 D.
3269 6137 3524 6199 Marcus
3571 6133 3650 6197 de
3697 6139 3923 6196 saneta
3970 6132 4289 6218 Eugenia,
4323 6132 4594 6196 sacrista
4626 6131 4920 6197 barcilo-

3351 6262 3587 6306 nens1s.
