5542 7775
1584 581 2045 631 SPEOTANTIA
2105 581 2204 630 An
2264 579 2778 631 Pnofnssonns
2834 579 3045 630 aunis
3102 579 3367 629 ownas
4183 558 4280 628 23

656 736 933 822 strisque
981 736 1458 801 successoribus
1505 734 1829 822 promitto,
1863 733 1949 798 Et
1982 736 2243 821 insuper
2274 736 2395 799 hoc
2429 734 2816 800 venditionis
2852 734 3364 816 instrumentum,
3399 740 3469 797 ut
3503 754 3697 820 supra
3745 732 4001 818 legitur,
4037 754 4290 820 semper

657 844 1101 930 incorruptum
1146 849 1366 907 tenere
1415 842 1722 929 spondeo.

836 951 1076 1015 Actum
1123 951 1189 1014 in
1237 949 1478 1014 Guaita
1521 949 1978 1032 Marchixana,
2028 949 2374 1013 indictione
2422 948 2704 1012 secunda
2749 948 3060 1033 predicta.

830 1057 1294 1123 Prenominata
1340 1056 1600 1122 domina
1648 1057 1890 1142 Agnes,
1924 1064 2223 1143 presente
2271 1062 2335 1120 et
2368 1054 2808 1120 consentiente
2855 1055 2991 1119 viro
3024 1077 3161 1137 su0,
3194 1055 3316 1120 hoc
3351 1054 3736 1119 venditionis
3770 1054 4285 1137 instrumentum,

654 1173 726 1230 ut
773 1186 970 1252 supra
1015 1165 1274 1250 legitur,
1324 1163 1603 1228 scribere
1650 1164 1923 1247 rogavit.

834 1271 1183 1336 Rainerius
1231 1270 1310 1335 de
1357 1269 1643 1334 Michola
1689 1269 1950 1351 invest„
1984 1270 2025 1333 J
2032 1270 2319 1333 ohannes
2366 1269 2445 1333 de
2494 1268 2891 1354 Calcagnile,
2926 1269 3274 1334 Gnidottus
3307 1267 3385 1332 de
3416 1268 3745 1350 Visconte,
3778 1267 4010 1331 Petrus
4048 1267 4110 1331 N
4114 1267 4287 1331 uvilo

658 1402 730 1444 ro
780 1380 870 1444 ati
916 1387 1135 1444 testes.

734 1401 778 1466 g
832 1486 979 1572 Ego
1024 1486 1356 1568 Albertus,
1392 1484 1795 1571 imperatoris
1836 1483 2168 1549 Frederici
2214 1484 2523 1566 notarius,
2557 1485 2679 1549 hoc
2712 1484 3099 1549 venditionis
3143 1485 3656 1565 instrumentum,
3690 1491 3761 1547 ut
3793 1503 3988 1568 supra
4030 1482 4286 1567 legitur,

656 1595 885 1681 scripsi
931 1601 996 1659 et
1038 1593 1412 1679 subscripsi.

2403 2019 2531 2083 III.

2080 2210 2090 2220 '
2137 2234 2332 2316 1177,
2380 2234 2421 2296 4
2466 2233 2812 2298 decembris.

894 2449 998 2513 Ex
1047 2449 1265 2513 codice
1314 2448 1505 2512 vatic.
1562 2450 1767 2529 1435,
1818 2469 1903 2512 ex
1950 2448 2326 2512 membrana
2373 2448 2439 2512 in
2488 2448 2598 2512 fol.
2647 2448 3019 2512 universum
3072 2446 3311 2532 Corpus
3354 2446 3529 2510 Iuris
3574 2446 3930 2511 continenti
3959 2446 4057 2512 (1).

832 2663 1203 2745 Federicus,
1253 2660 1379 2725 Dei
1425 2662 1639 2748 gratia
1685 2661 2128 2725 Romanorum
2176 2661 2561 2747 Imperator,
2608 2668 2674 2725 et
2719 2683 2976 2748 semper
3019 2661 3376 2746 Augustus.

837 2771 1102 2836 Cunctis
1147 2775 1367 2834 nostro
1417 2769 1699 2855 Imperio
1745 2768 2089 2853 subjectis,
2137 2769 2258 2833 hac
2322 2769 2582 2833 edictali
2637 2770 2783 2855 lege
2847 2769 2910 2832 in
2973 2776 3354 2855 perpetuum
3409 2770 3727 2852 valitura,
3776 2769 4179 2833 decernimus
4225 2776 4297 2832 ut

658 2876 878 2940 Judex
930 2875 1166 2958 nullus,
1214 2895 1491 2960 magnus
1536 2874 1642 2937 vel
1690 2895 1952 2960 parvus,
1999 2873 2548 2961 Archiepiscopus
2594 2896 2709 2939 seu
2753 2875 3003 2958 Abbas,
3049 2876 3154 2940 vel
3198 2876 3512 2960 Marchio,
3560 2876 3665 2940 vel
3712 2875 3964 2957 Comes,
4005 2875 4110 2938 vel
4157 2875 4295 2961 qui-

656 2983 818 3047 libet
866 2989 1083 3047 noster
1128 2981 1420 3046 Nuncius
1466 2981 1547 3046 de
1598 2981 1919 3045 sententia
1980 2980 2319 3045 diffinitiva
2381 2983 2553 3045 ultra
2607 2981 2766 3046 XII.
2815 2981 3166 3066 d[enarios]
3212 2984 3290 3048 de
3339 2984 3506 3049 libra
3552 2983 3635 3048 ab
3683 2990 3899 3047 actore
3945 2983 4050 3046 vel
4097 3004 4136 3046 a
4182 3004 4293 3047 reo

657 3091 958 3177 accipiat,
991 3089 1343 3155 secundum
1394 3089 1818 3175 quantitatem
1870 3089 1934 3153 in
1982 3089 2203 3154 libello
2249 3090 2814 3176 comprehensam:
2850 3090 2930 3154 de
2975 3092 3296 3155 sententia
3326 3113 3480 3157 vero
3512 3091 3935 3178 possessionis
3965 3090 4121 3155 VII.
4156 3089 4292 3173 d[e·

657 3196 905 3281 uarios]
954 3198 1033 3261 de
1079 3197 1284 3281 libra3
1333 3218 1458 3283 que
1500 3195 1872 3282 judicatura
1919 3196 2011 3259 sic
2057 3196 2474 3283 percipienda
2520 3204 2636 3261 est.
2686 3197 2831 3279 Ille,
2878 3198 2988 3283 qui
3033 3205 3131 3262 est
3189 3198 3399 3283 major
3438 3199 3644 3283 judex
3690 3198 3794 3262 vel
3843 3196 4291 3281 vio[ari]us(2),

660 3305 902 3369 habeat
953 3304 1400 3388 medietatem,
1449 3304 1571 3368 hoc
1618 3311 1837 3368 autem
1884 3305 1949 3367 in
1995 3303 2292 3368 civilibus
2340 3305 2586 3389 causis3
2636 3313 2703 3368 at
2756 3304 2826 3368 in
2887 3305 3356 3393 criminalibus,
3404 3305 3459 3369 si
3519 3312 3901 3392 perventum
3962 3304 4157 3369 fuerit
4211 3304 4295 3369 ad

662 3412 935 3499 pecunie
984 3411 1475 3476 estimationem.
1523 3410 1623 3475 De
1671 3411 1856 3475 bonis
1902 3417 2120 3475 autem
2184 3412 2672 3495 damnatorum,
2722 3433 2838 3476 seu
2898 3413 3404 3499 proscriptorum
3465 3413 3820 3477 secundum
3879 3412 4052 3499 quod
4110 3412 4294 3477 novis

657 3518 1227 3585 constitutionibus
1275 3526 1561 3602 cavetur,
1596 3518 1686 3583 sic
1728 3519 2033 3603 jubemus
2078 3519 2144 3582 in
2197 3519 2351 3605 ipsis
2399 3517 2749 3583 observari.
2784 3519 2886 3584 De
2934 3519 3117 3584 bonis
3163 3541 3317 3585 vero
3365 3519 3812 3585 decedentium
3856 3520 3994 3584 sine
4042 3519 4290 3603 liberis,

658 3626 762 3691 vel
809 3627 948 3691 sine
995 3632 1381 3691 testamento
1432 3625 1785 3690 secundum
1832 3625 2005 3711 quod
2050 3626 2116 3690 in
2161 3626 2415 3712 legibus
2462 3647 2876 3691 romanorum
2923 3627 3399 3715 Imperatorum
3444 3628 3767 3712 statuitur,
3816 3627 3907 3692 sic
3954 3627 4149 3691 etiam
4203 3628 4295 3692 sic

657 3741 872 3798 ratum
919 3755 1059 3797 esse
1107 3733 1470 3797 statuimus.
1521 3732 1591 3798 Si
1639 3734 1782 3818 quis
1829 3754 1983 3798 vero
2031 3734 2384 3800 miserabili
2430 3755 2703 3820 persone
2751 3734 3014 3799 fortuna
3060 3736 3549 3821 naufragiorum
3613 3734 3858 3821 aliquid
3915 3735 4292 3818 abstulerit,

656 3862 821 3930 pene
870 3841 1285 3927 antiquarum
1334 3841 1556 3927 legum
1601 3840 1956 3926 subjaceat.
2007 3840 2080 3907 Si
2125 3842 2268 3929 quis
2314 3841 2581 3906 nuntius
2614 3840 3030 3927 [nostrorum]
3072 3850 3297 3909 contra
3328 3844 3448 3909 hoc
3480 3843 3699 3929 legum
3730 3849 4042 3907 statutum
4071 3842 4294 3909 venire

656 3949 1122 4036 presumpserit
1166 3956 1232 4012 et
1284 3970 1479 4012 ausus
1528 3948 1742 4031 fuerit,
1787 3948 1940 4013 XX.
1990 3949 2134 4014 libr.
2184 3950 2439 4035 argenti
2484 3970 2650 4036 pene
2698 3950 3054 4035 subjaceat.
3103 3951 3380 4038 Insuper
3425 3973 3543 4038 pro
3589 3956 3663 4015 ut
3707 3972 3868 4015 ausa
3914 3951 3997 4015 sit
4043 3951 4292 4034 civitas,

657 4056 834 4140 Dux,
867 4056 1159 4121 Marchio
1188 4104 1203 4120 .
1233 4105 1248 4120 .
1278 4105 1293 4121 .
1325 4104 1340 4120 .
1378 4055 1824 4139 mulctandus3
1857 4056 2032 4140 quod
2065 4057 2157 4121 sic
2190 4057 2488 4121 volumus
2520 4058 2817 4144 intelligi,
2852 4058 2908 4121 si
2940 4059 3023 4122 sit
3053 4058 3303 4142 civitas,
3337 4059 3513 4142 Dux,
3544 4058 3858 4142 Marcbio,
3891 4080 4005 4123 seu
4039 4057 4289 4143 Comes,

653 4172 720 4229 et
765 4165 984 4250 aliqua
1025 4185 1266 4249 magna
1314 4185 1613 4250 persona,
1647 4164 1752 4228 vel
1800 4163 2202 4247 Vicecomes,
2242 4165 2347 4228 vel
2395 4171 2677 4229 castrum
2724 4187 3053 4252 magnum.
3090 4165 3160 4231 Si
3204 4188 3359 4232 vero
3405 4188 3609 4253 parva
3657 4188 3932 4253 persona
3978 4172 4096 4249 est,
4126 4188 4293 4253 pene

653 4272 845 4337 unius
906 4272 1172 4335 marche
1236 4271 1608 4356 subjaceat,
1656 4270 1762 4336 vel
1817 4272 2219 4357 corporalem
2279 4272 2772 4357 castigationem
2833 4273 3168 4338 sustineat.
3215 4273 3526 4339 Preterea
3573 4274 3902 4357 volumus,
3950 4279 4022 4338 ut
4077 4274 4292 4339 nullus

653 4379 696 4444 J
699 4379 874 4443 udex
920 4376 1464 4465 pe[re]mptori[o]
1512 4378 1706 4443 edicti
1744 4377 1848 4442 die
1880 4379 2266 4443 sententiam
2296 4379 2586 4465 proferre
2619 4380 2877 4475 audeat,
2910 4381 3064 4467 quia
3094 4381 3220 4445 ista
3251 4381 3388 4446 dies
3414 4381 3645 4466 judicii
3674 4387 3811 4445 tota
3842 4381 4033 4445 datur
4063 4388 4291 4448 vocato

653 4487 735 4551 ad
779 4487 1123 4571 justitiam,
1173 4488 1239 4550 ni
1288 4486 1624 4551 immineat
1670 4487 2021 4551 necessitas
2051 4487 2286 4552 'Judici
2332 4489 2666 4553 absentem
2710 4510 2966 4554 vocare.

832 4594 959 4659 Die
1008 4593 1270 4658 Domini
1320 4593 1436 4659 IV.
1489 4594 1727 4659 mensis
1773 4595 2131 4659 decembris
2178 4594 2649 4661 MCLXXVII.
2698 4595 3043 4662 indictione
3090 4597 3212 4680 X.,
3258 4597 3411 4662 data
3458 4598 3633 4684 apud
3676 4598 4053 4663 Auximum.

814 5270 891 5336 (1)
919 5268 1007 5319 Sic
1036 5268 1102 5320 de
1128 5268 1232 5320 hoc
1262 5268 1448 5320 codice
1478 5267 1811 5320 clarissimus
1837 5268 2075 5321 Sat-tius:
2097 5286 2126 5318 «
2151 5308 2164 5320 .
2189 5307 2201 5320 .
2225 5307 2237 5320 .
2261 5307 2273 5320 .
2301 5286 2419 5321 cum
2527 5272 2685 5323 semel
2720 5272 2823 5323 hac
2861 5278 2987 5323 nota
3024 5272 3469 5338 distinquuntur:
3492 5271 3789 5324 Accursius
3827 5272 4030 5324 Doctor
4063 5272 4289 5342 Legum,

652 5360 880 5412 diversis
917 5364 1108 5410 constet
1136 5357 1409 5425 partibus,
1433 5358 1647 5409 diversa
1674 5374 1840 5409 manu
1867 5360 2197 5426 conscriptis,
2221 5360 2284 5411 de
2306 5361 2420 5411 sin·
2529 5364 2585 5413 et
2623 5361 2983 5414 doctissimus.
3022 5360 3208 5427 Hujus
3240 5362 3506 5414 secundae
3541 5363 3727 5429 partis
3765 5369 4095 5429 postremum
4130 5370 4292 5431 caput

649 5450 797 5516 gulis
828 5464 1007 5515 pauca
1044 5448 1131 5499 hic
1170 5446 1479 5513 afferemus,
1506 5453 1789 5514 antequam
1828 5448 2109 5500 Fm’derici
2144 5449 2192 5501 I.
2219 5449 2423 5502 Consti·
2533 5456 2607 5501 est
2633 5450 2699 5502 de
2724 5450 3028 5520 primipilo,
3054 5454 3110 5502 et
3134 5450 3388 5519 publicae
3418 5452 3690 5517 laetitia03
3716 5453 4042 5519 additurque
4067 5453 4290 5505 rubrica

650 5539 903 5591 tutionem
957 5537 1023 5590 de
1084 5536 1353 5606 Sportulis
1394 5536 1777 5589 exscribamus.
1803 5537 2048 5605 Payinae
2082 5555 2260 5591 omnes
2295 5545 2420 5591 sunt
2530 5538 2756 5592 Codicis.

653 5631 776 5680 228.
815 5628 863 5678 A
896 5643 1025 5694 paq.
1068 5629 1097 5677 1
1138 5642 1302 5692 usqne
1339 5626 1413 5677 ad
1442 5642 1572 5693 pay.
1603 5628 1705 5678 141
1744 5628 1883 5678 idem
1922 5630 2272 5680 amanuensis
2304 5634 2417 5680 tam
2684 5629 2819 5680 Jam
2857 5646 2978 5682 vero
3015 5646 3050 5681 a
3079 5647 3210 5698 pay.
3250 5634 3357 5683 208
3395 5632 3660 5699 incipiunt
3698 5631 4131 5686 consuetudines
4171 5634 4289 5686 feu-

652 5723 851 5769 textum
898 5732 1061 5783 quam
1107 5715 1317 5782 qlossas
1353 5716 1427 5766 ad
1461 5717 1764 5781 maryinem
1797 5718 2139 5784 consempsit,
2176 5718 2423 5771 desinens
2531 5719 2721 5770 dorum
2746 5735 2867 5770 cnm
2891 5720 3172 5772 nonnullis
3198 5720 3673 5773 Constitutionibus
3697 5722 3968 5787 Locharii,
3991 5722 4288 5789 Frt’derici,

651 5809 711 5859 in
737 5813 929 5873 caput:
956 5807 1036 5859 De
1066 5807 1423 5859 sanctissimis
1450 5807 1735 5876 Episcopis
1763 5811 1818 5859 et
1843 5809 2254 5861 merentissimis
2294 5808 2417 5862 Cle·
2527 5813 2574 5858 et
2610 5808 2844 5860 Hem-ici
2879 5809 3017 5877 Imp.
3067 5809 3247 5861 Tertia
3285 5810 3415 5861 haec
3463 5811 3626 5883 velati
3665 5827 3806 5877 pars
3854 5814 4166 5864 recentioris
4213 5818 4289 5865 est

653 5896 805 5949 ricis:
845 5896 919 5946 ad
966 5897 1122 5960 cujus
1167 5896 1361 5947 calcem
1408 5896 1538 5947 haec
1582 5896 1875 5948 habentur:
1912 5897 2153 5949 Finitum
2192 5902 2275 5951 est
2311 5898 2414 5951 hoc
2523 5914 2724 5950 manus
2759 5904 2808 5950 et
2843 5900 3037 5952 aetatis
3049 5915 3073 5963 ;
3105 5916 3140 5950 a
3171 5900 3613 5967 praecedentibus
3647 5907 3826 5952 tamen
3857 5917 4060 5968 parum
4084 5903 4290 5954 distare

653 6001 789 6055 opus
827 6000 970 6036 anno
1010 5985 1229 6037 Domini
1272 5984 1785 6038 MCCLXXXXVI.
1835 5986 1967 6038 Tum
2004 5989 2245 6054 sequitur
2280 5988 2418 6040 liber
2524 5988 2750 6041 videtur.
2777 5988 3052 6040 Postrema
3079 5988 3411 6054 Constantio,
3434 6005 3572 6056 quae
3608 5990 3666 6041 in
3703 5990 3806 6041 hac
3840 5992 3998 6042 tertia
4020 5997 4183 6058 parte
4205 6007 4288 6043 oc·

652 6075 724 6128 X.
761 6075 826 6127 de
851 6075 986 6141 jure
1024 6074 1179 6127 Fisci
1192 6113 1208 6141 ,
1242 6076 1338 6127 sed
1375 6077 1619 6127 dirersae
1653 6092 1870 6142 manus,
1906 6078 2150 6144 quamvis
2186 6078 2421 6143 ejusdem
2530 6078 2722 6142 cum-it,
2749 6082 2824 6128 est
2859 6077 3140 6129 Friderici
3175 6077 3223 6130 Ῑ.
3251 6078 3420 6145 Imp„
3445 6085 3504 6130 ut
3538 6096 3712 6147 supra
3749 6081 4045 6144 innuimus,
4070 6096 4289 6147 eamque

653 6167 770 6232 sere
795 6166 1140 6231 antiquitatis
1166 6182 1275 6217 esse
1302 6166 1570 6219 videatur.
1600 6166 1837 6233 Glossae‚
1861 6183 1995 6235 quae
2021 6168 2096 6218 ad
2120 6169 2421 6233 maryinem
2528 6165 2617 6216 hic
2653 6166 2980 6218 exet-ibimus
3018 6183 3066 6220 ».

646 6261 904 6324 perpetuo
940 6255 1298 6320 adjiciuntur,
1338 6256 1588 6307 desinunt
1623 6256 1685 6307 in
1721 6263 1912 6323 caput:
1948 6255 2415 6317 Quemadmodum
2688 6256 2830 6309 Vide
2869 6256 3216 6309 Monumenta
3258 6258 3439 6310 Germ.
3479 6258 3686 6311 Hister.
3725 6258 3979 6326 (Legum,
4017 6265 4144 6311 tom.
4182 6259 4286 6327 11.,

651 6343 841 6397 munia
893 6343 1078 6395 civilia
1115 6344 1457 6397 inducantur.
1494 6343 1569 6395 Et
1605 6345 1858 6398 Accursit‘
1901 6345 2113 6412 quidem
2168 6344 2413 6411 massae,
2522 6364 2575 6416 p.
2620 6349 2720 6398 162
2735 6348 2775 6412 ),
2814 6345 2982 6398 edidit
3020 6345 3084 6397 G.
3123 6346 3193 6398 H.
3230 6347 3410 6399 Pertz.
3449 6348 3831 6414 Hannoverae,
3874 6351 4027 6401 1837.

651 6449 788 6502 quae
822 6438 1023 6486 textum
1064 6435 1390 6484 comitantur
1425 6449 1590 6501 nsque
1624 6435 1699 6486 ad
1732 6436 2067 6502 praedictum
2103 6441 2280 6502 caput,
2307 6452 2413 6488 non
2684 6437 2762 6501 (2)
2803 6434 3041 6488 Sal-tius:
3079 6452 3109 6485 «
3149 6436 3357 6489 vicinus
3393 6456 3443 6489 ».
