5542 7775
1351 610 1384 678 1
1401 609 1499 681 80
2921 629 3404 680 montmarin

1334 784 1535 849 libras
1585 784 2092 849 bononenorum.
2144 784 2310 848 Item
2360 784 2509 849 filiis
2557 785 2822 850 Juliane
2883 785 3105 850 uxoris
3171 785 3494 871 quondam
3541 785 3860 851 «Iohannis
3906 785 3986 851 de
4036 785 4353 869 Saliceto,
4400 787 4782 852 consobrine
4829 809 4971 871 sue,

1338 892 1570 977 viginti
1614 892 1815 956 libras
1862 892 2368 957 bononenorum.
2419 892 2587 957 Item
2650 892 2909 957 domine
2970 893 3339 975 Diamanti,
3389 894 3530 978 ejus
3578 893 4094 980 consanguinee,
4143 893 4403 980 reliquit
4460 894 4524 958 id
4582 895 4754 981 quod
4807 894 4975 960 dedit

1334 1000 1479 1082 sibi,
1515 1000 1616 1064 vel
1663 1021 1779 1085 pro
1828 1020 1927 1082 ea,
1961 999 2129 1064 dotis
2178 1001 2456 1064 nomine.
2492 1001 2658 1065 Item
2707 1000 2964 1064 domine
3014 1000 3220 1065 Marie
3268 1000 3397 1065 filie
3439 1001 3696 1066 domine
3727 1000 4011 1087 Borghe,
4046 1001 4522 1087 consanguinee
4555 1024 4690 1085 sue,
4724 1003 4975 1089 reliquit

1334 1107 1399 1171 id
1449 1107 1617 1192 quod
1668 1107 1749 1189 ei,
1784 1107 1890 1171 vel
1936 1128 2053 1193 pro
2100 1129 2200 1190 ea,
2235 1106 2413 1171 dedit
2459 1107 2627 1172 dotis
2674 1130 2789 1171 sue
2838 1108 3115 1172 nomine.
3166 1108 3331 1173 Item
3379 1107 3636 1173 domine
3668 1108 3895 1191 Marie,
3930 1109 4408 1194 consanguinee
4449 1131 4583 1191 sue,
4618 1109 4746 1174 filie
4780 1132 4972 1196 quon·

1339 1215 1489 1278 dam
1519 1214 1801 1279 Rolandi
1836 1214 2161 1279 Cavalerii
2193 1215 2355 1279 illud
2388 1215 2558 1301 quod
2591 1215 2651 1280 ei
2683 1215 2881 1298 dedit,
2915 1216 3019 1279 vel
3053 1237 3169 1303 pro
3203 1237 3301 1298 ea,
3337 1216 3401 1279 in
3435 1215 3672 1281 dotem.
3706 1216 3874 1280 Item
3907 1215 4164 1281 domine
4196 1215 4576 1282 Benvenute
4618 1224 4682 1282 et
4727 1218 4975 1283 domine

1342 1322 1781 1405 Guisaltrude,
1830 1323 2086 1388 filiabus
2134 1322 2639 1406 Merchadantis,
2672 1323 2932 1409 reliquit
2964 1323 3127 1387 illud
3159 1322 3330 1409 quod
3362 1324 3455 1387 eis
3490 1322 3666 1388 dedit
3715 1324 3778 1387 in
3827 1324 4063 1388 dotem.
4097 1323 4267 1389 Item
4297 1324 4557 1389 domino
4590 1324 4872 1390 Guidoni
4901 1326 4974 1391 de

1337 1430 1792 1494 Tencharariis
1837 1431 2100 1516 reliquit
2146 1430 2368 1495 decem
2415 1430 2616 1495 libras
2664 1429 3173 1495 bononenorum.
3225 1431 3390 1495 Item
3437 1430 3602 1515 'filiis
3664 1430 3988 1517 quondam
4050 1431 4342 1496 Consorti
4400 1431 4479 1496 de
4530 1432 4974 1497 Tencharariis

1336 1539 1618 1624 quinque
1665 1539 1866 1603 libras
1915 1538 2422 1603 bononenorum.
2471 1539 2637 1604 Item
2686 1539 2838 1604 filiis
2887 1538 3209 1625 quondam
3256 1538 3623 1621 Palmiroli,
3674 1538 3893 1603 fratris
3939 1540 4073 1623 sui,
4125 1540 4408 1626 quinque
4455 1540 4654 1604 libras
4698 1540 4976 1606 bonone·

1334 1668 1585 1711 norum.
1635 1646 1803 1711 Item
1849 1646 2109 1711 domino
2157 1646 2462 1711 Michaeli
2511 1646 2591 1711 de
2641 1646 3098 1712 Tencharariis
3147 1647 3429 1733 quinque
3470 1647 3668 1711 libras
3700 1646 4207 1712 bononenorum.
4241 1647 4410 1712 Item
4443 1646 4702 1713 domino
4735 1649 4975 1735 Jacopo

1334 1754 1413 1818 de
1464 1754 1921 1819 Tencharariis
1955 1755 2239 1840 quinque
2271 1754 2474 1818 libras
2517 1753 3028 1819 bononenorum.
3078 1755 3246 1818 Item
3291 1754 3711 1819 Lambertino
3759 1755 3870 1841 qui
3916 1754 4151 1819 dicitur
4181 1753 4669 1820 Mediuscorvus
4702 1764 4767 1821 et
4799 1755 4976 1820 fratri

1340 1883 1455 1925 suo
1505 1862 1787 1947 quinque
1835 1860 2035 1925 libras
2084 1861 2589 1925 bononenorum.
2637 1860 2807 1925 Item
2854 1861 3059 1925 sorori
3106 1860 3460 1925 Adhelasie
3493 1860 3717 1925 decem
3747 1860 3949 1925 libras
3980 1860 4490 1927 bononenorum.
4526 1862 4691 1926 Item
4723 1861 4976 1927 domino

1336 1968 1719 2051 ThomaxiO,
1764 1968 1896 2033 filio
1945 1967 2272 2054 quondam
2318 1968 2561 2032 domini
2608 1967 2800 2032 Pacis
2849 1967 2928 2032 de
2977 1967 3452 2051 Tencharariis,
3486 1968 3746 2054 reliquit
3795 1969 4193 2033 solucionem
4239 1976 4303 2033 et
4350 1968 4796 2034 liberationem
4844 1971 4977 2054 ejus

1339 2076 1510 2162 quod
1557 2076 1679 2140 sibi
1727 2076 1938 2157 debet,
1974 2076 2217 2140 scilicet
2265 2075 2736 2161 quinquaginta
2784 2074 2985 2139 libras
3030 2075 3537 2158 bononenorum,
3573 2096 3734 2162 quas
3781 2076 3918 2162 ipse
3964 2082 4237 2141 testator
4285 2077 4606 2141 mutuavit
4652 2077 4826 2163 patri
4866 2098 4975 2141 suo

1334 2182 1645 2270 predicto.
1695 2183 1862 2247 Item
1910 2182 2074 2246 alias
2123 2183 2593 2268 quinquaginta
2641 2182 2841 2246 libras
2888 2182 3397 2265 bononenorum,
3433 2203 3592 2269 quas
3641 2183 3960 2247 mutuavit
4007 2183 4179 2248 dicto
4229 2183 4578 2248 Thomasio
4625 2205 4743 2270 pro
4791 2185 4976 2248 mari-

1335 2290 1534 2354 tanda
1580 2290 1927 2354 Diamante
1977 2312 2195 2355 sorore
2244 2311 2382 2354 sua.
2432 2289 2601 2354 Item
2645 2290 2916 2376 triginta
2964 2296 3106 2354 octo
3155 2289 3355 2353 libras
3417 2289 3482 2353 in
3546 2289 3676 2353 alia
3723 2298 3942 2377 parte,
3992 2312 4154 2377 quas
4216 2292 4495 2355 debebat
4553 2291 4812 2356 domino
4868 2292 4976 2356 Jo-

1333 2398 1534 2485 scpho
1581 2399 1750 2485 patri
1807 2420 1923 2463 suo
1971 2397 2281 2484 predicto,
2331 2398 2575 2463 scilicet
2638 2398 2989 2481 testatoris,
3040 2397 3376 2462 occasione
3425 2397 3625 2462 tutele
3672 2419 3807 2463 sue.
3856 2398 4023 2462 Item
4071 2398 4335 2485 reliquit
4381 2399 4592 2463 eidem
4636 2399 4978 2463 Thomasio

1337 2505 1658 2589 Codicem,
1692 2505 2015 2570 Diiestum
2062 2513 2125 2569 et
2173 2506 2565 2587 Institutam,
2600 2512 2665 2569 et
2714 2505 3047 2569 Summam
3094 2505 3356 2588 Azonis,
3391 2506 3455 2568 in
3502 2505 3733 2591 quibus
3767 2506 3903 2592 ipse
3943 2506 4102 2591 legit
4142 2512 4207 2570 et
4248 2528 4408 2592 quos
4439 2507 4576 2593 ipse
4609 2514 4882 2571 testator
4920 2508 4974 2571 ei

1332 2613 1784 2679 commodavit.
1837 2614 2004 2678 Item
2054 2614 2311 2678 domine
2357 2613 2825 2678 Merchadante
2875 2621 2940 2678 et
2987 2615 3128 2699 ejus
3177 2613 3324 2677 filiis
3371 2613 3633 2699 reliquit
3678 2620 3887 2678 totum
3918 2613 4100 2697 illud,
4134 2614 4306 2700 quod
4339 2615 4476 2701 ipse
4510 2621 4780 2679 testator
4812 2614 4981 2679 dedit

1333 2722 1426 2785 eis
1474 2744 1591 2809 pro
1642 2722 1795 2808 ipsis
1846 2721 2359 2803 manutenendis,
2395 2728 2459 2785 et
2507 2721 2753 2785 remisit
2800 2728 2934 2785 tam
2981 2720 3237 2784 domine
3279 2718 3764 2803 Merchadante,
3799 2742 3991 2806 quam
4026 2721 4322 2785 omnibus
4355 2721 4488 2785 suis
4531 2721 4699 2803 filiis,
4736 2722 4979 2807 obliga·

1334 2829 1576 2892 tionem
1634 2828 1811 2892 illam
1860 2850 2059 2914 quam
2118 2827 2545 2910 Donusdeus,
2593 2834 2779 2914 pater
2826 2849 3085 2910 eorum,
3137 2826 3289 2891 fecit
3353 2827 3523 2913 patri
3578 2826 3868 2891 eiusdem
3914 2827 4242 2891 testatoris
4302 2826 4381 2891 de
4444 2828 4741 2892 omnibus
4800 2828 4979 2892 bonis

1331 2936 1485 3018 suis,
1536 2937 1627 3000 ita
1689 2935 1862 3022 (111οᾶ
1908 2935 2123 3000 01111118
2172 2957 2504 3000 successor
2550 2936 2877 3000 testatoris
2925 2934 3127 3021 possit
3190 2934 3273 2998 ab
3329 2935 3421 2998 eis
3469 2942 3688 3021 petere
3737 2934 3984 3021 aliquid
4030 2935 4367 2999 occasione
4417 2935 4835 3022 obligationis
4881 2936 4978 3000 vel

1338 3043 1723 3127 donationis,
1759 3065 1952 3129 quam
2002 3044 2225 3107 fecerit
2272 3043 2442 3130 patri
2491 3064 2607 3107 suo
2657 3042 3045 3107 Donusdeus
3093 3042 3442 3129 predictus,
3492 3041 3658 3106 Item
3705 3042 3980 3128 reliquid
4028 3043 4286 3107 domino
4320 3042 4714 3108 Thomasino
4761 3046 4975 3131 nepoti

1332 3172 1469 3233 suo,
1503 3151 1636 3215 filio
1672 3150 2000 3237 quondam
2032 3150 2222 3214 Pacis
2269 3157 2334 3214 et
2381 3151 2751 3215 Petrobono
2800 3157 2864 3214 et
2902 3150 3276 3232 Valeriano,
3310 3149 3530 3237 Usepo
3577 3158 3643 3215 et
3688 3149 4014 3233 Michaeli,
4047 3150 4196 3215 filiis
4228 3150 4486 3215 domine
4519 3150 4978 3215 Merchadante

1335 3259 1642 3345 predicte,
1694 3258 2004 3344 quidquid
2052 3257 2386 3344 spectabat
2450 3266 2513 3322 et
2564 3258 2932 3344 pertinebat
2996 3258 3078 3322 ad
3139 3265 3391 3345 patrem
3439 3258 3640 3343 ipsius
3687 3258 4013 3323 testatoris
4076 3266 4141 3322 et
4205 3258 4287 3321 ad
4353 3259 4565 3344 ipsum
4609 3266 4980 3324 testatorem

1336 3374 1586 3451 spectat
1632 3374 1696 3429 et
1744 3366 2043 3452 pertinet,
2083 3387 2165 3429 ex
2214 3365 2509 3429 omnibus
2544 3386 2667 3450 (1110
2716 3365 3046 3429 habebant
3080 3365 3443 3430 communia
3490 3386 3636 3428 011111
3671 3365 4147 3447 Tencharariis,
4182 3366 4427 3430 scilicet
4474 3388 4558 3429 ex
4604 3367 4765 3430 turri
4818 3366 4979 3431 Ten·

1335 3473 1780 3537 charariorum
1827 3480 1891 3537 et
1938 3495 2021 3536 ex
2070 3473 2259 3537 domo
2309 3474 2593 3555 comuni,
2644 3495 2767 3559 que
2817 3473 2940 3537 fuit
2989 3472 3310 3558 quondam
3360 3472 3602 3537 domini
3651 3471 3951 3537 Odderisi
3995 3471 4075 3535 de
4122 3472 4596 3556 Tencharariis,
4634 3481 4699 3539 et
4745 3496 4833 3538 ex
4880 3496 4979 3538 ca-

1333 3589 1647 3666 samento,
1699 3581 1868 3668 quod
1930 3581 2053 3645 fuit
2117 3580 2443 3666 quondam
2505 3580 2749 3645 domini
2809 3580 3256 3646 Bartholomei
3317 3580 3394 3643 de
3465 3579 3919 3644 Tencharariis
3985 3588 4049 3644 et
4118 3601 4202 3644 ex
4267 3582 4563 3646 omnibus
4633 3583 4777 3646 aliis
4847 3584 4978 3668 qui-

1336 3689 1754 3774 buscumque.
1805 3689 1971 3752 Item
2018 3688 2225 3751 sorori
2270 3709 2385 3752 sue
2433 3687 2686 3751 domine
2733 3686 3049 3751 Jacobine
3096 3687 3358 3774 reliquit
3419 3688 3485 3750 in
3551 3687 3834 3751 solutum
3897 3708 4015 3774 pro
4080 3687 4208 3751 illis
4273 3688 4744 3775 quinquaginta
4804 3689 4980 3753 libris

1336 3796 1850 3878 bononenorum,
1899 3796 1965 3859 in
2016 3795 2248 3880 quibus
2294 3802 2480 3882 pater
2526 3817 2679 3859 suus
2728 3795 2793 3859 in
2843 3815 2960 3859 suo
3006 3800 3395 3859 testamento
3442 3815 3586 3858 eam
3633 3794 3938 3859 heredem
3984 3794 4280 3878 instituit,
4329 3818 4526 3860 1108111
4576 3806 4978 3861 101081111810

1333 3904 1412 3968 (10
1462 3906 1652 3969 vinea
1701 3926 1820 3968 sua
1868 3903 1947 3968 de
1997 3903 2141 3968 Orti
2188 3902 2268 3967 de
2315 3909 2519 3967 strata
2563 3902 2956 3968 Castillonis.
2990 3902 3267 3989 Insuper
3313 3903 3572 3989 reliquit
3617 3903 3826 3967 eidem
3874 3903 4037 3968 alias
4084 3910 4214 3968 tres
4263 3911 4633 3969 tornaturas
4678 3927 4763 3969 ex
4813 3905 4976 3970 dicta

1332 4012 1543 4093 vinea,
1580 4011 1702 4074 hiis
1752 4010 2227 4075 conditionibus
2275 4018 2464 4097 pacto
2514 4016 2579 4073 ct
2625 4010 2770 4095 lege
2820 4009 2990 4096 quod
3039 4010 3180 4096 ipsa
3227 4009 3466 4074 habeat
3513 4009 3986 4075 usumfructum
4031 4011 4317 4097 ipsarum
4364 4020 4642 4097 quatuor
4687 4020 4975 4076 tornatu-

1334 4139 1553 4181 rarum
1599 4117 1767 4181 dicte
1815 4117 2003 4181 vince
2050 4123 2186 4181 toto
2234 4124 2524 4203 tempore
2572 4116 2703 4179 vite
2751 4137 2864 4180 sue
2914 4115 2997 4180 ad
3044 4138 3198 4191 usus
3246 4138 3432 4199 suos3
3479 4123 3625 4203 post
3685 4123 3954 4181 mortem
4020 4138 4174 4181 vero
4221 4138 4406 4181 suam
4454 4119 4787 4204 perveniat
4838 4119 4970 4205 ipsa

1333 4226 1523 4289 vinea
1586 4224 1709 4289 sibi
1773 4224 1998 4289 relicta
2061 4225 2142 4288 ad
2208 4223 2366 4287 illud
2421 4223 2914 4306 monasterium,
2964 4224 3074 4288 ubi
3135 4224 3277 4310 ipsa
3338 4225 3460 4289 erit
3523 4231 3810 4311 tempore
3859 4224 4070 4289 obitus
4134 4225 4267 4307 sui;
4332 4232 4396 4289 et
4458 4227 4512 4289 si
4574 4227 4972 4312 contingeret

1334 4333 1621 4418 aliquam
1687 4332 2109 4395 Abbatissam
2168 4332 2271 4396 vel
2341 4330 2728 4395 Priorissam
2785 4353 2900 4395 seu
2962 4332 3308 4396 monialem
3373 4331 3796 4418 depodestare
3860 4353 4002 4396 eam
4065 4331 4144 4396 de
4207 4331 4378 4397 dicto
4441 4332 4816 4416 usufructu,
4865 4343 4972 4398 aut

1335 4440 1581 4525 aliquid
1627 4441 1799 4504 ultra
1847 4448 2067 4525 petere
2133 4440 2196 4503 in
2263 4439 2448 4503 bonis
2496 4439 2738 4503 domini
2787 4439 3036 4527 Joseph
3081 4438 3282 4526 patris
3328 4439 3429 4503 sui
3473 4440 3609 4504 sive
3671 4439 3874 4526 ipsius
3919 4440 4267 4522 testatoris,
4315 4441 4649 4505 occasione
4697 4441 4970 4526 alicujus

1333 4547 1590 4611 falcidie
1623 4547 1726 4610 vel
1775 4547 1904 4610 alia
1953 4567 2378 4632 quacumque,
2414 4546 2618 4610 voluit
2666 4553 2729 4610 et
2778 4547 3095 4633 disposuit
3143 4546 3314 4632 quod
3358 4546 3722 4632 proprietas
3769 4553 3834 4610 et
3879 4546 4283 4611 ususfructus
4316 4547 4484 4611 dicte
4516 4548 4703 4613 vinee
4736 4557 4801 4612 et
4835 4549 4968 4636 ipsa

1330 4656 1521 4720 vinea
1568 4656 1788 4719 veniat
1835 4654 1919 4718 ad
1966 4660 2256 4719 sanctam
2290 4653 2568 4717 Mariam
2616 4654 2696 4717 de
2743 4653 3218 4736 Misericordia3
3268 4674 3391 4739 (1110
3441 4653 3715 4718 00010818
3743 4653 4216 4719 usumfructum
4256 4654 4424 4719 dicte
4456 4655 4642 4719 vinee
4675 4663 4970 4720 teneatur

1333 4762 1488 4826 dare
1536 4770 1600 4826 et
1646 4761 2013 4849 expendere
2062 4761 2335 4846 singulis
2384 4761 2570 4825 annis
2619 4761 2685 4824 in
2732 4760 3024 4825 vestibus
3070 4767 3134 4824 et
3181 4760 3325 4824 aliis
3371 4759 3596 4824 usibus
3643 4761 3845 4847 ipsius
3891 4761 4147 4826 domine
4195 4761 4546 4845 Jacobine,
4594 4771 4787 4849 prout
4836 4764 4968 4849 ipsa

1330 4870 1607 4934 voluerit
1654 4878 1719 4934 et
1765 4868 2072 4955 quamdiu
2120 4866 2376 4951 vixerit,
2412 4876 2476 4933 et
2510 4875 2653 4955 post
2686 4874 2958 4932 mortem
2992 4867 3158 4932 dicte
3193 4866 3447 4931 domine
3479 4867 3522 4931 J
3526 4868 3795 4933 acobine
3827 4868 4051 4934 redeat
4082 4869 4442 4956 proprietas
4472 4876 4539 4933 et
4569 4870 4968 4934 ususfructus

1332 4978 1499 5041 dicte
1548 4978 1733 5041 vinee
1782 4977 1859 5040 ad
1912 4983 2204 5040 sanctam
2250 4976 2525 5040 Mariam
2578 4976 2657 5040 de
2704 4974 3172 5040 Misericordia.
3220 4974 3306 5038 Et
3352 4974 3409 5038 si
3454 4976 3857 5062 contingeret
3904 4976 4076 5062 quod
4123 4977 4263 5063 ipsa
4310 4975 4569 5041 domina
4615 4977 4963 5058 Jacobina,

1329 5086 1435 5149 vel
1482 5086 1944 5150 monasterium
1995 5085 2167 5172 (111οᾶ
2214 5085 2485 5150 haberet
2544 5087 2652 5170 jus
2714 5105 2832 5171 pro
2894 5105 3006 5166 ea,
3056 5105 3184 5149 000
3232 5091 3434 5148 818101
3481 5091 3784 5150 00010018
3838 5083 3943 5148 vel
3998 5091 4371 5149 contentum
4416 5084 4587 5150 dicta
4636 5093 4966 5151 tornatura

1330 5193 1547 5276 vinee,
1597 5193 1658 5257 ei
1704 5193 1929 5257 relicta
1982 5193 2044 5256 in
2096 5193 2376 5257 solutum
2427 5214 2542 5279 pro
2591 5191 2779 5256 dictis
2828 5191 3300 5277 quinquaginta
3346 5192 3529 5256 libris
3573 5191 3696 5256 sibi
3742 5191 3982 5256 relictis
4024 5192 4173 5276 jure
4219 5192 4638 5258 institutionis
4694 5215 4733 5256 a
4789 5200 4966 5280 patre

1328 5322 1465 5383 suo,
1501 5321 1576 5364 eo
1627 5322 1783 5365 casu
1830 5308 2101 5365 testator
2148 5301 2362 5387 privat
2412 5301 2619 5386 ipsam
2661 5299 2992 5363 dominam
3022 5298 3407 5364 Jacobinam
3455 5308 3519 5364 et
3565 5298 4045 5382 monasterium,
4081 5299 4251 5385 quod
4285 5322 4401 5386 pro
4434 5321 4512 5364 ea
4537 5302 4646 5384 jus
4677 5301 4962 5380 haberet,

1329 5408 1506 5472 omni
1551 5408 1841 5494 predicto
1874 5408 2119 5490 relicto,
2154 5414 2219 5471 et
2266 5407 2590 5493 privatum
2636 5427 2778 5470 esse
2810 5405 3037 5471 voluit.
3071 5406 3236 5470 Item
3271 5413 3402 5471 tres
3433 5413 3801 5471 tornaturas
3833 5406 3912 5471 de
3946 5406 4118 5471 dicta
4150 5408 4340 5471 vinea
4372 5406 4452 5471 de
4485 5406 4630 5472 0111
4662 5408 4966 5494 quidquid

1330 5515 1659 5580 residuum
1693 5515 1889 5579 fuerit
1936 5514 2018 5578 ad
2068 5514 2391 5600 predictas
2424 5521 2701 5600 quatuor
2730 5520 3104 5578 tornaturas
3150 5534 3311 5599 quas
3345 5513 3604 5598 reliquit
3634 5514 3838 5578 sorori
3871 5535 3984 5578 sue
4017 5514 4060 5578 J
4065 5514 4354 5596 acobine,
4389 5514 4648 5600 reliquit
4687 5516 4963 5602 capitulo

1327 5625 1594 5709 majoris
1643 5623 1934 5687 Ecclesie
1981 5621 2393 5686 bononiensis
2439 5642 2557 5707 pro
2606 5621 3078 5686 restauratione
3126 5620 3548 5704 decimarum,
3598 5643 3820 5712 earum
3868 5620 4170 5686 videlicet
4215 5621 4299 5685 ad
4345 5643 4469 5708 que
4517 5623 4655 5709 ipse
4701 5631 4964 5686 testator

1330 5739 1442 5796 8111
1473 5738 1660 5817 pater
1692 5753 1846 5795 suus
1879 5730 2287 5810 tenebantur,
2322 5735 2387 5793 et
2420 5750 2537 5816 pro
2587 5750 2662 5793 00
2695 5729 2900 5793 0018111
2935 5727 3105 5814 (111οᾶ
3139 5728 3275 5814 ipse
3307 5735 3578 5793 testator
3610 5728 3974 5793 Canonicus
4006 5728 4129 5793 fuit
4160 5729 4452 5814 ejusdem
4482 5729 4772 5813 ecclesie,
4806 5732 4963 5794 sicut

1328 5839 1533 5903 voluit
1582 5838 1796 5924 rogari
1843 5859 1960 5925 per
2005 5836 2588 5918 fideicommissum,
2623 5836 2795 5922 quod
2843 5836 3083 5900 dictum
3133 5836 3501 5923 Capitulum
3550 5836 3748 5901 faciat
3793 5836 4066 5921 singulis
4112 5837 4266 5901 anni
4303 5838 4820 5902 anniversarium
4852 5859 4960 5925 pro

1327 5946 1544 6010 anima
1593 5968 1709 6009 sua
1758 5952 1823 6009 et
1868 5952 2210 6032 parentum
2260 5966 2543 6009 suorum.
2576 5943 2804 6008 Voluit
2850 5944 3113 6030 insuper
3158 5952 3224 6009 01
3270 5944 3584 6030 disposuit
3630 5944 3800 6030 (111οᾶ
3847 5950 3994 6029 post
4040 5953 4311 6009 mortem
4360 5966 4543 6009 suam
4576 5952 4640 6009 et
4670 5946 4871 6032 patris
4903 5953 4962 6008 et

1325 6054 1549 6118 matris
1597 6075 1711 6117 sue
1761 6055 1928 6118 inter
1973 6053 2178 6117 dictos
2228 6052 2589 6117 Canonicos
2634 6058 2699 6115 et
2746 6050 2982 6114 dictam
3031 6052 3418 6116 Jacobinam
3464 6050 3634 6114 dicta
3681 6051 3872 6116 vinea
3917 6051 3997 6114 de
4047 6050 4189 6116 Orti
4237 6052 4328 6115 ita
4375 6051 4721 6136 dividatur,
4762 6052 4963 6116 silicet

1327 6161 1500 6248 quod
1546 6182 1934 6248 unaqueque
1981 6182 2134 6247 pars
2182 6159 2421 6224 habeat
2469 6159 2834 6244 ingressum
2881 6180 2994 6222 seu
3041 6165 3296 6244 portam
3342 6165 3407 6222 et
3454 6164 3724 6222 stratam
3770 6159 3935 6223 sicut
3992 6157 4341 6244 aliquando
4396 6181 4538 6224 esse
4599 6160 4957 6236 consuevit3

1324 6277 1390 6336 et
1439 6269 1611 6357 quod
1659 6270 1824 6334 dixit
1871 6270 1950 6334 de
1995 6270 2187 6334 vinea
2234 6291 2353 6333 sua
2399 6267 2479 6332 de
2530 6267 2703 6350 Orti,
2755 6268 2897 6333 vult
2945 6268 3115 6353 quod
3170 6267 3410 6332 habeat
3455 6267 3664 6332 locum
3714 6276 3860 6353 post
3906 6274 4178 6333 mortem
4223 6268 4427 6355 patris
4475 6276 4539 6333 et
4583 6269 4806 6333 matris
4853 6290 4961 6332 sue

1322 6378 1781 6466 predictorum,
1816 6377 2049 6464 quibus
2098 6377 2359 6462 reliquit
2404 6375 2880 6441 usumfructum
2925 6375 3132 6440 tocius
3177 6374 3345 6440 dicte
3392 6376 3581 6439 vinee
3628 6380 3763 6440 toto
3809 6381 4097 6461 tempore
4142 6376 4274 6440 vite
4322 6376 4628 6463 ipsorum.
4661 6375 4826 6440 Item
4866 6396 4960 6438 re·

1323 6487 1511 6573 liquit
1559 6485 1781 6550 decem
1830 6486 2028 6549 libras
2076 6486 2561 6550 bononenorum
2610 6483 2880 6566 dandas,
2927 6481 3306 6547 dividendas
3354 6483 3521 6547 inter
3566 6505 3885 6570 pauperes
3932 6484 4211 6548 civitatis
4257 6483 4511 6566 Ymole,
4554 6491 4744 6570 prout
4789 6483 4960 6548 vide·
