5542 7775
1368 622 1410 691 2
1438 622 1518 691 [6
2944 635 3421 686 MONUMENTA

1367 815 1441 857 ac
1490 800 1695 856 terras
1743 813 1967 855 eorum
2015 791 2220 856 dictas
2268 790 2653 855 auctoritate
2706 791 2987 876 ipsorum
3038 789 3241 875 possit
3288 790 3456 852 ferre
3504 788 3879 871 sententias,
3921 788 4044 851 nisi
4092 788 4365 874 predicti
4412 795 4850 873 occupatores,
4894 787 4994 852 de-

1364 908 1670 981 tentoreS,
1706 898 2052 963 violatores
2101 906 2163 962 et
2210 899 2577 962 turbatores
2624 918 2700 962 ac
2750 897 2947 960 ceteri
2996 896 3106 959 alii
3156 896 3238 959 ab
3290 896 3558 977 iniuriis,
3592 895 3904 958 molestiis
3950 904 4013 958 et
4062 895 4599 981 occupacionibus
4639 895 4997 979 hujusmodi

1365 1006 1749 1088 destiterint,
1796 1012 1860 1070 et
1898 1006 2222 1070 statutarii
2256 1012 2320 1069 et
2353 1006 2804 1069 observatores
2852 1011 3239 1067 statutorum
3288 1003 3366 1067 de
3415 1004 3699 1089 ipsorum
3750 1001 4117 1087 capitularii
4164 1009 4409 1065 statuta
4455 1000 4681 1065 eadem
4728 1001 4995 1085 abradfi]

1364 1114 1751 1194 curaverint,
1787 1113 1909 1176 nisi
1955 1112 2122 1176 infra
2171 1112 2331 1176 duos
2379 1134 2632 1175 menses
2680 1117 3023 1198 postquam
3071 1110 3488 1175 monitionem
3534 1131 3719 1174 suam
3767 1109 4027 1173 duxerit
4074 1109 4459 1173 faciendam.
4507 1109 4596 1172 At
4642 1108 4695 1171 si
4742 1115 4996 1195 propter

1363 1221 1726 1306 aliquorum
1774 1220 2109 1301 malitiam,
2144 1241 2255 1283 seu
2319 1219 2682 1305 potenciam
2731 1218 2932 1304 ipsius
2978 1218 3219 1281 domini
3270 1217 3783 1303 Archiepiseopi,
3818 1217 4084 1280 monitio
4118 1216 4201 1279 ad
4235 1215 4637 1302 supradictos
4668 1216 4995 1301 pervenire

1365 1349 1494 1392 non
1540 1336 1779 1413 posset,
1828 1326 1998 1390 idem
2047 1327 2590 1413 Archiepiscopus
2641 1327 2845 1412 ipsam
2898 1325 3037 1389 fieri
3082 1325 3281 1389 faciat
3322 1325 3386 1388 in
3419 1325 3637 1410 aliquo
3685 1325 3828 1388 loco
3876 1323 4155 1410 publice,
4190 1322 4269 1386 de
4305 1344 4430 1408 quo
4463 1322 4541 1386 ad
4578 1322 4751 1409 ipsos
4783 1322 4997 1386 verisi-

1369 1435 1606 1498 militer
1647 1433 1863 1497 valeat
1907 1433 2267 1520 pervenire,
2318 1455 2509 1518 quam
2557 1434 2736 1497 illam
2785 1433 3151 1496 firmitatem
3200 1432 3441 1497 habere
3488 1432 3713 1496 volunt
3760 1453 3835 1496 ac
3883 1432 3937 1495 si
3985 1432 4078 1495 eis
4126 1438 4189 1495 et
4237 1431 4304 1494 in
4351 1431 4637 1517 ipsorum
4685 1431 4999 1516 presentia

1368 1552 1536 1606 esset
1585 1541 1777 1606 sacta.
1825 1541 2190 1605 Firmantes
2239 1541 2319 1605 ad
2368 1541 2666 1623 invicem,
2702 1541 2871 1626 quod
2915 1540 3185 1626 quilibet
3217 1540 3589 1604 eorumdem
3622 1540 4067 1626 episcoporum
4102 1539 4455 1603 sententias
4488 1538 4788 1601 ferendas
4822 1559 4996 1601 occa-

1364 1650 1542 1713 sione
1592 1648 1996 1712 invasionum
2044 1670 2119 1712 ac
2167 1647 2441 1711 aliorum
2489 1647 3003 1733 supradictorum
3050 1668 3167 1734 per
3214 1645 3511 1711 eumdem
3557 1646 3885 1710 dominum
3920 1646 4497 1732 Archiepiscopum
4529 1645 4908 1708 denuntiare
4938 1654 4999 1710 et

1365 1756 1696 1842 publicare
1745 1778 1860 1842 per
1908 1777 1976 1819 se
2025 1776 2100 1819 ac
2148 1755 2309 1819 alios
2359 1755 2480 1819 sibi
2529 1754 2851 1818 subiectos
2899 1755 2981 1818 ad
3030 1754 3404 1818 mandatum
3454 1754 3654 1839 ipsius
3703 1753 3943 1817 domini
3990 1752 4480 1839 Archiepiscopi
4526 1760 4852 1834 teneatur,
4900 1754 4997 1817 vel

1361 1863 1651 1926 Ecclesie
1685 1863 2078 1926 ravennatis.
2114 1861 2241 1936 Qui
2273 1883 2427 1925 vero
2477 1862 2852 1926 inobediens
2900 1862 3094 1925 fuerit
3140 1862 3309 1925 circa
3357 1860 3908 1925 denuntiationem
3957 1868 4021 1924 et
4067 1860 4570 1946 publicationem
4618 1859 4997 1942 huiusmodi,

1367 1971 1567 2057 ipsius
1615 1970 2046 2033 inobedientie
2081 1970 2251 2034 facto
2300 1971 2381 2034 ab
2431 1970 2727 2055 ingressu
2771 1969 3041 2033 ecclesie
3089 1976 3154 2033 et
3200 1969 3434 2032 divinis
3482 1968 3705 2033 officiis
3752 1990 3869 2055 per
3916 1968 4105 2032 unius
4154 1969 4391 2031 mensis
4438 1968 4729 2053 spacium
4775 1967 4856 2030 sit
4906 1989 5001 2031 su·

1366 2100 1656 2164 spensus.
1692 2077 1932 2141 Contra
1982 2099 2171 2162 quem
2219 2077 2510 2163 prefatus
2559 2078 2854 2140 dominus
2901 2077 3447 2163 Archiepiscopus
3496 2076 3579 2140 ad
3626 2098 3859 2162 penam
3908 2071 4126 2158 alia'm,
4159 2082 4352 2162 prout
4386 2075 4585 2161 ipsius
4618 2054 5000 2161 protervitas

1363 2184 1705 2266 meruerit,
1754 2184 2101 2269 procedere
2151 2184 2402 2267 valeat3
2451 2184 2535 2247 ad
2598 2184 2767 2269 quod
2834 2184 3023 2247 iidem
3086 2184 3369 2270 episcopi
3418 2184 3545 2247 iam
3594 2183 3764 2247 dicto
3812 2183 4070 2247 domino
4118 2182 4625 2268 Archiepiscopo
4674 2181 5000 2246 voluntate

1363 2291 1625 2378 propria
1672 2312 1740 2354 se
1787 2291 2192 2373 submittunt,
2240 2293 2328 2355 ita
2377 2301 2593 2355 tamen
2628 2292 2799 2377 quod
2833 2299 3094 2378 propter
3127 2291 3246 2355 hoc
3295 2291 3490 2355 nichil
3526 2290 3980 2354 iurisdictionis
4014 2290 4331 2355 dictorum
4363 2290 4807 2375 episcoporum
4841 2290 5000 2352 ulla-

1365 2406 1552 2462 tenus
1600 2398 1941 2462 adimatur.

1542 2492 1745 2569 Facta
1793 2505 1915 2569 fuit
1963 2506 2081 2569 hec
2115 2506 2477 2570 commissio
2513 2507 2576 2569 in
2610 2506 2989 2592 provinciali
3025 2506 3293 2570 concilio
3329 2527 3444 2592 per
3475 2506 3845 2569 iamdictam
3881 2505 4209 2569 dominum
4244 2504 4821 2591 Archiepiscopum
4856 2525 5002 2567 eon-

1365 2619 1637 2698 gregato
1687 2614 1751 2676 in
1797 2620 2023 2678 sancta
2073 2613 2299 2677 maiori
2348 2615 2620 2678 ecclesia
2668 2614 3155 2678 Ravennatensi
3203 2614 3282 2677 de
3332 2613 3638 2677 mandato
3688 2613 3936 2677 Summi
3981 2612 4315 2677 Pontificis
4347 2633 4542 2698 super
4574 2611 4745 2675 facto
4780 2611 5004 2675 Tarta-

1367 2741 1603 2801 rorum,
1654 2720 1762 2783 ubi
1810 2720 2046 2805 prefati
2094 2721 2377 2806 episcopi
2428 2730 2614 2784 erant
2659 2728 3013 2806 presentes,
3060 2729 3124 2784 et
3172 2727 3242 2783 ut
3288 2741 3485 2805 supra
3531 2720 3770 2805 legitur
3817 2720 3882 2783 in
3931 2719 4228 2783 omnibus
4264 2718 4630 2784 voluerunt.
4669 2717 4802 2783 Sub
4836 2738 5003 2780 anno

1364 2826 1628 2891 Domini
1677 2827 2015 2891 millesimo
2065 2828 2502 2892 ducentesimo
2562 2828 2954 2913 sesagesimo
3002 2828 3245 2914 primo,
3295 2833 3584 2913 tempore
3647 2827 3889 2891 domini
3947 2825 4308 2893 Alexandri
4371 2847 4538 2912 pape
4606 2825 4852 2910 quarti,
4904 2823 5004 2887 die

1368 2940 1598 3019 quarto
1644 2942 1923 2998 exeunte
1973 2935 2235 3017 marcio,
2271 2935 2619 2999 indictione
2668 2944 2920 3021 quarta,
2955 2935 3362 3021 presentibus
3411 2934 3681 2998 testibus
3727 2935 3811 2998 ad
3858 2935 3977 2999 hec
4025 2934 4270 2998 vocatis
4317 2933 4576 2997 domino
4610 2932 4838 2996 comite
4872 2931 5004 2995 Ru-

1367 3042 1547 3126 gerio
1595 3042 1673 3105 de
1720 3041 2237 3127 Bagnacavallo,
2287 3042 2544 3107 domino
2593 3043 2940 3129 Aymerico
2988 3043 3339 3125 cardinali,
3390 3052 3454 3107 et
3502 3042 3762 3106 domino
3812 3041 4068 3124 GuezO,
4119 3049 4380 3105 cantore
4424 3039 4714 3105 Ecclesie
4776 3060 5007 3102 raven-

1368 3149 1673 3231 natensis,
1708 3148 1748 3213 J
1754 3148 2008 3212 ohanne
2040 3149 2416 3213 Samantino
2450 3150 2529 3214 de
2563 3150 2870 3232 Forlivio,
2907 3149 3177 3214 Alberto
3213 3149 3750 3237 archipresbitero
3782 3142 4130 3230 urianensi,
4165 3147 4475 3212 brixiensi
4509 3146 4801 3226 diocesiS,
4836 3144 5005 3208 Dru-

1366 3256 1553 3337 done,
1603 3263 1864 3320 cantore
1912 3265 2133 3321 sancte
2181 3257 2471 3321 Ecclesie
2518 3258 3028 3341 ravennatensis,
3077 3258 3414 3340 Jacobino,
3465 3256 3697 3321 clerico
3753 3256 3906 3320 dicti
3955 3256 4199 3319 domini
4249 3254 4757 3340 Archiepiseopi,
4804 3252 5006 3316 fratre

1367 3363 1615 3428 «Iacobo
1664 3363 1743 3426 de
1791 3362 2001 3449 Regio
2049 3363 2386 3450 hospitalis
2435 3365 2640 3429 sancti
2685 3364 3003 3429 Johannis
3052 3365 3558 3447 ierosolimitani,
3593 3372 3657 3429 et
3704 3364 3938 3448 Ugone
3990 3363 4240 3427 notario
4286 3361 4561 3443 liviensi,
4596 3368 4660 3424 et
4692 3360 4835 3423 aliis
4884 3366 5006 3423 etc.

1549 3469 1669 3551 (L.
1704 3471 1747 3551 †
1784 3470 1879 3551 S.)
1927 3470 2071 3556 Ego
2132 3470 2627 3536 Bartholomeus
2676 3472 2845 3535 filius
2894 3472 3217 3557 quondam
3267 3472 3517 3536 Cambii
3575 3473 3852 3554 notarii,
3902 3471 4218 3557 imperiali
4268 3469 4651 3533 auctoritate
4698 3460 5011 3548 notarius,

1370 3577 1556 3641 dictis
1606 3578 1888 3659 interfui,
1938 3586 2002 3643 et
2049 3579 2355 3643 mandato
2403 3579 2835 3665 predictorum
2886 3579 3288 3644 dominorum
3336 3579 3804 3665 Episcoporum
3851 3578 4102 3664 scripsi.

1547 3683 1689 3769 Ego
1739 3685 2099 3750 Otavianus
2149 3685 2439 3751 Bononie
2487 3686 2769 3768 Electus,
2807 3688 3030 3750 volens
3078 3686 3293 3750 omnia
3340 3707 3536 3772 supra
3569 3686 3829 3771 scripta,
3866 3691 4178 3770 quantum
4219 3684 4300 3748 ad
4346 3704 4448 3747 me
4481 3689 4730 3768 spectat
4763 3681 5015 3744 ratione

1369 3791 1781 3856 bononiensis
1827 3792 2119 3857 Ecclesie
2168 3800 2233 3857 et
2277 3793 2705 3880 Episcopatus
2752 3793 3166 3858 bononiensis
3214 3800 3279 3857 et
3326 3793 3779 3857 iurisdictionis
3827 3792 3983 3856 mihi
4031 3792 4471 3876 competentis,
4510 3789 4724 3853 valere
4767 3795 4833 3851 et
4880 3788 5015 3874 ple·

1370 3920 1525 3962 num
1573 3900 1769 3964 robur
1818 3902 2090 3965 ottinere
2137 3903 2202 3965 in
2253 3902 2548 3966 omnibus
2597 3924 2981 3966 consensum
3029 3903 3367 3989 prestitum
3410 3923 3525 3987 per
3557 3900 3883 3965 dominum
3920 3900 4301 3986 magistrum
4336 3897 4772 3984 Synigardum
4807 3896 5017 3960 archi·

1370 4007 1798 4092 presbiterum
1845 4009 2306 4073 bononiensem
2355 4031 2496 4073 meo
2547 4000 2823 4092 nomine,
2859 4017 2923 4073 et
2970 4010 3381 4074 bononiensis
3428 4009 3720 4073 Ecclesie
3768 4015 3832 4071 ct
3877 4007 4307 4094 Episcopatus
4353 4005 4667 4087 Bononie,
4700 4013 4765 4068 et
4798 4004 5017 4068 omnia

1371 4135 1494 4199 que
1529 4115 1680 4178 fecit
1715 4116 1777 4178 in
1810 4116 2195 4201 supradictis
2229 4124 2293 4180 et
2327 4117 2718 4202 quibuslibet
2752 4117 3269 4203 supradictorum
3303 4117 3612 4203 approbO,
3647 4123 3709 4180 et
3744 4123 3887 4179 rata
3919 4123 3983 4179 et
4013 4115 4198 4179 firma
4230 4114 4459 4196 habeo,
4495 4119 4559 4176 et
4592 4112 4684 4175 eis
4718 4111 5018 4175 omnibus

1369 4222 1634 4307 propria
1681 4243 1877 4285 manu
1924 4223 2278 4288 subscribe.

3146 4543 3229 4607 V.

2727 4759 2930 4842 1262,
2980 4758 3066 4820 30
3110 4759 3273 4821 iunii
3318 4765 3369 4820 et
3419 4757 3458 4819 9
3504 4758 3664 4820 iulii.

1745 4976 1850 5039 Ex
1899 4975 2162 5038 archivo
2211 4974 2484 5060 Metrop.
2536 4972 2824 5054 Bonon.,
2876 4994 3043 5036 nunc
3096 4973 3156 5035 in
3205 4972 3366 5036 Tab.
3417 4972 3594 5036 Max.
3644 4973 3829 5056 bon.,
3879 4980 4033 5036 sect.
4079 4997 4108 5029 α
4157 4972 4527 5037 Demaniale
4575 4995 4635 5053 ιο,

2846 5102 3020 5144 num.
3070 5062 3188 5174 ἐξ,
3238 5080 3377 5144 doc.
3428 5083 3533 5144 28.

1548 5295 1628 5359 In
1677 5295 1934 5359 nomine
1983 5295 2267 5379 Domini,
2318 5316 2526 5359 amen.
2576 5296 2768 5358 Anno
2819 5295 3108 5378 ejusdem
3159 5294 3501 5358 millesimo
3550 5293 3988 5357 ducentesimo
4037 5293 4444 5377 sexagesimo
4491 5291 4803 5370 secundO,
4852 5292 5022 5355 indi-

1375 5402 1583 5466 ctione
1634 5403 1880 5487 quinta,
1913 5402 2017 5466 die
2067 5402 2292 5466 ultimo
2334 5403 2522 5486 junii,
2557 5411 2845 5487 tempore
2895 5401 3134 5466 domini
3182 5401 3433 5464 Urbani
3464 5422 3631 5487 pape
3673 5401 3905 5486 quarti.
3941 5400 4101 5464 Cum
4134 5400 4215 5463 lis
4248 5407 4312 5464 et
4344 5401 4595 5485 questio
4627 5398 5021 5481 vertere[tur

1372 5509 1547 5592 et]sit
1593 5511 1697 5573 vel
1747 5512 1912 5575 verti
1959 5516 2175 5597 posset
2222 5511 2390 5573 inter
2437 5510 2767 5573 dominum
2814 5509 3194 5593 magistrum
3244 5509 3657 5594 Sinigardum
3706 5508 4336 5594 archipresbiterum,
4385 5514 4449 5571 et
4491 5507 4857 5594 Capitulum
4900 5508 5020 5572 bo-

1369 5618 1696 5682 noniensis
1743 5618 2033 5682 Ecclesie
2082 5618 2339 5681 nomine
2387 5617 2541 5680 dicti
2590 5617 2874 5702 Capituli
2923 5639 3001 5679 ex
3052 5625 3235 5702 parte
3282 5637 3451 5698 una,
3500 5623 3564 5679 et
3610 5615 3906 5679 Priorem
3952 5623 4017 5679 et
4066 5614 4471 5679 Conventum
4518 5616 4724 5678 sancti
4779 5615 5022 5679 Jacobi

1372 5725 1451 5788 de
1503 5724 1771 5807 Sa[vina
1820 5724 2108 5808 OrJdinis
2155 5725 2616 5788 heremitarum
2671 5725 2930 5788 nomine
2978 5724 3279 5787 Fratrum
3327 5731 3390 5787 et
3438 5723 3808 5788 Conventus
3849 5723 4152 5786 Fratrum
4184 5722 4595 5786 bononiensis
4628 5722 4900 5808 predicti
4935 5744 5023 5785 ex

1369 5833 1576 5897 altera
1624 5854 1820 5918 super
1862 5834 2008 5916 jure
2057 5832 2450 5918 parochiali,
2501 5838 2565 5895 et
2625 5832 3037 5917 parochianis
3100 5832 3514 5896 ecclesiarum
3580 5838 3799 5895 sancte
3846 5830 4052 5894 Marie
4098 5828 4486 5915 Magdalenc
4535 5837 4599 5893 et
4646 5837 5026 5893 sanctorum

1367 5939 1588 6025 Egidii
1644 5949 1708 6004 et
1753 5939 2081 6024 Leonardj
2132 5939 2569 6022 [bononiensis
2618 5939 2915 6021 diocesis]
2979 5939 3061 6002 ad
3124 5940 3364 6002 dictum
3425 5939 3819 6003 bononiense
3870 5937 4239 6024 Capitulum
4301 5937 4759 6022 pertinentium
4818 5938 5023 6022 pleno

1368 6048 1506 6111 iure
1554 6057 1619 6112 et
1665 6070 1860 6135 super
1905 6048 2113 6134 pactis
2161 6055 2225 6112 et
2272 6046 2820 6111 moderationibus
2870 6047 3191 6131 quondam
3238 6068 3432 6133 super
3480 6045 3782 6132 predictis
3816 6052 3879 6108 et
3927 6045 4097 6109 circa
4136 6043 4427 6131 predicta
4460 6044 4647 6107 sactis
4680 6050 4743 6106 et
4775 6044 5024 6108 habitis

1368 6163 1503 6220 tam
1549 6177 1666 6241 pro
1714 6155 2040 6240 preteritis
2090 6154 2523 6240 temporibuS,
2569 6175 2762 6239 quam
2812 6153 3007 6216 etiam
3053 6175 3169 6238 pro
3217 6152 3475 6235 futu[ris
3524 6151 3838 6235 vo]lentes
3885 6151 4172 6238 predicte
4236 6157 4453 6236 partes
4501 6171 4694 6236 super
4740 6150 4817 6214 iis
4864 6172 5025 6236 par-

1367 6287 1512 6329 cere
1560 6264 1891 6328 laboribus
1940 6271 2004 6329 et
2049 6264 2372 6350 expensis,
2424 6254 2507 6327 a‘d
2555 6263 2751 6327 talem
2802 6263 3208 6327 concordiam
3255 6262 3691 6344 devenerunt,
3740 6262 4074 6343 videlicet,
4125 6260 4295 6346 quod
4343 6260 4638 6325 dominus
4685 6259 5026 6324 Bolnisius

1368 6372 1694 6458 quondam
1739 6372 2073 6456 Accurrii,
2139 6372 2464 6455 notarius,
2514 6371 2797 6436 sindicus
2863 6378 2925 6435 et
2986 6377 3364 6456 procurator
3427 6369 4023 6455 Arc[hi]presbiteri
4086 6375 4150 6431 et
4212 6367 4495 6454 Capituli
4564 6367 5027 6450 bononiensis,

1366 6480 1614 6544 habens
1663 6479 1745 6544 ad
1794 6479 2442 6566 compromittendum
2488 6501 2682 6565 super
2729 6479 2853 6542 hiis
2902 6478 3172 6564 spetiale
3220 6477 3615 6559 mandatum,
3661 6477 3917 6540 nomine
3965 6476 4117 6541 dicti
4169 6475 4453 6561 Capituli
4499 6496 4582 6539 ex
4627 6481 4811 6560 parte
4860 6496 5024 6558 una,
