5542 7775
1197 724 1242 793 2
2481 745 2580 794 ns
2640 743 2904 794 'mom
2961 743 3559 795 D1PLovA'raco1o

1196 898 1809 984 stantinopolitanae
1872 897 2169 964 dominus
2234 898 2355 962 fuit
2416 898 2634 985 oppidi
2698 897 3050 983 nuncupati
3116 897 3326 963 Castri
3388 900 3453 964 in
3510 901 3722 965 insula
3786 901 4192 968 Stalliminea
4253 911 4318 969 et
4374 903 4570 968 totius
4633 904 4832 990 ipsius

1194 1004 1479 1086 insulae,
1530 1005 1639 1090 qui
1702 1005 1885 1069 nobis
1947 1011 2011 1069 et
2074 1004 2226 1069 Sedi
2272 1005 2688 1091 Apostolicae
2752 1004 2992 1069 dictum
3041 1004 3254 1069 locum
3302 1027 3376 1070 ac
3425 1014 3626 1072 totam
3674 1008 3950 1073 insulam
3998 1010 4396 1096 praedictam
4445 1009 4723 1075 restituit
4769 1017 4834 1075 et

1196 1111 1619 1197 consignavit,
1655 1119 1717 1175 et
1766 1119 1991 1198 postea
2038 1112 2103 1175 in
2151 1111 2592 1198 recuperando
2641 1111 2771 1175 alia
2819 1112 2960 1176 loca
3007 1133 3082 1175 ac
3130 1112 3275 1176 aliis
3323 1115 3598 1199 negotiis
3630 1138 3680 1179 s.
3718 1114 4057 1180 Cruciatae
4090 1117 4255 1182 bene
4291 1116 4833 1203 laudabiliterque

1194 1240 1263 1283 se
1310 1219 1544 1304 gessit,
1595 1240 1669 1283 ac
1715 1219 1897 1282 varia
1945 1227 2009 1283 ct
2057 1220 2260 1283 multa
2305 1219 2542 1283 damna
2590 1240 2628 1282 a
2677 1218 2950 1282 Turchis
2999 1222 3341 1305 propterea
3398 1222 3718 1286 sustinuit.
3769 1221 3958 1287 Nunc
4006 1231 4224 1288 autem
4270 1246 4415 1288 cum
4463 1223 4724 1287 licentia
4770 1229 4834 1286 et

1192 1328 1405 1411 gratia
1452 1335 1673 1392 nostra
1720 1327 1803 1391 ad
1852 1335 2068 1413 partes
2117 1326 2547 1392 occidentales
2594 1347 2662 1391 se
2712 1326 3134 1390 transiturum
3180 1327 3354 1392 dicit.
3405 1329 3816 1415 Quapropter
3870 1329 4056 1394 illum
4110 1332 4515 1396 universitati
4579 1339 4832 1398 vestrae

1195 1456 1270 1498 ac
1317 1443 1677 1499 vestrorum
1726 1434 1999 1520 singulis
2048 1434 2113 1498 in
2160 1434 2439 1499 Domino
2489 1433 3046 1516 commendamus3
3095 1434 3476 1499 mandantes
3522 1436 3794 1501 subditis
3844 1436 3909 1502 S.
3953 1437 4035 1502 R.
4077 1438 4407 1503 Ecclesiae
4455 1447 4521 1502 et
4569 1440 4832 1526 quibus-

1194 1563 1467 1628 cumque
1518 1542 1898 1607 officialibus
1947 1563 2022 1606 ac
2070 1542 2359 1628 personis
2409 1541 2647 1606 Sacrae
2697 1540 2937 1606 Classis
2979 1541 3416 1627 Apostolicae,
3451 1551 3768 1629 quatenus
3815 1544 4026 1609 eidem
4072 1545 4328 1610 domino
4379 1546 4683 1632 Georgio,
4717 1570 4833 1634 per

1196 1670 1633 1735 quascumque
1682 1657 1888 1713 terras
1935 1656 1999 1712 ct
2047 1670 2489 1735 quaecumque
2536 1649 2679 1713 loca
2727 1655 2860 1711 tam
2906 1669 3021 1734 per
3068 1655 3308 1712 terram
3340 1671 3534 1735 quam
3567 1671 3801 1736 aquam
3834 1651 4261 1737 proficiscenti
4296 1652 4542 1718 nullum
4577 1654 4831 1740 penitus

1192 1756 1518 1839 damnum,
1571 1756 1815 1820 nullam
1862 1756 2188 1840 injuriam,
2236 1755 2599 1820 molestiam
2646 1755 2749 1819 vel
2799 1755 3131 1838 offensam,
3180 1761 3293 1818 aut
3341 1755 3625 1821 familiae
3673 1779 3851 1840 suae,
3890 1758 4127 1822 inferre
4175 1768 4611 1845 praesumant.
4661 1761 4832 1836 Quin

1194 1863 1406 1949 potius
1454 1885 1599 1928 cum
1648 1863 2012 1927 reverentia
2058 1862 2184 1927 Dei
2231 1863 2584 1949 suscipiant
2630 1862 3074 1927 favorabiliter
3119 1863 3635 1927 commendatum
3682 1885 3828 1928 cum
3875 1865 4049 1929 omni
4095 1866 4342 1930 familia
4389 1888 4526 1931 sua.

1364 1972 1523 2036 Dat.
1557 1970 1798 2036 Rhodii
1846 1971 1964 2034 sub
2014 1970 2215 2034 nostri
2260 1971 2491 2035 secreti
2540 1970 2959 2056 impressione
3008 1969 3228 2054 sigilli,
3264 1969 3368 2034 die
3409 1969 3492 2035 V.
3526 1972 3763 2035 mensis
3812 1972 4073 2058 augusti
4111 1972 4643 2056 MCCCCLVII.,
4677 1998 4835 2061 pon-

1190 2078 1468 2143 tificatus
1530 2077 1916 2142 sanctissimi
1978 2077 2043 2141 in
2108 2076 2361 2142 Christo
2426 2078 2626 2163 patris
2675 2085 2738 2141 et
2785 2076 3026 2140 domini
3086 2077 3285 2141 nostri
3351 2077 3615 2142 Callixti
3663 2078 3883 2142 divina
3930 2079 4336 2164 providentia
4395 2080 4616 2168 Papae
4663 2083 4828 2166 III.,

1188 2207 1360 2250 anno
1408 2185 1536 2250 III.

4183 2294 4642 2362 HUMBERTUS.

1188 2528 1519 2602 Alterum
1576 2554 1745 2602 vero
1804 2537 1910 2601 cst
1969 2528 2367 2622 Sixti1V.,
2412 2527 2532 2624 qui
2590 2552 2717 2625 pro
2776 2527 3111 2622 Georgi0‚
3154 2552 3360 2624 opem
3406 2528 3828 2625 implorante
3885 2530 3978 2602 ad
4031 2528 4433 2603 liberandos
4480 2555 4518 2603 e
4557 2531 4827 2604 Turca-

1188 2680 1346 2727 rum
1401 2655 1816 2752 captivitate
1873 2653 2051 2726 filios
2109 2653 2592 2748 charissimOS,
2653 2651 3080 2750 apostolicas
3146 2652 3389 2725 literas
3454 2654 3774 2750 expediri
3822 2655 4072 2750 jussit,
4134 2680 4434 2752 quarum
4490 2655 4664 2729 haec
4720 2666 4830 2729 est

1195 2781 1423 2853 forma
1451 2807 1465 2852 ε

1596 3009 1808 3073 Sirius
1856 3008 2210 3093 Epe‘scopitS,
2261 3009 2487 3072 Servus
2534 3008 2863 3072 Servorum
2909 3007 3049 3072 Dei.
3116 3007 3423 3071 Vniversis
3474 3007 3712 3071 Christi
3751 3008 4035 3091 fidelibus
4075 3017 4422 3094 praesentes

2019 3118 2229 3180 literas
2276 3118 2634 3200 inspecturis
2677 3117 2936 3179 salutem
2983 3123 3036 3178 et
3081 3116 3464 3198 almstolicam
3511 3114 3994 3180 benedictionem.

1360 3330 1553 3395 Pium
1601 3337 1666 3395 et
1710 3330 2111 3394 meritorium
2157 3329 2329 3415 apud
2376 3328 2591 3393 Deum
2637 3337 2757 3393 etc.
2808 3328 2970 3394 Cum
3035 3329 3286 3415 itaque,
3336 3330 3500 3394 sicut
3562 3330 3961 3417 accepimus,
4011 3330 4161 3395 olim
4224 3337 4368 3417 post
4424 3331 4826 3417 deperditam

1184 3439 1511 3503 civitatem
1559 3437 2331 3524 constantinopolitanam
2377 3443 2440 3500 et
2488 3436 2570 3500 ab
2620 3436 3010 3522 impiissimis
3062 3435 3301 3500 Christi
3357 3436 3600 3501 nomini
3649 3436 3875 3501 Turcis
3926 3437 4216 3501 hostibus
4263 3444 4519 3524 captam
4567 3445 4632 3502 et
4677 3440 4826 3504 sub-

1178 3547 1511 3631 jugatam,
1561 3545 1833 3609 dilectus
1897 3545 2067 3608 filius
2132 3545 2453 3630 Georgius
2515 3544 2968 3630 Diplovatacci
3032 3544 3187 3608 olim
3250 3544 3484 3608 nobilis
3546 3545 4314 3630 constantinopolitanus,
4364 3568 4446 3609 ex
4509 3546 4827 3632 imperiali

1182 3653 1403 3718 sobole
1450 3653 1744 3739 genitus,
1795 3652 1905 3737 qui
1952 3651 2251 3717 dominus
2299 3653 2419 3716 fuit
2467 3651 2686 3739 oppidi
2734 3651 3088 3737 nuncupati
3151 3651 3362 3715 Castri
3425 3651 3489 3714 iu
3552 3651 3764 3715 insula
3828 3650 4228 3716 Stelliminea
4293 3659 4356 3716 et
4418 3660 4702 3717 castrum
4762 3660 4826 3717 et

1184 3760 1463 3824 insulani
1508 3759 1879 3844 hujusmodi
1927 3760 2222 3840 tenebat,
2258 3760 2397 3823 zelo
2442 3759 2593 3822 fidei
2641 3780 2951 3822 accensus
2998 3758 3177 3822 illam
3217 3757 3425 3821 bonae
3459 3758 3806 3822 memoriae
3839 3757 4165 3822 Lodovico
4198 3759 4369 3824 tituli
4402 3781 4452 3822 s.
4488 3759 4825 3823 Laurentii

1182 3867 1247 3932 in
1294 3867 1581 3933 Damaso
1630 3866 1986 3954 presbitero
2037 3865 2370 3949 cardinali,
2406 3875 2558 3931 tunc
2606 3865 2669 3929 in
2719 3865 3011 3952 partibus
3059 3864 3188 3929 illis
3219 3864 3636 3951 Apostolicae
3686 3864 3872 3929 Sedis
3905 3864 4141 3951 legato,
4178 3866 4514 3931 restituere
4562 3873 4625 3931 et
4676 3889 4826 3933 con-

1182 3977 1441 4062 signare
1477 4024 1699 4040 .....
1751 3997 1825 4039 ac
1891 3982 2177 4061 tempore
2227 3975 2336 4039 illo
2401 3976 2467 4038 in
2537 3974 2814 4060 negotiis
2864 3973 3203 4038 Cruciatae
3251 3974 3414 4037 bene
3464 3995 3538 4037 ac
3586 3973 3998 4038 laudabiliter
4045 3996 4112 4037 se
4160 3974 4453 4060 gesserit,
4495 3975 4825 4061 multaque

1181 4084 1354 4147 mala
1402 4090 1465 4147 et
1512 4082 1749 4147 damna
1798 4082 1880 4146 ab
1930 4083 2085 4168 ipsis
2134 4082 2361 4146 Turcis
2410 4081 2765 4168 pertulerit.
2801 4080 2886 4145 Et
2933 4088 3276 4167 postquam
3318 4080 3471 4144 dicti
3506 4080 3699 4145 Turci
3733 4089 4014 4145 castrum
4046 4088 4110 4145 et
4143 4081 4417 4145 insulam
4452 4081 4824 4166 hujusmodi

1186 4191 1549 4273 habuerint,
1583 4189 1666 4253 ab
1716 4188 1959 4253 eisdem
2002 4189 2239 4253 multas
2288 4189 2766 4275 persecutiones
2815 4209 3044 4274 passus
3093 4187 3401 4270 extiterit,
3437 4209 3512 4252 ac
3560 4188 3904 4252 novissime
3951 4188 4388 4274 superioribus
4436 4188 4662 4252 diebus
4695 4188 4822 4254 duo

1186 4298 1328 4382 ejus
1373 4297 1489 4361 filii
1535 4318 1618 4361 ex
1668 4296 1951 4381 Corcyra
1998 4296 2230 4379 insula,
2264 4296 2375 4359 ubi
2423 4296 2820 4359 domicilium
2870 4294 3173 4375 habebat,
3208 4316 3434 4359 versus
3479 4294 3786 4380 Apuliam
3833 4294 4214 4379 navigantes
4248 4295 4330 4358 ab
4364 4295 4519 4380 ipsis
4562 4294 4822 4381 perfidis

1186 4404 1414 4468 Turcis
1460 4405 1632 4490 capti
1679 4411 1742 4467 ct
1791 4403 2414 4489 Constantinopolim
2461 4403 2680 4484 delati,
2732 4403 2796 4466 in
2847 4402 3144 4466 manibus
3191 4402 3472 4488 praefati
3517 4402 3711 4466 Turci
3758 4402 3950 4488 positi
3997 4402 4263 4485 fuerint,
4314 4424 4473 4488 quos
4521 4410 4634 4465 aut
4680 4403 4822 4466 neci

1186 4511 1441 4576 tradere
1489 4519 1602 4574 aut
1646 4511 1839 4574 fidem
1886 4510 2271 4574 catholicam
2319 4510 2646 4594 abnegare
2696 4510 2910 4574 facere
2961 4508 3412 4587 decreverant,
3448 4508 3570 4573 nisi
3615 4531 3683 4572 se
3732 4508 4099 4594 quingentis
4145 4508 4394 4572 ducatis
4441 4509 4688 4572 venetis
4737 4509 4820 4573 ab

1186 4620 1328 4703 ejus
1388 4618 1686 4683 manibus
1752 4618 1921 4681 infra
1985 4624 2230 4681 certum
2290 4624 2563 4703 tempus,
2614 4625 2765 4681 tunc
2830 4638 3229 4703 expressum,
3279 4638 3348 4679 se
3413 4614 3723 4680 redimere
3785 4616 4229 4701 promiserint3
4278 4616 4447 4702 quod
4494 4616 4691 4679 ctiam
4739 4616 4820 4679 ad

1186 4748 1409 4812 preces
1454 4725 1910 4790 nonnullorum
1956 4732 2386 4788 mercatorum
2433 4724 2930 4788 christianorum
2966 4724 3029 4786 in
3063 4723 3234 4786 dicta
3268 4722 3527 4786 civitate
3561 4722 4252 4808 constantinopolitana
4285 4722 4818 4787 commorantium

1185 4833 1596 4897 obtinuerint.
1630 4832 1767 4896 Nos
1814 4832 2012 4917 igitur
2059 4853 2137 4895 ne
2187 4831 2447 4895 eosdem
2490 4831 2780 4917 captivos
2812 4830 3006 4893 fidem
3038 4829 3436 4916 praedictam
3469 4829 3794 4913 abnegare
3828 4830 3932 4893 vel
3965 4830 4027 4893 in
4064 4829 4421 4893 Turcarum
4453 4829 4824 4894 eorumdem

1184 4940 1480 5004 manibus
1527 4940 1687 5004 mori
1736 4940 2089 5025 contingat,
2138 4938 2284 5003 illos
2331 4938 2413 5001 ab
2462 4939 2748 5024 ipsorum
2799 4937 3155 5001 Turcarum
3204 4936 3500 5000 manibus
3546 4936 3708 5022 eripi
3754 4936 4191 5000 desiderantes
4239 4958 4314 5000 ac
4362 4937 4714 5023 cupientes,
4749 4944 4819 5000 ut

1181 5047 1405 5111 fideles
1453 5047 1763 5133 praedicti
1811 5068 1927 5133 pro
1976 5045 2349 5110 eorumdem
2398 5045 2800 5131 captivorum
2848 5043 3228 5108 liberatione
3276 5065 3353 5107 eo
3402 5043 3758 5129 promptius
3804 5064 4030 5106 manus
4079 5043 4413 5128 porrigant
4447 5043 4816 5126 adjutrices,

1183 5177 1311 5240 quo
1358 5162 1515 5237 etc.,
1550 5161 1893 5239 propterea
1941 5153 2098 5239 ipsis
2147 5174 2298 5216 vere
2347 5152 2826 5239 poenitentibus
2873 5160 2936 5215 et
2985 5150 3312 5231 confessis,
3348 5150 3458 5235 qui
3505 5173 3621 5236 pro
3652 5150 4032 5214 liberatione
4065 5157 4127 5213 et
4160 5150 4599 5235 redemptione
4633 5172 4819 5236 prae-

1182 5261 1499 5325 dictorum
1544 5260 1817 5324 duorum
1865 5261 2267 5346 captivorum
2317 5259 2647 5345 praedicto
2682 5258 2987 5342 Georgio,
3023 5266 3134 5320 aut
3181 5256 3371 5320 alteri
3415 5257 3556 5340 ejus
3605 5257 3880 5338 nomine,
3917 5277 4142 5319 manus
4181 5256 4586 5342 porrexerint
4634 5256 4818 5341 adju-

1182 5369 1402 5451 trices,
1450 5374 1521 5431 ut
1568 5368 1951 5454 praefertur,
2000 5366 2161 5431 duos
2222 5387 2425 5430 annos
2458 5374 2521 5429 et
2568 5364 2836 5428 totidem
2883 5363 3335 5450 quadragenas
3381 5363 3460 5428 de
3507 5363 3811 5447 injunctis
3857 5363 3949 5426 eis
3997 5363 4406 5449 poenitentiis
4454 5363 4812 5428 misericor-

1182 5476 1348 5540 diter
1387 5475 1758 5539 relaxamus
1794 5474 2242 5560 praeseutibus
2276 5493 2609 5558 quousque
2642 5472 2919 5558 praefati
2953 5471 3080 5535 duo
3113 5471 3352 5557 captivi
3385 5470 3640 5534 liberati
3672 5470 3930 5552 fuerint,
3957 5478 4020 5533 et
4045 5491 4171 5533 non
4198 5470 4473 5555 amplius
4501 5470 4817 5534 valituris.

1358 5582 1603 5647 Datum
1673 5582 1958 5663 Romae,
2017 5580 2191 5666 apud
2259 5587 2551 5643 sanctum
2620 5577 2925 5660 Petrum,
2976 5599 3145 5642 anno
3215 5577 3687 5642 Incarnationis
3752 5577 4129 5641 Dominicae
4179 5575 4817 5641 MCCCCLXXVII.

1180 5696 1408 5754 octavo
1454 5689 1598 5753 idus
1648 5688 2035 5767 novembris,
2085 5686 2495 5772 pontificatus
2542 5685 2745 5748 nostri
2793 5707 2964 5750 anno
3012 5685 3308 5771 septimo.

1360 5797 1579 5860 Gratis
1627 5796 1707 5859 de
1756 5794 2061 5858 mandato
2109 5816 2193 5858 sS.
2244 5793 2487 5857 domini
2531 5793 2739 5857 nostri
2785 5793 3029 5880 Papae.

1532 5903 1642 5968 Jo.
1694 5923 1786 5966 DE
1834 5901 2074 5966 Sinus.
3728 5898 3810 5961 A.
3860 5899 4362 5979 ΤΒΑΡΕΖῐῖΉῐῑε,
4413 5898 4637 5982 gratis.

1532 6010 1610 6074 E.
1662 6010 2038 6073 BoxADmS.

1388 6264 1521 6336 IV.
1585 6264 1784 6352 Quae
1852 6261 2069 6333 fuerit
2143 6260 2396 6332 deinde
2468 6283 2711 6331 eorum
2783 6282 2978 6352 sors,
3039 6258 3360 6353 ignotum
3433 6266 3581 6351 est3
3643 6282 3769 6329 nec
3843 6281 4013 6329 vero
4089 6281 4429 6351 quaerere
4502 6266 4807 6354 oportet.

1174 6390 1488 6463 Thomas
1547 6396 1739 6459 certe
1797 6396 2042 6458 noster
2096 6393 2341 6457 tantae
2414 6383 2839 6456 calamitatis
2909 6383 3270 6480 particeps
3346 6406 3483 6454 non
3560 6382 3735 6477 fuit,
3796 6391 3868 6455 et
3940 6380 4170 6454 adhuc
4247 6381 4816 6454 adolescentulus

1174 6513 1479 6613 Neapoli
1537 6537 1679 6585 una
1736 6537 1896 6583 cum
1956 6511 2372 6608 parent-ibus
2430 6508 2770 6581 constitit.
2831 6508 3049 6580 Patre
3107 6507 3180 6579 in
3237 6507 3654 6603 Hispaniam
3713 6508 4032 6604 profecto
4107 6506 4196 6578 ad
4269 6508 4815 6604 promerendum
