5542 7775
1539 609 2003 661 SPECTANTIA
2058 609 2160 660 AD
2215 608 2727 659 PROFESSORBS
2787 607 2998 659 JURIS
3054 606 3323 657 01V1L18
4147 583 4245 655 65

613 769 816 834 tifices
861 777 927 833 et
974 768 1056 832 ad
1104 769 1314 855 ipsam
1361 787 1696 831 romanam
1740 765 2123 848 Ecclesiam,
2171 764 2363 851 pleno
2406 765 2553 848 jure
2600 785 2676 828 ac
2722 763 2973 848 integre
3021 763 3407 849 pertineant,
3458 770 3522 826 et
3568 762 3801 844 vestri,
3851 762 4252 827 sanctissime

612 876 812 940 Pater
857 883 922 940 et
968 874 1552 958 (161111116,Ν1611616
1599 894 1772 960 papa
1817 872 1981 954 III.,
2030 879 2095 936 et
2141 893 2581 936 successorum
2627 869 2999 935 eorumdem
3047 876 3112 933 61
3156 869 3356 956 ipsius
3402 868 3691 933 Ecclesie
3740 868 3912 956 pleni
3962 869 4252 955 dominii,

613 984 803 1070 iuris,
842 984 1141 1066 dicionis,
1188 981 1654 1063 iurisdicioniS,
1700 980 2039 1066 potestat-is
2086 1000 2160 1044 ac
2206 978 2605 1065 principatus
2653 977 2956 1060 existant,
3005 998 3123 1041 nec
3170 998 3298 1041 non
3345 985 3410 1041 et
3455 998 3571 1063 per
3618 975 4049 1041 iuramentum
4095 978 4251 1042 fide·

614 1091 815 1156 litatis
873 1090 1045 1177 quod
1089 1089 1275 1154 vobis
1320 1088 1782 1176 prestabimus,
1831 1107 1961 1151 non
2008 1085 2398 1149 intendimus
2460 1083 2631 1170 qued
2695 1105 2812 1169 per
2865 1083 3155 1171 predicta
3212 1083 3319 1148 vel
3381 1083 3645 1169 aliquod
3705 1083 4140 1170 predictorum
4187 1085 4255 1149 in

615 1199 833 1284 aliquo
880 1197 1228 1283 derogetur
1273 1196 1428 1278 iuri,
1478 1196 1533 1260 si
1580 1194 1749 1281 quod
1798 1215 1882 1257 ex
1927 1193 2306 1279 privilegiis,
2350 1191 2942 1274 consuetudinibus,
2975 1190 3355 1277 pacienibus
3402 1197 3467 1255 et
3513 1191 4055 1257 convencionibus
4100 1193 4256 1279 ipsis

616 1305 864 1370 civitati
906 1303 1318 1386 bononiensi,
1368 1302 1728 1367 terricterio
1778 1323 1854 1365 ac
1899 1299 2216 1365 districtui
2263 1305 2432 1363 esset
2475 1299 2765 1385 legitime
2813 1298 3219 1384 acquisitum.
3269 1297 3723 1362 Consentimur
3768 1307 3984 1364 tamen
4031 1307 4096 1365 et
4141 1323 4255 1365 vo·

614 1412 859 1494 lumus,
903 1411 1075 1496 quod
1121 1432 1237 1497 per
1280 1411 1450 1475 hanc
1494 1409 2037 1496 protestacienem
2081 1408 2205 1471 iuri
2249 1413 2466 1471 vestro
2514 1413 2580 1471 et
2625 1427 2999 1470 sucesorum
3046 1426 3122 1470 ac
3165 1404 3457 1470 Ecclesie
3503 1405 3937 1492 predictorum
3983 1407 4049 1472 in
4098 1407 4252 1473 civi-

615 1526 770 1602 tate,
802 1518 1093 1584 teriterio
1139 1525 1204 1582 et
1250 1517 1542 1582 districtu
1587 1515 1860 1602 prefatis
1907 1515 2131 1579 nulum
2177 1513 2601 1601 preiudicium
2648 1519 3014 1598 generetur,
3048 1533 3165 1577 1166
3213 1512 3695 1577 defensionibus
3741 1516 4253 1601 competentibus

616 1627 740 1714 ipsi
783 1647 1049 1692 romane
1095 1625 1387 1690 Ecclesie
1428 1624 1531 1689 vel
1564 1624 1710 1688 aliis
1742 1631 1966 1688 centra
2007 1621 2368 1708 privilegia,
2404 1620 2922 1703 consuetudines,
2957 1621 3287 1707 pactiones
3326 1621 3432 1684 vel
3465 1621 3931 1687 convenciones
3963 1623 4254 1709 predicta

617 1735 822 1800 ullum
866 1732 1270 1798 obstaculum
1314 1732 1418 1796 vel
1466 1731 1995 1818 impedimentum
2040 1729 2244 1817 possit
2291 1729 2458 1793 obici
2490 1729 2593 1792 vel
2629 1728 2902 1814 eppeni3
2947 1749 3070 1813 que
3104 1727 3510 1792 defensiones
3543 1728 3831 1813 legitime
3866 1738 4254 1818 competant,

617 1849 682 1908 et
727 1842 807 1906 de
855 1842 1016 1924 iure,
1062 1841 1230 1905 dicte
1292 1860 1557 1904 romane
1602 1837 1893 1903 Ecclesie
1948 1843 2173 1902 centra
2227 1836 2598 1923 privilegia,
2649 1833 3181 1916 consuetudines,
3229 1836 3560 1920 pactiones
3622 1836 3726 1900 vel
3789 1839 4256 1904 convenciones

616 1949 1009 2036 supradicta,
1044 1970 1127 2013 ex
1174 1946 1407 2033 quibus
1456 1945 1862 2010 obstaculum
1906 1945 2013 2008 vel
2058 1943 2563 2030 inpedimentum
2610 1949 2829 2029 pesset
2875 1940 3043 2006 obici
3087 1941 3191 2005 vel
3240 1942 3510 2028 epponi3
3558 1964 3678 2007 nec
3725 1944 4029 2030 predictis
4079 1969 4257 2012 reco-

616 2056 902 2143 gnicioni
948 2062 1013 2120 61
1058 2056 1419 2119 iuramento
1466 2053 1834 2135 fidelitatis,
1883 2073 2043 2138 quas
2089 2051 2464 2137 simpliciter
2511 2057 2575 2114 et
2622 2049 2916 2114 absolute
2971 2048 3504 2135 pretestabimus,
3554 2072 3669 2136 per
3731 2051 3850 2116 hec
3912 2053 3979 2117 in
4039 2055 4258 2140 aliquo

620 2165 1019 2231 detrahatur.
1048 2162 1368 2228 Volumus
1417 2168 1633 2225 tamen
1680 2167 1746 2225 et
1791 2166 2244 2247 protestamur,
2277 2165 2349 2223 ut
2394 2158 2638 2223 dictum
2684 2164 2803 2241 est,
2836 2164 2908 2221 ut
2955 2157 3097 2220 iura
3145 2156 3577 2243 predictorum
3616 2159 3915 2244 civitatis,
3950 2162 4259 2227 territorii

620 2280 686 2338 et
732 2272 1060 2336 districtus
1106 2270 1229 2334 sibi
1276 2276 1615 2334 serventur
1662 2268 1870 2333 illesa.

798 2379 1037 2444 Actum
1081 2377 1360 2463 Viterbij
1409 2377 1476 2441 in
1523 2375 1875 2462 episcopali
1920 2374 2173 2462 palacio
2220 2374 2288 2437 in
2335 2394 2594 2438 camara
2640 2374 2884 2438 domini
2928 2373 3130 2460 Pape‚
3171 2394 3386 2438 coram
3434 2373 3535 2438 his
3582 2373 3874 2456 testibus,
3911 2375 4118 2440 silicet
4149 2399 4258 2442 ve-

620 2487 1017 2553 nerabilibus
1062 2485 1356 2572 patribus
1401 2483 1660 2549 domino
1708 2482 1996 2548 Orlando
2043 2481 2345 2567 episcopo
2393 2480 2754 2562 narniensI,
2802 2481 3060 2546 domino
3129 2479 3444 2545 Gaufrido
3506 2480 3808 2567 episcopo
3865 2482 4258 2568 taurinensi,

619 2595 879 2660 domino
925 2591 1214 2657 Orlando
1277 2592 1577 2678 episcopo
1634 2589 2070 2671 massanensi,
2116 2587 2374 2652 domino
2420 2587 2653 2673 Ugone
2701 2588 3002 2674 episcopo
3051 2588 3336 2671 troian0,
3385 2587 3643 2652 domino
3705 2588 4075 2654 Fidesnudo
4124 2591 4258 2677 epi-

620 2723 816 2788 scopo
862 2700 1138 2782 fanensi,
1187 2698 1444 2763 demine
1489 2697 1751 2783 Philipo
1798 2696 2005 2762 electo
2051 2701 2426 2776 mantuane,
2459 2695 2948 2759 honorabilibus
2992 2694 3147 2758 viris
3189 2693 3501 2780 magistro
3541 2695 3737 2760 Petro
3769 2695 3849 2760 de
3880 2695 4250 2763 Mediolano

619 2816 842 2874 sancte
886 2806 1178 2872 Ecclesie
1225 2826 1490 2870 romane
1550 2804 2118 2887 vizecancellarie,
2165 2803 2476 2889 magistre
2540 2802 2893 2867 Benedicto
2954 2803 3033 2866 de
3080 2801 3409 2887 Anagnia,
3448 2804 3702 2868 notario
3751 2804 3995 2870 domini
4053 2827 4261 2892 pape,

619 2917 822 2981 fratre
866 2914 1229 3000 Uguiciene
1278 2919 1343 2977 61
1389 2913 1589 2977 fratre
1636 2911 1883 2977 Jacobo
1929 2911 2333 2999 Pocapalea,
2384 2908 2795 2975 cubiculariis
2842 2908 3084 2974 domini
3128 2931 3330 2995 pape,
3379 2909 3678 2976 Rolando
3721 2912 3800 2976 de
3839 2912 4214 2978 Romanziis
4242 2964 4259 2997 ,

621 3024 1030 3089 Thomaxino
1078 3020 1401 3086 Gnidonis
1440 3020 1754 3085 Ubaldini
1800 3027 1865 3084 et
1908 3019 2082 3084 Pace
2128 3020 2209 3084 (16
2254 3019 2557 3101 Pacibus,
2601 3018 2766 3103 juris
2816 3017 3021 3081 civilis
3068 3017 3561 3103 professoribus,
3612 3017 3890 3084 Galaoto
3938 3020 4017 3085 de
4064 3021 4259 3086 Lam-

619 3131 910 3212 bertinis,
961 3128 1258 3193 Guidone
1307 3127 1386 3191 (16
1436 3127 1741 3210 Galbulo,
1789 3126 2039 3190 Thema
2085 3126 2163 3191 de
2213 3126 2531 3191 Gisileriis
2578 3135 2643 3192 et
2687 3124 3005 3190 Nicholao
3054 3125 3134 3189 de
3179 3124 3581 3210 Lastiguano
3630 3127 3880 3220 nunciis
3927 3135 3991 3192 et
4038 3128 4259 3192 amba-

618 3237 957 3303 xateribus
1005 3235 1377 3300 Communis
1422 3234 1738 3299 Bononie.

799 3343 945 3429 Ego
990 3342 1237 3406 Paulus
1285 3341 1364 3406 de
1410 3342 1648 3424 Reate,
1696 3341 2051 3427 apostolica
2097 3341 2480 3405 auctoritate
2530 3348 2593 3405 et
2638 3362 2808 3405 nunc
2858 3340 3129 3405 Camars
3177 3338 3417 3404 domini
3463 3361 3631 3425 pape
3674 3340 3997 3423 notarius,
4044 3342 4258 3427 predi-

623 3452 743 3518 ctis
788 3450 1055 3515 interfui
1097 3456 1181 3532 et,
1230 3456 1302 3513 ut
1348 3471 1543 3535 supra
1591 3449 1831 3534 legitur
1876 3454 2163 3533 rogatus,
2211 3448 2460 3535 scripsi,
2509 3448 2834 3536 publicavi
2883 3455 2947 3512 et
2992 3432 3250 3532 signum
3296 3447 3442 3511 feci.

801 3557 946 3642 Ego
990 3555 1434 3620 Bernardinus
1478 3555 1860 3642 Uguicionis
1910 3555 1989 3620 (16
2034 3555 2504 3641 BambagloliS,
2539 3555 2858 3640 imperiali
2905 3554 3288 3619 auctoritate
3337 3552 3646 3637 notarius,
3694 3561 3766 3617 ut
3822 3554 3888 3617 in
3934 3555 4258 3619 autentico

623 3665 779 3730 dicti
824 3664 1018 3729 Pauli
1063 3663 1301 3747 inveni,
1351 3663 1443 3727 ita
1488 3663 1660 3726 bena
1706 3663 1831 3727 fide
1879 3663 2249 3749 exemplavi
2294 3670 2359 3727 et
2404 3661 2653 3749 scripsi.

2251 3929 2644 3995 XXXVIII.

2182 4125 2355 4190 1279
2374 4176 2392 4210 ,
2443 4127 2481 4189 1
2530 4128 2711 4190 iunii.

986 4323 1091 4388 Ex
1139 4323 1492 4387 Tabulario
1538 4322 1717 4386 Max.
1766 4322 2055 4406 Bonon.,
2105 4323 2170 4387 in
2218 4322 2704 4387 Memorialibus
2754 4322 3125 4388 Communis
3175 4322 3483 4405 (Memor.
3534 4323 3898 4388 Zacharelli

1177 4430 1503 4516 quondam
1551 4429 1915 4495 Guidottini
1959 4429 2038 4494 de
2086 4430 2353 4513 BanziS,
2403 4451 2507 4494 an.
2554 4429 3197 4513 MCCLXXVIIII.,
3246 4452 3374 4496 car.
3425 4433 3555 4495 222
3602 4453 3653 4495 r.
3671 4432 3719 4515 ).

800 4628 925 4693 Die
967 4627 1139 4713 jovis
1188 4625 1394 4713 primo
1421 4626 1614 4711 junij.
1643 4625 2076 4703 (ll-‘Dominus
2108 4625 2485 4712 Paganinus
2518 4626 2597 4691 (16
2629 4626 2809 4710 Pize,
2842 4634 3221 4713 procurator
3252 4629 3495 4694 demini
3528 4629 3844 4695 Gnidonis
3875 4629 3956 4694 de
3990 4630 4255 4696 Suzaria

624 4734 902 4801 doctoris
949 4734 1189 4818 legum,
1223 4733 1517 4819 promisit
1561 4732 1820 4798 demine
1866 4733 2135 4798 Nathali
2179 4733 2496 4819 Raynerij
2552 4740 2617 4798 et
2648 4734 2908 4799 demine
2938 4734 3202 4801 Liberio
3249 4737 3604 4802 chanenice
3637 4737 3990 4823 Aquitano,
4023 4737 4256 4802 Recto-

627 4841 807 4906 ribus
854 4841 1200 4906 scolarium
1246 4840 1526 4905 civitatis
1570 4839 1886 4922 Bononie,
1920 4840 2092 4926 quod
2137 4840 2345 4905 dictus
2393 4841 2689 4905 deminus
2732 4841 2945 4906 Guide
2992 4843 3209 4908 veniet
3255 4843 3336 4907 ad
3385 4844 3709 4908 civitatem
3749 4844 4043 4909 Benenie
4091 4845 4262 4909 infra

629 4949 995 5034 quindecim
1041 4948 1178 5012 dies
1224 4954 1371 5033 post
1414 4947 1651 5011 festum
1712 4947 1888 5012 beati
1951 4946 2291 5013 Michaelis
2344 4955 2411 5013 et
2472 4949 2647 5034 leget
2703 4948 3050 5034 Digestum
3097 4971 3334 5014 nevum
3387 4951 3904 5017 extraordinarie
3967 4959 4032 5017 et
4094 4974 4263 5018 com-

625 5056 831 5143 plebit
873 5055 1141 5135 librum,
1189 5063 1255 5119 et
1298 5055 1423 5120 hoc
1469 5076 1587 5141 pro
1633 5055 1850 5141 precio
1899 5063 2336 5119 trecentarum
2380 5056 2693 5121 librarum
2739 5056 3228 5121 bononenerum
3271 5057 3736 5144 promissarum
3780 5059 4068 5145 predicte
4115 5082 4263 5151 pro-

627 5163 912 5230 curatori
957 5185 1074 5249 per
1119 5163 1402 5228 scolares
1448 5163 1764 5246 Bononie,
1798 5170 1864 5228 et
1909 5163 2033 5228 hoc
2079 5163 2198 5227 sub
2237 5184 2408 5249 pena
2437 5170 2874 5229 trecentarum
2904 5164 3218 5229 librarum
3248 5166 3755 5249 bononenerum,
3788 5188 3935 5231 cum
3967 5168 4263 5233 omnibus

627 5273 854 5359 pactis,
888 5270 1390 5353 condicionibus,
1423 5270 1848 5335 instrumento
1895 5270 2143 5336 Mathai
2190 5270 2442 5356 Cambij
2489 5272 2726 5367 notarij
2775 5272 2966 5337 hodie
3013 5272 3184 5338 facte
3232 5273 3299 5337 in
3347 5274 3632 5338 stacione
3680 5273 3922 5338 domini
3967 5274 4264 5340 Ardicio-

629 5379 766 5462 nis,
813 5378 1220 5465 presentibus
1283 5377 1540 5442 domine
1602 5377 1877 5443 Alberto
1940 5378 2020 5443 (16
2082 5378 2433 5463 Picigotis,
2482 5378 2740 5443 domino
2806 5379 3098 5445 Gerardo
3158 5380 3525 5466 Figaboza,
3574 5381 3832 5446 domino
3878 5382 4137 5447 Ubaldo
4183 5383 4265 5448 de

628 5483 1110 5551 Altenminellis
1155 5484 1235 5549 de
1281 5484 1509 5549 Lucha
1563 5492 1628 5550 et
1670 5485 1732 5549 N
1736 5485 1943 5550 icolao
1992 5485 2235 5551 domini
2278 5485 2508 5571 Vigilii
2556 5487 2864 5571 testibus3
2898 5494 2964 5551 et
3010 5487 3272 5574 insuper
3315 5488 3611 5553 deminus
3655 5488 3993 5554 Rodaldus
4026 5489 4104 5555 de
4136 5490 4265 5555 La-

628 5592 951 5658 mandinis
1007 5598 1072 5656 et
1119 5591 1413 5656 dominus
1458 5592 1693 5658 Petrus
1739 5593 2014 5658 condam
2060 5593 2302 5659 domini
2350 5594 2684 5677 Coradini,
2727 5595 3025 5681 precibus
3072 5602 3137 5660 et
3182 5595 3487 5661 mandato
3528 5596 3682 5661 dicti
3719 5597 4155 5683 procuratoris
4202 5605 4268 5662 61

631 5699 875 5766 (161111111
921 5699 1219 5765 Galaocti
1266 5700 1345 5764 (16
1393 5700 1850 5785 Lambertinis,
1881 5702 2316 5789 promiserunt
2360 5724 2430 5767 66
2474 5702 2722 5768 saturos
2769 5711 2835 5769 et
2881 5710 3216 5769 curaturos
3264 5705 3435 5790 qued
3477 5704 3684 5770 dictus
3726 5705 4019 5770 deminus
4053 5705 4268 5771 Guido

628 5807 914 5873 servabit
958 5816 1024 5871 et
1069 5806 1265 5871 faciet
1308 5807 1619 5894 predicta,
1654 5808 1773 5873 sub
1821 5830 1991 5895 pena
2036 5817 2471 5875 trecentarum
2516 5810 2830 5875 librarum
2875 5811 3398 5895 bononenerum,
3440 5819 3503 5877 et
3536 5813 3743 5877 dictus
3791 5812 4088 5877 dominus
4135 5813 4266 5879 Ga-

626 5915 878 5980 laoctus
924 5914 1217 6001 promisit
1262 5914 1586 6001 predictos
1633 5915 1924 5980 domines
1969 5916 2339 5982 Rodaldum
2379 5923 2444 5982 et
2474 5916 2743 5981 Petrum
2790 5917 3166 6004 indempnes
3213 5940 3634 6003 conservare3
3676 5926 3741 5983 et
3787 5920 3994 5984 dictus
4040 5941 4267 6006 procu-

630 6029 829 6105 rator,
877 6022 1322 6108 procuratorio
1371 6022 1628 6086 nomine
1676 6021 1832 6087 dicti
1876 6022 2118 6087 domini
2168 6023 2505 6107 Gnidonis,
2554 6024 2797 6089 dictum
2843 6023 3173 6090 dominum
3229 6025 3610 6091 Galaectum
3660 6026 4071 6113 indempnem
4117 6049 4267 6092 con-

634 6149 897 6193 servare
946 6149 986 6191 a
1033 6127 1204 6193 dicta
1250 6129 1674 6216 promissione
1723 6136 1788 6194 et
1820 6129 2237 6216 obligatione,
2271 6152 2355 6194 ex
2388 6130 2812 6196 instrumento
2844 6131 2997 6196 dicti
3028 6131 3275 6196 Mathei
3308 6133 3560 6219 Cambij
3602 6133 3839 6219 notarij
3888 6133 4058 6199 facto
4100 6134 4272 6199 dicta

631 6234 756 6319 die,
789 6235 954 6319 loce,
990 6241 1053 6300 et
1099 6235 1508 6327 presentibus
1555 6233 1742 6300 dictis
1790 6235 2083 6319 testibus,
2131 6242 2196 6300 et
2243 6236 2410 6301 sicut
2453 6236 2726 6323 predicti
2770 6244 3087 6302 venerunt
3105 6236 3183 6303 (1)
3217 6245 3282 6303 et
3327 6239 3522 6304 scribi
3567 6239 3878 6305 fecerunt.

793 6466 872 6532 (1)
912 6465 1016 6518 stc.

1009 6729 1148 6768 rou.
1185 6730 1251 6768 11.
2604 6760 2609 6765 .
4078 6726 4109 6775 9
