5542 7775
1264 634 1414 704 2:28
2851 655 3331 705 MONUMENTA

1257 809 1447 873 nibus
1495 817 1560 873 et
1607 809 1843 891 omnia,
1894 816 1958 872 et
2005 808 2488 894 particulariter
2535 809 2618 873 ad
2667 831 2890 873 eorum
2939 811 3373 874 omnimodam
3421 811 3858 893 voluntatem,
3907 818 3971 875 et
4019 834 4103 875 ex
4150 833 4320 877 nunc
4366 821 4559 899 prout
4606 835 4688 878 ex
4736 824 4909 899 tunc,

1256 917 1642 981 adveniente
1692 937 1848 980 casu
1895 924 1958 979 et
2006 924 2296 1001 tempore
2344 937 2471 1001 quo
2519 916 2801 980 debeant
2850 917 3354 981 commissarium
3404 918 3758 1004 predictam
3807 940 4150 1001 exercere,
4199 921 4531 984 constituit
4587 942 4698 985 eos
4758 944 4907 987 suos

1253 1032 1704 1109 procuratores
1755 1024 1816 1087 in
1867 1045 2003 1087 rem
2051 1044 2256 1104 suam,
2308 1030 2378 1086 ut
2424 1024 2678 1109 possint
2723 1045 2801 1088 ea
2852 1024 3023 1088 bona
3072 1034 3135 1089 et
3177 1026 3329 1109 jura
3378 1025 3677 1106 vendere,
3712 1026 3998 1089 alienare
4046 1036 4111 1090 et
4158 1027 4515 1113 obbligare,
4550 1035 4615 1092 et
4654 1037 4905 1093 contra·

1256 1139 1396 1194 ctus
1444 1130 1658 1194 facere
1707 1151 1792 1193 ex
1838 1130 1954 1211 eis,
2001 1137 2193 1215 prout
2240 1129 2334 1192 eis
2380 1130 2735 1215 placuerit,
2786 1130 2865 1194 de
2913 1131 3231 1195 evictione
3280 1152 3509 1196 cavere
3558 1139 3623 1195 et
3670 1131 3940 1196 heredes
3986 1133 4187 1219 ipsius
4234 1142 4298 1197 et
4343 1133 4513 1198 bona
4572 1135 4906 1220 obbligare

1252 1246 1316 1301 et
1362 1238 1669 1323 pecunias
1719 1237 2006 1322 exigere,
2057 1237 2411 1300 solutiones
2459 1238 2768 1324 recipere,
2821 1239 3148 1302 solventes
3196 1239 3473 1303 liberare
3519 1246 3583 1303 et
3630 1240 3987 1321 absolvere,
4023 1247 4088 1304 ct
4135 1241 4351 1305 omnia
4398 1249 4464 1305 et
4510 1242 4768 1327 singula
4814 1243 4907 1306 fa·

1252 1365 1398 1408 cere
1443 1352 1508 1408 et
1555 1365 1860 1408 exercere
1906 1344 1972 1408 in
2016 1343 2261 1428 judicio
2312 1353 2376 1409 et
2422 1352 2629 1426 extra,
2666 1366 2792 1431 que
2834 1345 2971 1431 ipse
3007 1345 3175 1409 idem
3210 1353 3480 1409 testator
3511 1368 3679 1410 nuuc
3714 1346 3928 1410 facere
3962 1355 4198 1433 posset,
4235 1369 4437 1433 usque
4471 1348 4549 1411 ad
4589 1349 4907 1435 integram

1257 1451 1770 1515 satisfactionem
1818 1452 2106 1515 omnium
2151 1452 2585 1537 predictorum
2634 1452 3037 1538 singulorum
3086 1452 3643 1538 infrascriptorum
3693 1462 3756 1518 et
3814 1475 3897 1518 ex
3961 1476 4130 1519 nunc
4177 1455 4493 1519 dictorum
4542 1456 4907 1521 commissa-

1255 1559 1498 1623 riorum
1549 1559 1805 1623 nomine
1853 1580 1922 1623 se
1970 1580 2377 1645 possessores
2426 1559 2747 1642 costituit3
2798 1560 3021 1624 volens
3069 1560 3264 1623 etiam
3315 1567 3379 1624 et
3427 1561 3743 1624 mandans
3777 1561 3949 1647 quod
3980 1561 4060 1626 de
4094 1561 4279 1626 bonis
4313 1563 4445 1627 suis
4478 1564 4814 1627 solvantur
4843 1574 4908 1628 et

1254 1666 1674 1730 restituantur
1722 1666 1938 1730 omnia
1986 1673 2050 1733 et
2099 1667 2356 1752 singula
2389 1667 2557 1731 male
2593 1668 2815 1731 ablata
2851 1675 2915 1731 et
2948 1667 3168 1731 illicite
3202 1668 3518 1752 acquisita
3551 1690 3667 1754 per
3701 1668 3911 1754 ipsum
3944 1676 4319 1733 testatorem
4351 1670 4647 1736 omnibus
4680 1678 4743 1735 et
4776 1672 4904 1735 siu-

1252 1774 1423 1859 gulis
1470 1795 1509 1836 a
1557 1774 1790 1859 quibus
1840 1773 2061 1838 illicite
2111 1774 2560 1859 acquisivisset
2607 1775 2711 1838 vel
2767 1774 3138 1855 habuisset,
3196 1781 3259 1838 et
3306 1774 3502 1838 etiam
3549 1775 3633 1838 ad
3688 1775 3981 1861 predicta
4040 1776 4211 1840 male
4273 1777 4492 1840 ablata
4557 1784 4622 1841 et
4684 1777 4904 1842 illicite

1251 1881 1570 1967 acquisita
1632 1881 2107 1944 commissarios
2165 1902 2314 1945 suos
2361 1902 2502 1945 esse
2567 1881 2770 1945 voluit
2833 1882 3156 1968 predictos
3217 1881 3816 1967 supranominatos,
3864 1890 3937 1946 ut
3986 1883 4268 1969 possint,
4315 1884 4370 1947 si
4416 1884 4510 1948 eis
4556 1884 4901 1970 placuerit,

1250 1988 1542 2074 predicta
1591 1988 1848 2052 effectui
1897 1988 2326 2070 demandare,
2376 1978 2591 2052 facere
2654 1997 2739 2053 et·
2782 1989 3104 2074 complere
3152 1988 3505 2053 secundum
3552 1989 3789 2054 bonam
3838 1991 4298 2055 conscientiam
4346 1990 4660 2077 ipsorum,
4710 1999 4775 2056 et
4822 1992 4901 2057 de

1245 2082 1401 2178 boc,
1452 2095 1622 2181 quod
1671 2096 1965 2160 fecerunt
2010 2096 2075 2159 in
2125 2096 2430 2182 predictis
2478 2104 2542 2160 et
2591 2097 2882 2181 quolibet
2928 2096 3402 2183 predictorum,
3454 2118 3577 2160 uon
3626 2097 3875 2183 possint
3936 2099 4039 2162 vel
4088 2098 4367 2162 debeant
4413 2098 4630 2184 aliquo
4680 2100 4897 2182 modo,

1250 2203 1356 2266 vel
1401 2204 1661 2267 racione
1710 2203 1930 2288 aliqua
1976 2203 2060 2267 ab
2109 2203 2237 2267 alio
2287 2204 2388 2268 vel
2437 2204 2764 2289 aliquibus
2814 2203 3071 2289 inquiri,
3120 2204 3224 2268 vel
3274 2202 3546 2289 requiri,
3595 2212 3708 2268 aut
3755 2205 4117 2287 molestari,
4169 2226 4287 2269 nec
4334 2205 4527 2269 alicui
4584 2205 4901 2271 rationem

1253 2309 1522 2373 reddere
1568 2316 1931 2391 teneantur,
1982 2331 2099 2374 nec
2148 2311 2395 2397 possint
2443 2310 2763 2396 compelli.

1427 2416 1633 2481 Porro
1681 2417 1886 2481 voluit
1933 2424 1997 2481 et
2045 2418 2411 2499 mandavit,
2462 2417 2634 2503 quod
2696 2418 2751 2481 si
2817 2418 3051 2503 aliquis
3106 2439 3287 2482 error
3335 2418 3457 2483 fuit
3507 2421 3569 2482 in
3616 2419 3867 2483 ratione
3932 2440 4125 2504 quam
4187 2418 4341 2483 olim
4396 2419 4625 2483 habuit
4687 2419 4901 2484 facere

1253 2524 1389 2610 ipse
1440 2532 1711 2589 testator
1757 2532 2045 2610 tempore
2095 2546 2422 2589 rumorum
2473 2525 2853 2589 vastationis
2900 2524 3193 2589 Bononie
3242 2547 3389 2590 cum
3435 2527 3562 2590 illis
3611 2526 3691 2590 de
3738 2526 4009 2590 Marauo
4046 2534 4111 2590 et
4144 2526 4272 2591 illis
4305 2526 4385 2590 de
4426 2526 4901 2612 Plantavignis‚

1251 2633 1523 2697 satisfiat
1572 2633 1664 2697 eis
1713 2633 2067 2697 secundum
2115 2633 2287 2719 quod
2334 2634 2617 2698 dixerint
2663 2634 2867 2698 frater
2913 2633 3288 2699 Ostexanus
3336 2643 3402 2699 et
3448 2635 3746 2700 dominus
3803 2635 4249 2699 Thomaxinus
4305 2635 4384 2699 de
4446 2635 4899 2721 Plantavignis

1249 2762 1454 2826 usque
1515 2741 1599 2804 ad
1662 2741 2090 2827 quantitatem
2155 2742 2386 2826 viginti
2449 2742 2731 2827 quinque
2796 2741 3105 2805 librarum
3169 2742 3692 2825 bononenorum,
3742 2753 3805 2806 et
3854 2742 4023 2828 quod
4068 2742 4366 2806 Ventura
4413 2749 4477 2806 et
4524 2742 4774 2807 Fuscus
4822 2743 4902 2807 de

1248 2848 1683 2931 ColumbariO,
1732 2848 2074 2912 comitatus
2135 2849 2532 2931 Florentini,
2583 2851 2693 2935 qui
2757 2849 3019 2913 fuerunt
3072 2850 3172 2912 sui
3220 2850 3659 2933 laboratores,
3708 2850 4130 2913 absolvantur
4176 2850 4260 2913 ab
4308 2851 4482 2914 omni
4528 2872 4605 2914 eo
4653 2858 4717 2914 et
4764 2858 4898 2914 toto

1250 2955 1422 3041 quod
1471 2955 1594 3019 sibi
1643 2962 2018 3019 tenerentur
2065 2977 2469 3041 quacumque
2518 2957 2597 3020 de
2647 2978 2866 3038 causa,
2916 2957 3019 3020 vel
3068 2956 3258 3021 modo
3307 2978 3731 3043 quocumque.

1427 3062 1502 3126 In
1554 3063 1849 3126 omuibus
1897 3063 2041 3126 aliis
2090 3064 2222 3127 suis
2272 3063 2456 3127 bonis
2501 3064 2846 3128 mobilibus
2893 3072 2958 3127 et
2999 3064 3454 3146 immobilibuS,
3485 3065 3741 3148 juribus
3775 3070 3839 3128 et
3872 3063 4232 3128 actionibus
4266 3072 4329 3127 et
4362 3064 4741 3145 rationibus,
4776 3064 4899 3128 sibi

1251 3170 1763 3255 competentibus
1811 3176 1876 3233 et
1923 3170 2384 3256 competituris,
2435 3170 2559 3234 sibi
2607 3170 2877 3235 heredes
2927 3171 3203 3234 instituit
3249 3179 3314 3235 et
3360 3192 3500 3235 esse
3549 3170 3755 3235 voluit
3802 3170 4128 3234 dominam
4175 3170 4422 3235 Minam
4469 3192 4653 3234 suam
4700 3170 4901 3234 filiam

1250 3299 1368 3363 pro
1415 3276 1615 3340 tercia
1663 3284 1881 3362 parte,
1932 3278 2362 3362 computando
2412 3278 2474 3340 in
2524 3278 2639 3341 illa
2685 3279 2889 3342 tercia
2934 3285 3120 3364 parte
3169 3278 3350 3341 dotes
3397 3299 3549 3341 suas
3600 3277 3908 3362 integras,
3959 3298 4121 3363 quas
4185 3277 4423 3341 dixerit
4478 3277 4677 3341 fuisse
4724 3277 4900 3342 mille

1248 3384 1620 3448 florinorum
1670 3385 1833 3467 auri,
1868 3392 1933 3447 et
1980 3384 2312 3448 Taddeum
2364 3406 2548 3448 suum
2599 3385 2799 3448 filium
2849 3407 2967 3471 pro
3016 3385 3146 3449 alia
3194 3385 3395 3449 tercia
3443 3393 3648 3471 parte,
3685 3392 3749 3449 et
3798 3384 4071 3470 Opizum
4120 3406 4307 3448 suum
4342 3392 4663 3471 nepotem,
4696 3385 4899 3448 filium

1246 3491 1572 3577 quondam
1619 3491 2004 3576 Bonaguide
2052 3492 2151 3555 sui
2199 3491 2440 3574 fratris,
2476 3514 2591 3577 pro
2625 3493 2756 3555 alia
2806 3493 3007 3556 tercia
3056 3499 3261 3578 parte,
3296 3514 3441 3557 cum
3490 3491 3974 3556 condicionibus
4020 3500 4086 3556 et
4133 3492 4341 3555 modis
4390 3492 4659 3555 inferius
4709 3492 4901 3557 deno-

1245 3599 1398 3662 tatis
1461 3606 1525 3662 et
1580 3598 1872 3684 scriptiS,
1922 3599 2224 3663 videlicet
2285 3599 2456 3685 quod
2524 3600 2766 3686 Opizus
2829 3600 3156 3685 predictus
3203 3600 3282 3664 de
3331 3607 3515 3686 parte
3563 3600 3687 3663 sibi
3749 3600 4164 3685 contingente
4226 3599 4381 3663 dare
4445 3608 4775 3680 teneatur,
4834 3606 4897 3663 et

1247 3705 1482 3769 debeat
1529 3705 1862 3770 Beatrixie
1910 3727 2024 3770 sue
2072 3707 2276 3771 sorori
2340 3717 2404 3770 et
2465 3707 2593 3771 filie
2658 3707 2984 3793 quondam
3041 3707 3194 3771 dicti
3258 3707 3678 3792 Bonaguide,
3727 3714 4005 3793 quatuor
4065 3714 4322 3771 centum
4380 3707 4896 3793 vigintiquinque

1245 3812 1447 3876 libras
1515 3814 2004 3877 bononenorum
2069 3813 2152 3877 ad
2217 3814 2651 3878 maritandum
2716 3835 2898 3898 eam,
2948 3815 3053 3878 vel
3118 3813 3527 3901 Religionem
3590 3814 3981 3878 intrandum.
4031 3813 4117 3878 Et
4180 3813 4353 3900 quod
4400 3813 4608 3877 dictus
4656 3813 4898 3901 Opizus

1247 3921 1554 4006 quamdiu
1603 3921 1842 3985 dictam
1890 3922 2232 4008 pecuniam
2280 3944 2406 3986 non
2456 3922 2740 4003 solverit,
2773 3929 3072 3986 teneatur
3119 3929 3183 3986 et
3230 3923 3465 3987 debeat
3512 3930 3575 3987 et
3621 3922 3955 3986 allimenta
3987 3943 4276 4007 congrua
4309 3921 4463 3985 dare
4505 3929 4571 3985 et
4604 3929 4893 4007 prestare

1246 4028 1415 4092 dicte
1463 4028 1796 4093 Beatrixie
1844 4051 1957 4092 sue
2005 4030 2230 4094 sorori.
2275 4030 2444 4094 Item
2491 4029 2664 4116 quod
2710 4030 2848 4115 ipse
2898 4028 3139 4114 Opizus
3174 4037 3489 4111 teneatur,
3523 4036 3587 4093 et
3634 4029 3867 4093 debeat
3916 4028 4249 4092 allimenta
4295 4035 4585 4115 prestare
4633 4036 4699 4092 et
4740 4028 4893 4093 dare

1246 4135 1504 4199 domiue
1551 4135 1747 4199 Billie
1795 4158 1908 4200 sue
1959 4137 2183 4219 matri,
2234 4138 2339 4200 vel
2387 4137 2524 4200 dari
2574 4136 2696 4200 sibi
2744 4144 3001 4200 centum
3050 4137 3310 4200 florinos
3358 4136 3499 4200 auri
3547 4136 3628 4199 ad
3692 4136 4092 4200 voluntatem
4156 4136 4326 4200 dicte
4389 4136 4684 4216 domine3
4733 4143 4797 4199 et
4844 4136 4898 4199 si

1246 4243 1596 4327 contigerit
1637 4243 1879 4306 dictum
1928 4243 2201 4329 Opizum
2252 4243 2563 4308 decedere
2611 4244 2748 4306 sine
2798 4243 2950 4327 filijs
3000 4243 3300 4307 masculis
3350 4243 3676 4328 legitimis,
3710 4242 3913 4306 voluit
3948 4242 4084 4328 ipse
4124 4249 4396 4306 testator
4443 4248 4507 4305 et
4555 4241 4896 4324 ordinavit,

1246 4350 1417 4435 quod
1467 4349 1780 4413 medietas
1829 4349 2204 4414 hereditatis
2252 4351 2539 4436 predicte
2588 4349 3021 4435 contingentis
3070 4349 3192 4435 ipsi
3242 4349 3446 4435 Opizo
3501 4349 3841 4436 proveniat
3889 4349 3971 4413 ad
4018 4348 4282 4413 Fratres
4328 4348 4695 4413 Penitentie
4744 4349 4898 4413 civi·
4979 4423 4985 4428 Δ

1246 4458 1398 4521 tatis
1447 4456 1779 4521 Florentic
1826 4479 1943 4543 pro
1991 4458 2385 4543 pauperibus
2441 4457 2854 4542 vergonzosis
2901 4457 3180 4521 civitatis
3227 4457 3556 4521 Florentie
3603 4463 3668 4520 et
3715 4456 4076 4538 districtus,
4127 4456 4398 4520 emendo
4461 4456 4898 4542 possessiones

1245 4586 1362 4650 pro
1410 4564 1596 4628 dictis
1642 4564 2038 4650 pauperibus
2086 4565 2521 4649 vergonzosis.

1425 4671 1591 4735 Item
1631 4672 1901 4736 ecclesie
1939 4672 2147 4736 sancti
2178 4672 2357 4736 Petri
2390 4672 2801 4759 episcopatus
2844 4671 3158 4753 Bononie,
3200 4671 3339 4735 sive
3389 4671 3710 4736 laborerio
3758 4670 3959 4758 ipsius
4015 4671 4305 4752 ecclesie,
4355 4678 4612 4735 centum
4659 4670 4900 4735 solidos

1246 4780 1732 4844 bononenorum
1782 4780 2058 4865 reliquid
2104 4801 2221 4865 pro
2272 4779 2674 4844 restitutione
2722 4786 2787 4843 et
2837 4779 3278 4842 satisfactione
3318 4778 3751 4861 decimarum3
3786 4778 3865 4843 de
3900 4779 4223 4864 superfluo
4257 4778 4513 4841 veniam
4546 4777 4899 4864 postulavit

1247 4908 1287 4950 a
1332 4886 1611 4950 Domino
1639 4887 1737 4969 (¹),
1787 4894 1852 4951 et
1898 4887 2068 4973 quod
2116 4909 2201 4951 ex
2258 4887 2572 4951 fructibus
2630 4886 2946 4950 dictarum
3017 4887 3497 4972 possessionum
3551 4886 3719 4950 dicte
3781 4885 4041 4949 dimidie
4101 4907 4218 4971 per
4264 4885 4528 4950 Fratres
4576 4884 4898 4972 predictos

1244 4994 1611 5059 Penitentie
1660 4995 1819 5058 fiant
1865 5016 2150 5081 expense
2199 4995 2354 5082 ipsis
2400 4994 2795 5080 pauperibus
2853 4994 3121 5058 infirmis
3185 4993 3635 5079 vergonzosis,
3685 5001 3750 5057 et
3810 4993 3962 5057 dicti
4020 4993 4267 5057 fructus
4324 4993 4775 5079 expendantur
4834 4999 4898 5056 et

1247 5102 1717 5166 distribuantur
1764 5102 1932 5166 inter
1978 5102 2183 5166 dictos
2232 5123 2550 5188 pauperes
2596 5123 2713 5188 per
2761 5101 2964 5165 dictos
3012 5101 3277 5165 Fratres
3323 5101 3709 5183 Penitentie,
3744 5101 3854 5186 qui
3902 5121 4071 5164 nunc
4117 5106 4266 5164 sunt
4314 5100 4420 5164 vel
4459 5121 4576 5186 pro
4609 5107 4898 5185 tempore

1248 5211 1506 5274 fuerint.
1556 5210 1709 5273 Alia
1757 5230 1911 5273 vero
1961 5210 2229 5273 dimidia
2274 5209 2477 5295 partis
2525 5208 2693 5273 dicte
2741 5208 3121 5272 hereditatis
3168 5207 3326 5273 dicti
3373 5207 3560 5294 Opizi
3599 5207 3938 5293 perveniat
3976 5207 4056 5270 ad
4088 5206 4404 5271 Dominas
4435 5215 4501 5271 et
4534 5206 4801 5271 Sorores
4834 5214 4899 5270 et

1247 5317 1330 5381 ad
1378 5324 1765 5381 conventum
1815 5317 2102 5403 ipsarum
2148 5316 2574 5381 Dominarum
2610 5323 2674 5379 et
2724 5315 3031 5380 Sororum
3080 5314 3402 5379 Minorum
3438 5314 3700 5378 Ordinis
3743 5321 3963 5378 sancte
3998 5313 4188 5379 Clare
4222 5313 4500 5378 civitatis
4531 5313 4896 5394 Florentie3

1244 5424 1521 5508 f[ructus
1555 5424 1741 5507 cujus
1773 5423 2034 5488 dimidie
2069 5424 2238 5488 dicte
2271 5421 2575 5506 Domine]
2608 5429 2672 5486 et
2707 5422 2975 5487 Sorores
3001 5430 3066 5486 et
3099 5430 3452 5487 conventus
3485 5421 3790 5508 ipsarum,
3831 5428 4175 5485 teneantur
4220 5429 4285 5484 et
4331 5421 4610 5484 debeant
4655 5442 4896 5506 expen-

1246 5531 1399 5595 dere
1446 5539 1512 5594 et
1558 5552 1863 5615 errogare
1914 5530 1979 5594 in
2030 5530 2521 5594 necessitatibus
2566 5530 2872 5593 Fratrum
2902 5528 3225 5593 Minorum
3260 5527 3649 5592 morantium
3681 5528 3744 5591 in
3783 5534 4102 5591 conventu
4135 5526 4485 5608 Florentic,
4521 5534 4586 5590 et
4626 5526 4735 5612 qui
4781 5548 4897 5612 pro

1244 5645 1534 5724 tempore
1584 5637 2028 5719 morabuntur,
2078 5637 2497 5720 infirmorum,
2547 5635 2797 5700 senium
2846 5643 2911 5700 et
2958 5635 3311 5700 forensium
3358 5642 3423 5699 et
3468 5655 3595 5698 non
3644 5634 3834 5698 aliter
3874 5634 3979 5697 vel
4026 5633 4243 5718 aliquo
4291 5634 4420 5697 alio
4468 5632 4679 5696 modo.

1431 5745 1595 5809 Item
1644 5743 1848 5809 voluit
1894 5751 1960 5808 et
2006 5744 2340 5808 mandavit
2385 5744 2524 5808 fieri
2574 5743 2806 5807 debere
2856 5743 2935 5807 de
2983 5742 3155 5806 dicta
3201 5741 3461 5806 domina
3507 5741 3706 5822 Mina,
3741 5740 3908 5826 quod
3944 5739 3998 5803 si
4031 5740 4376 5804 moriretur
4406 5739 4544 5803 sine
4582 5739 4730 5803 filiis
4764 5761 4898 5803 ma-

1248 5853 1443 5918 sculis
1492 5852 1823 5937 legitimis,
1858 5851 2283 5916 distribuatur
2330 5873 2448 5915 sua
2495 5872 2648 5938 pars
2696 5850 3076 5915 hereditatis
3124 5848 3411 5935 predicte
3455 5848 3647 5912 modo
3695 5855 3759 5911 et
3807 5848 4015 5911 forma
4064 5869 4190 5933 quo
4237 5855 4302 5912 et
4348 5868 4476 5933 qua
4523 5846 4764 5911 dictum
4802 5853 4898 5910 est

1248 5982 1443 6047 super
1488 5960 1567 6024 de
1617 5959 1843 6045 Opizo.
1892 5958 1979 6023 Et
2023 5959 2080 6022 si
2129 5958 2388 6023 Tadeus
2436 5958 2579 6042 ejus
2627 5957 2798 6021 filius
2845 5956 3195 6021 decesserit
3240 5956 3378 6020 sine
3426 5954 3574 6018 filiis
3622 5954 3926 6019 masculis
3973 5953 4309 6038 legitimis,
4359 5952 4564 6016 voluit
4610 5959 4674 6016 et
4720 5973 4898 6015 man·
5010 6008 5023 6017 .

1248 6068 1428 6132 davit
1461 6066 1632 6152 quod
1681 6066 1948 6130 dimidia
1995 6088 2110 6130 sue
2157 6065 2362 6152 partis
2408 6064 2788 6129 hereditatis
2833 6063 3121 6150 predicte
3166 6062 3288 6126 sibi
3321 6062 3773 6147 contingentis,
3807 6061 4144 6147 perveniat
4191 6068 4256 6124 et
4295 6058 4634 6146 pervenire
4668 6059 4901 6123 debeat

1245 6175 1330 6240 ad
1375 6174 1639 6239 Fratres
1685 6174 2052 6239 Penitentie
2101 6173 2380 6238 civitatis
2428 6172 2722 6236 Bononie
2755 6193 2873 6258 pro
2907 6171 3302 6257 pauperibus
3338 6169 3751 6255 vergonzosis
3785 6176 3850 6232 et
3882 6168 4170 6249 infirmis,
4205 6174 4269 6231 et
4308 6167 4373 6231 in
4406 6166 4898 6231 necessitatibus

1246 6283 1645 6348 infirmorum
1693 6289 1756 6347 et
1803 6302 2348 6367 vergonzosorum
2396 6286 2833 6362 convertatur,
2869 6279 2959 6342 ita
3007 6277 3180 6364 quod
3228 6278 3473 6342 fructus
3520 6276 3688 6340 dicte
3737 6275 3999 6339 dimidie
4046 6274 4319 6360 singulis
4367 6274 4553 6338 annis
4585 6279 4897 6360 perpetuo

1408 6518 1487 6584 (1)
1525 6516 1709 6570 Verba
1748 6532 1777 6566 ‹
1821 6516 1950 6567 Item
1990 6515 2198 6567 ecclesie
2237 6530 2267 6565 ›
2308 6517 2413 6566 eto.
2453 6513 2508 6565 in
2549 6509 2795 6564 inferiori
2834 6509 3069 6578 paginae
3110 6513 3287 6578 parte,
3326 6509 3482 6579 signo
3522 6508 3699 6561 crucis
3737 6507 4056 6576 praemisso,
4095 6505 4282 6558 addita
4320 6508 4464 6558 sunt.
