5542 7775
1611 596 2073 646 SPECTAN'I‘IA
2132 596 2232 644 An
2289 593 2797 644 Pnornssonns
2855 593 3063 643 amus
3122 593 3389 661 elvrms
4213 572 4307 641 37

2376 960 2637 1024 XXIII.

2194 1177 2388 1256 1227,
2434 1177 2474 1234 5
2523 1176 2822 1237 ianuarii.

1662 1389 1767 1452 Ex
1812 1389 2037 1453 eodem
2085 1396 2259 1452 tomo
2304 1388 2659 1469 XXXVI„
2710 1410 2883 1451 num.
2933 1386 3240 1451 LXXVI.
3268 1388 3345 1450 (l)

863 1604 1193 1668 Honorius
1242 1603 1368 1667 III.
1418 1602 1802 1668 Rectoribus
1853 1602 2192 1667 Societatis
2238 1601 2662 1682 Lombardie,
2713 1600 3003 1665 Marchie
3051 1607 3115 1664 et
3165 1599 3614 1664 Romandiole.
3663 1599 3826 1684 Ejus
3872 1601 4120 1682 locum,
4169 1601 4318 1666 licet

688 1712 1009 1794 immeriti,
1053 1711 1415 1776 obtinentes
1463 1712 1528 1774 in
1573 1710 1782 1792 terris,
1839 1730 1962 1797 que
2010 1731 2141 1796 pax
2189 1716 2409 1773 nostra
2456 1709 2607 1773 fecit
2652 1715 2926 1793 utraque
2976 1729 3192 1789 unum,
3227 1707 3388 1771 duos
3433 1707 3715 1793 parietes
3762 1708 4093 1773 venientes
4140 1731 4175 1773 e
4223 1709 4317 1773 di·

688 1841 874 1884 verso
923 1819 1325 1903 conjungens
1373 1819 1439 1881 in
1486 1839 1555 1882 se
1603 1817 1742 1903 ipso
1790 1817 2005 1904 lapide
2053 1816 2373 1901 angulari,
2406 1815 2818 1880 nascentibus
2864 1814 3172 1879 debemus
3219 1813 3482 1879 obviare
3525 1814 3859 1878 discordiis
3892 1824 3956 1879 et
3990 1816 4319 1882 intendere

688 1926 961 1991 sollicite
1007 1947 1084 1989 ac
1130 1925 1474 2011 diligenter
1520 1925 1603 1988 ad
1654 1946 1767 2006 ea,
1815 1945 1939 2011 que
1986 1931 2135 1987 sunt
2183 1923 2520 1988 concordie
2568 1922 2835 1986 unitatis
2881 1928 2946 1985 ct
2989 1921 3189 2007 pacis.
3239 1921 3402 1985 Cum
3448 1943 3603 2006 ergo
3659 1943 3863 2008 nuper
3909 1923 4076 1988 inter
4122 1925 4318 1988 caris-

686 2033 919 2098 simum
968 2034 1031 2096 in
1083 2032 1340 2096 Christo
1386 2033 1589 2096 filium
1645 2038 1932 2096 nostrum
1994 2030 2446 2111 Fredericum,
2492 2030 2936 2094 Romanorum
2997 2029 3450 2114 imperatorem
3511 2051 3766 2117 semper
3827 2039 4208 2115 augustum,
4256 2039 4320 2096 et

690 2162 908 2226 regem
961 2140 1212 2222 Sicilie,
1265 2148 1460 2225 atque
1510 2162 1624 2204 vos
1671 2138 1991 2204 discordia
2037 2147 2179 2202 orta
2226 2145 2424 2220 esset,
2476 2159 2611 2219 nos,
2659 2136 3066 2202 attendentes
3113 2136 3282 2222 quod
3329 2158 3462 2221 res,
3511 2137 3636 2201 nisi
3682 2137 4099 2202 obsisterctur
4144 2140 4318 2226 prin·

688 2249 892 2334 cipiis,
942 2247 1285 2312 videbatur
1331 2248 1528 2311 altius
1574 2267 2025 2333 progressura,
2074 2253 2138 2310 et
2184 2252 2447 2332 propter
2494 2245 2902 2308 difficultates
2950 2244 3112 2308 alias
3158 2244 3437 2308 allatura
3483 2244 4011 2331 impedimentum
4061 2248 4317 2333 negotio

690 2361 860 2420 terre
907 2363 1148 2437 sancte,
1200 2377 1317 2441 pro
1367 2376 1493 2440 quo
1539 2362 1638 2418 est
1686 2361 1867 2418 tanto
1915 2362 2202 2439 tempore
2251 2352 2635 2435 laboratum,
2684 2351 2952 2436 dignum
2998 2350 3299 2414 duximus
3348 2351 3754 2438 interponere
3801 2361 4018 2439 partes
4066 2363 4318 2419 nostras

689 2470 755 2527 et
801 2463 950 2548 igne
1001 2462 1395 2547 hujusmodi,
1431 2468 1779 2546 antequam
1825 2460 1995 2524 vires
2042 2460 2513 2546 assumpsisset,
2547 2460 2853 2540 extincto,
2886 2457 3195 2544 gravibus
3242 2459 3506 2523 obviare
3547 2459 3849 2545 peric-ulis
3895 2482 4019 2546 que
4060 2462 4319 2547 quidem

688 2592 772 2634 ex
817 2571 973 2652 hoc,
1024 2569 1147 2634 nisi
1198 2570 1577 2655 tempestive
1626 2576 2105 2648 occurreretur,
2153 2574 2453 2653 poterant
2514 2567 2794 2631 evenire.
2842 2565 2995 2651 Ipso
3058 2564 3257 2651 igitur
3316 2565 3702 2651 imperatore
3759 2588 3834 2631 ac
3882 2567 4066 2632 vobis
4112 2575 4316 2633 totum

690 2676 901 2762 ipsum
949 2678 1279 2762 negotium
1326 2677 1389 2740 in
1440 2682 1661 2740 nostra
1708 2684 1772 2739 et
1818 2675 2093 2738 fratrum
2141 2681 2503 2738 nostrorum
2558 2673 2966 2759 providentia
3024 2679 3089 2737 et
3148 2672 3565 2759 dispositione
3627 2672 3828 2738 libere
3889 2696 3965 2739 ac
4026 2675 4319 2740 absolute

689 2783 1096 2869 ponentibus,
1130 2783 1323 2869 idque
1374 2781 1853 2847 declarantibus
1908 2802 2024 2868 per
2069 2781 2291 2844 literas
2339 2785 2404 2844 et
2448 2779 2709 2865 publica
2754 2780 3180 2843 instrumenta
3228 2800 3345 2844 nec
3391 2800 3520 2843 non
3565 2801 3682 2866 per
3728 2781 4046 2846 solemnes
4085 2782 4328 2847 Procu-

694 2896 940 2955 ratores
988 2897 1053 2955 et
1101 2890 1379 2954 Nuntios
1432 2897 1696 2976 propter
1741 2889 1863 2953 hoc
1911 2888 1993 2952 ab
2042 2897 2313 2974 utraque
2361 2895 2544 2974 parte
2592 2886 2675 2950 ad
2722 2894 3010 2951 nostram
3070 2887 3461 2972 presentiam
3521 2886 3909 2971 destinatos,
3958 2910 4105 2953 cum
4161 2890 4328 2955 inter

689 3003 906 3061 cetera
954 2997 1182 3061 fuisset
1227 3019 1312 3061 ex
1363 3003 1549 3082 parte
1598 2996 1799 3083 ipsius
1845 2995 2250 3082 imperatoris
2295 2994 2716 3081 propositum,
2764 2994 2966 3079 quod,
3013 2993 3401 3080 impediente
3450 2994 3771 3059 Societate
3816 3003 4053 3078 vestra,
4103 2999 4325 3083 nequi·

686 3110 870 3168 verat
912 3106 1105 3188 juxta
1152 3104 1555 3190 propositum
1602 3124 1790 3167 suum
1836 3102 2183 3189 procedere
2244 3109 2467 3166 contra
2535 3101 2925 3187 pravitatem
2986 3100 3375 3184 hereticam,
3424 3123 3548 3187 que
3609 3109 3825 3189 partes
3888 3104 4032 3168 illas
4094 3105 4327 3170 dicitur

688 3212 977 3297 graviter
1038 3212 1372 3294 infecisse,
1422 3232 1497 3275 ac
1560 3211 1850 3274 relevare
1921 3209 2289 3273 libertatem
2354 3208 2892 3290 ecclesiasticam,
2940 3229 3064 3293 que
3120 3208 3360 3272 ibidem
3419 3209 3860 3295 multipliciter
3918 3211 4330 3277 asserebatur

694 3340 1023 3405 oppressa,
1057 3340 1175 3383 nec
1226 3339 1577 3404 procurare
1625 3317 1980 3382 subsidium
2027 3325 2197 3381 terre
2244 3324 2485 3398 sancte,
2519 3323 2783 3402 propter
2829 3315 2998 3401 quod
3049 3316 3413 3402 specialiter
3460 3315 3543 3381 ad
3590 3323 3806 3403 partes
3846 3318 4019 3404 ipsas
4052 3319 4329 3386 duxerat

691 3425 1162 3508 accedendum,
1210 3424 1509 3511 quodque
1559 3424 1798 3509 captivi
1845 3424 1968 3487 sibi
2015 3429 2239 3487 contra
2279 3424 2388 3507 jus
2435 3431 2499 3486 et
2552 3422 2864 3487 honorem
2919 3422 3171 3508 imperii
3232 3423 3490 3487 fuerant
3550 3424 3887 3509 denegati,
3935 3447 4052 3490 nos
4098 3427 4213 3510 iis,
4260 3436 4326 3492 et

691 3533 856 3615 aliis,
891 3554 1015 3618 que
1063 3533 1325 3596 fuerunt
1372 3531 1523 3596 hinc
1575 3531 1723 3595 inde
1771 3531 2124 3617 proposita,
2157 3530 2410 3616 plenius
2457 3530 2799 3594 intellectis
2845 3528 2923 3592 de
2970 3529 3375 3616 providentia
3423 3531 3512 3594 sic
3557 3530 3858 3595 duximus
3890 3534 4322 3618 statuendum,

693 3647 766 3703 ut
813 3639 1113 3704 videlicet
1162 3640 1298 3725 ipse
1350 3639 1701 3725 imperator
1746 3660 1862 3724 pro
1910 3638 2272 3702 reverentia
2320 3637 2626 3702 Crucifixi
2672 3644 2737 3700 et
2784 3637 3044 3722 negotio
3092 3642 3260 3701 terre
3321 3643 3581 3722 sancte,
3631 3659 3747 3703 suo
3794 3647 3859 3703 et
3905 3640 4020 3704 filii
4066 3641 4201 3724 sui,
4250 3663 4326 3707 ac

692 3746 955 3833 Imperii
1003 3747 1259 3811 nomine
1308 3746 1407 3829 iis,
1442 3746 1553 3831 qui
1598 3753 1748 3810 sunt
1799 3744 1878 3809 de
1929 3744 2249 3809 Societate
2289 3746 2429 3828 jam
2474 3744 2646 3809 dicta
2680 3744 3131 3808 universaliter
3162 3744 3434 3830 singulis
3467 3751 3531 3809 et
3562 3745 3979 3830 singulariter
4010 3749 4326 3814 universis

689 3854 975 3919 remittat
1025 3875 1278 3918 omnem
1327 3873 1701 3935 rancorem,
1750 3852 2291 3934 malivolentiam,
2341 3851 2610 3937 injurias
2658 3857 2723 3915 et
2769 3850 3082 3935 offensas,
3131 3852 3346 3916 omnia
3403 3875 3656 3939 quoque
3719 3853 3969 3937 banna,
4018 3856 4326 3922 constitu·

687 3962 929 4044 tiones,
979 3961 1331 4026 sententias
1378 3970 1443 4025 ct
1499 3959 1981 4041 ordinamenta,
2029 3980 2152 4046 que
2214 3959 2366 4023 fecit
2414 3960 2517 4024 vel
2562 3960 2868 4045 imposuit
2913 3980 3030 4045 per
3076 3981 3145 4023 se
3192 3960 3297 4024 vel
3345 3981 3462 4046 per
3510 3961 3741 4044 alium,
3792 3962 4040 4027 aliusve
4086 3986 4202 4050 pro
4251 3987 4328 4029 eo

692 4069 998 4134 Societati
1044 4069 1149 4133 vel
1197 4068 1391 4132 alicui
1438 4067 1518 4131 de
1572 4067 1893 4132 Societate
1942 4067 2252 4154 predicta,
2288 4066 2676 4148 civitatibuS,
2718 4066 2875 4130 locis
2923 4074 2988 4132 et
3032 4066 3324 4152 personis
3372 4067 3451 4131 de
3501 4067 3642 4154 ipsa
3690 4068 4034 4154 Societate,
4067 4078 4132 4134 et
4173 4093 4326 4157 que-

690 4199 964 4264 cumque
1012 4198 1095 4241 ex
1142 4177 1274 4260 eis,
1323 4176 1429 4240 vel
1477 4175 1560 4241 ob
1608 4197 1687 4239 ea
1731 4183 1952 4240 secuta
2001 4184 2149 4239 sunt
2193 4176 2449 4262 penitus
2497 4182 2792 4257 revocet,
2842 4181 2907 4239 et
2949 4175 3332 4262 specialiter
3396 4177 3915 4242 constitutionem
3962 4179 4202 4243 factam
4246 4179 4328 4245 de

692 4283 919 4349 Studio
966 4292 1030 4348 et
1080 4283 1486 4348 studentibus
1539 4283 1830 4347 Bononie
1882 4282 2217 4347 universos
2264 4291 2329 4347 et
2375 4282 2684 4368 singulos,
2725 4282 2837 4368 qui
2883 4283 3218 4347 occasione
3266 4284 3541 4368 alicujus
3588 4284 4021 4370 predictorum
4068 4287 4186 4351 lesi
4230 4288 4325 4352 vi-

689 4390 942 4475 dentur,
990 4391 1337 4455 restituens
1385 4391 1449 4454 in
1500 4391 1829 4475 integrum
1876 4390 1941 4453 in
1991 4390 2286 4454 omnibus
2333 4411 2369 4454 e
2417 4411 2532 4476 per
2579 4390 2795 4453 omnia
2842 4410 2958 4454 suo
3006 4390 3200 4453 statui
3249 4396 3443 4476 atque
3491 4390 3683 4473 fame,
3729 4393 4115 4459 remittendo
4161 4394 4327 4459 insa·

688 4498 884 4561 miam
933 4519 1188 4562 omnem
1234 4504 1299 4561 et
1348 4518 1605 4583 penam,
1640 4518 1763 4583 que
1812 4504 2029 4561 secute
2077 4504 2225 4560 sunt
2273 4518 2358 4560 ex
2405 4497 2623 4583 aliquo
2670 4496 3127 4582 predictorum,
3161 4497 3252 4560 ita
3296 4497 3466 4582 quod
3507 4518 3605 4581 ea,
3640 4520 3763 4584 que
3796 4499 4005 4564 medio
4038 4507 4328 4587 tempore

688 4625 806 4692 per
851 4626 962 4668 eos
1010 4612 1157 4668 acta
1203 4612 1373 4685 sunt,
1424 4625 1550 4668 non
1602 4603 2009 4668 obstantibus
2056 4603 2472 4689 supradictis,
2520 4603 2716 4668 robur
2764 4603 3098 4668 obtineant
3162 4603 3333 4689 quod
3394 4604 3557 4667 alias
3619 4604 3976 4670 debuerant
4038 4607 4328 4673 obtinere

687 4711 773 4776 ad
816 4712 969 4794 hec,
1022 4711 1350 4793 civitates,
1400 4711 1542 4776 loca
1589 4719 1654 4775 et
1701 4732 2009 4798 personas
2056 4710 2135 4774 de
2184 4711 2325 4797 ipsa
2384 4711 2705 4775 Societate
2766 4711 3036 4797 recipiat
3083 4710 3147 4775 in
3195 4732 3309 4775 sue
3356 4712 3564 4797 gratie
3611 4713 4077 4798 plenitudinem
4122 4721 4187 4779 et
4232 4716 4326 4781 eis

691 4818 889 4883 faciat
933 4818 1187 4882 firmam
1234 4840 1482 4904 pacem,
1517 4819 1883 4904 specialiter
1928 4819 2284 4883 marchioni
2313 4817 2801 4900 Montisferrati,
2834 4817 3223 4901 Mediolano,
3256 4818 3608 4901 Placentie,
3641 4819 3978 4903 Vercellis,
4011 4822 4324 4907 Bononie,

688 4925 1022 5007 Faventie,
1072 4924 1494 5007 Alexandrie,
1549 4924 1856 5007 Taurino,
1906 4925 2138 5007 Laudi,
2185 4925 2531 5010 Bel-gamo,
2580 4925 2828 5007 Brixie,
2876 4925 3164 5007 Mantue,
3211 4925 3492 5009 Verone,
3537 4925 3785 5010 Padue,
3817 4928 4134 5011 Vicentie,
4169 4930 4326 4995 Ter·

689 5033 873 5114 visi0,
910 5033 1160 5115 Creme,
1194 5031 1515 5113 Ferrarie,
1548 5041 1614 5096 et
1660 5032 2002 5096 comitibus
2050 5033 2129 5097 de
2177 5032 2554 5114 Blandrato,
2590 5032 2862 5118 aliisque
2909 5032 3065 5098 locis
3112 5039 3177 5096 et
3223 5033 3514 5119 personis
3562 5034 3954 5119 quibuslibet
3986 5035 4325 5102 Societatis

687 5140 1001 5224 ejusdem,
1038 5140 1237 5203 faciat
1282 5140 1479 5203 etiam
1529 5140 1781 5203 restitui
1827 5140 2136 5225 captivos,
2171 5139 2281 5225 qui
2326 5148 2475 5203 sunt
2520 5140 2693 5226 capti
2739 5140 3076 5204 occasione
3121 5140 3312 5204 huius
3359 5140 3675 5205 discordie
3710 5163 3856 5206 cum
3886 5142 4071 5207 bonis
4103 5165 4327 5208 eorum

688 5268 765 5312 ac
799 5247 949 5328 alia,
984 5268 1108 5332 que
1143 5246 1480 5310 occasione
1516 5246 1717 5332 ipsius
1748 5246 2063 5311 discordie
2096 5253 2286 5333 capta
2318 5254 2467 5310 sunt
2499 5247 2603 5311 vel
2648 5247 2929 5311 detenta.
2980 5246 3254 5334 Insuper
3300 5269 3554 5334 quoque
3602 5248 3800 5313 saciat
3845 5249 3984 5313 fieri
4029 5258 4325 5337 patentes

689 5352 910 5418 literas
944 5376 1027 5417 ex
1060 5360 1245 5440 parte
1278 5353 1392 5417 filii
1430 5353 1551 5436 sui,
1587 5353 1695 5439 qui
1727 5375 1953 5440 pacem
1985 5360 2050 5417 et
2083 5354 2491 5417 concordiam
2524 5355 2713 5418 istam
2744 5361 2954 5418 ratam
2986 5354 3251 5440 hab9bit
3282 5362 3346 5419 et
3377 5354 3649 5439 firmam,
3675 5363 3741 5419 et
3772 5358 4053 5421 remittet
4086 5359 4213 5422 illis
4245 5359 4324 5424 de

689 5459 1011 5525 Societate
1061 5482 1313 5524 omnem
1366 5481 1722 5543 rancorem,
1756 5460 2283 5543 malivolentiam,
2316 5461 2587 5546 inJurias
2633 5467 2699 5526 et
2730 5462 3042 5526 offensas:
3065 5461 3366 5527 Hii.vero
3400 5463 3507 5548 qui
3541 5470 3692 5528 sunt
3722 5462 3803 5527 de
3838 5464 4158 5530 Societate
4185 5467 4326 5550 jam

690 5568 881 5651 dicta,
916 5568 1001 5633 ad
1045 5569 1358 5632 honorem
1407 5568 1527 5632 Dei
1579 5567 2033 5654 omnipotentis
2066 5576 2130 5632 et
2162 5568 2451 5633 Ecclesie
2484 5578 2702 5633 sancte
2736 5591 2872 5651 sue,
2907 5590 2982 5633 ac
3017 5569 3215 5655 ipsius
3249 5569 3653 5656 imperatoris
3671 5570 3749 5635 (2)
3782 5570 3936 5635 dent
3966 5572 4175 5655 eidem
4207 5574 4323 5637 im-

688 5676 971 5760 peratori
1016 5697 1132 5760 pro
1184 5675 1469 5740 subsidio
1517 5683 1687 5740 terre
1736 5680 1957 5739 sancte
2005 5676 2071 5739 in
2121 5676 2423 5761 expensis
2471 5676 2761 5760 ejusdcm
2812 5676 3153 5740 Societatis
3198 5698 3316 5762 per
3360 5675 3691 5741 biennium
3738 5678 3973 5743 milites
4021 5680 4325 5765 quadrin-

688 5789 939 5867 gentos,
988 5804 1065 5846 ac
1112 5782 1506 5865 civitatibus,
1541 5783 1697 5847 locis
1746 5789 1811 5846 et
1856 5783 2148 5869 personis
2194 5783 2515 5869 imperiali
2552 5784 2935 5848 excellentie
2983 5783 3442 5848 adherentibus
3481 5791 3616 5849 tam
3646 5786 4097 5851 ecclesiasticis
4131 5809 4326 5872 quam

688 5889 1051 5971 mundanis,
1085 5889 1329 5953 faciant
1362 5910 1609 5975 pacem,
1645 5897 1710 5954 et
1761 5889 2217 5954 inviolabiliter
2249 5897 2527 5972 servent,
2561 5891 2961 5955 remittentes
2993 5891 3087 5955 eis
3119 5912 3373 5955 omnem
3406 5912 3761 5976 rancorem,
3794 5893 4322 5978 malivolentiam,

691 5995 963 6080 injurias
1013 6005 1077 6060 et
1122 5996 1426 6079 offensas,
1461 6017 1537 6061 ac
1584 6004 1889 6062 revocent
1935 5998 2150 6061 omnia
2188 5997 2428 6081 banna,
2472 5999 2982 6081 constitutiones,
3015 5998 3368 6062 sententias
3400 6007 3465 6063 et
3497 5998 3963 6083 ordinamenta,
3997 6023 4122 6087 que
4154 6001 4326 6067 feee-

692 6110 841 6167 runt
887 6104 991 6169 vel
1039 6105 1483 6191 imposuerunt
1527 6105 1919 6189 civitatibus,
1953 6105 2111 6170 locis
2149 6114 2213 6170 et
2244 6106 2535 6193 personis
2568 6106 2890 6193 imperiali
2920 6106 3285 6172 celsitudini
3316 6105 3795 6190 adherentibus,
3830 6120 3895 6172 et
3926 6130 4328 6196 quecumque

853 6358 931 6422 (1)
970 6357 1053 6408 Ex
1092 6357 1328 6427 Registr.
1352 6357 1422 6410 V.
1462 6357 1687 6410 Honorii
1716 6358 1847 6425 111.,
1875 6358 2033 6429 epist.
2061 6363 2184 6425 440,
2209 6360 2304 6413 sol.
2333 6364 2452 6428 156,
2488 6358 2875 6413 Mccxxvn.
2893 6400 2907 6427 ,
2935 6360 3001 6414 V.
3035 6361 3294 6429 januarii.

851 6448 929 6512 (2)
969 6446 1035 6498 In
1075 6448 1218 6499 cod.:
1260 6463 1289 6495 «
1330 6448 1650 6514 imperator-1⁶
1685 6466 1735 6501 ».
