5542 7775
1225 650 1258 719 1
1275 649 1316 719 2
1328 649 1374 720 Ο
2797 667 3276 718 MONUMBNTA

1216 832 1468 889 nostras
1531 824 1753 888 literas
1819 825 2321 907 committentes,
2369 831 2442 887 ut
2488 823 2794 910 predictis
2841 824 3046 887 literis
3093 824 3327 887 nostris
3387 823 3847 909 premissorum
3909 823 4194 887 omnium
4257 824 4567 887 seriosam
4621 826 4855 890 seriem

1218 932 1722 1015 continentibus,
1771 931 1961 995 dictis
2002 931 2447 1014 universitati,
2497 931 2821 996 communi
2867 938 2932 996 et
2979 931 3217 1017 populo
3280 931 3559 996 civitatis
3621 929 3913 1015 ejusdem
3975 930 4318 1016 publicatis
4374 932 4746 998 solemniter
4790 943 4856 998 et

1219 1038 1528 1125 expositis
1561 1038 1926 1124 diligenter,
1961 1038 2260 1124 factaque
2305 1038 2486 1123 prius
2533 1059 2652 1123 per
2694 1059 2805 1102 eos
2853 1038 3215 1119 actualiter,
3251 1037 3514 1102 realiter
3560 1044 3624 1102 et
3670 1038 4093 1124 corporaliter
4139 1038 4543 1103 restitutione
4591 1047 4656 1104 et
4694 1041 4852 1105 assi·

1215 1147 1523 1233 gnatione
1573 1145 1925 1232 corporalis
1971 1145 2422 1232 possessionis,
2471 1152 2536 1209 et
2581 1144 2788 1230 quasi,
2837 1145 3137 1229 civitatis,
3187 1145 3529 1209 comitatus
3577 1153 3642 1209 et
3686 1145 4014 1210 districtus
4059 1145 4516 1231 predictorum,
4567 1169 4642 1212 ac
4691 1150 4852 1213 meri

1218 1261 1282 1318 et
1322 1254 1510 1318 mixti
1556 1254 1808 1340 imperii
1839 1260 1905 1317 et
1937 1253 2301 1317 omnimode
2342 1253 2831 1338 jurisdictionis,
2866 1260 3353 1338 ceterorumque
3396 1254 3642 1338 jurium
3687 1253 4120 1340 predictorum
4155 1254 4237 1318 ad
4272 1275 4388 1318 nos
4420 1262 4485 1318 et
4517 1277 4850 1321 romanam

1216 1362 1558 1427 ecclesiam
1604 1363 1794 1448 pleno
1835 1362 1983 1446 jure
2030 1360 2460 1447 spectantium
2508 1361 2652 1443 sibi,
2700 1361 3037 1447 recipienti
3085 1367 3310 1425 nostro
3375 1368 3441 1424 et
3501 1382 3944 1425 successorum
4020 1368 4387 1425 nostrorum
4448 1384 4524 1427 ac
4585 1385 4848 1428 romane

1217 1470 1485 1534 ecclesie
1533 1469 1965 1555 predictorum
2014 1469 2306 1551 nomine,
2356 1489 2432 1532 ac
2489 1490 2607 1555 per
2668 1468 2963 1532 eumdem
3027 1469 3350 1532 notarium
3414 1468 3671 1532 nomine
3733 1468 4102 1555 supradicto
4164 1468 4534 1554 hujusmodi
4580 1472 4741 1535 reali
4787 1480 4853 1536 et

1215 1576 1536 1663 corporali
1580 1576 2007 1663 possessione,
2056 1582 2121 1639 et
2167 1575 2372 1660 quasi,
2407 1582 2686 1661 recepta,
2721 1574 3148 1661 apprehensa,
3197 1581 3262 1638 et
3309 1573 3532 1638 habita
3577 1575 3841 1661 pacifice
3890 1583 3955 1639 et
4001 1575 4236 1661 quiete,
4275 1576 4462 1640 factis
4510 1578 4707 1642 etiam
4739 1600 4854 1664 per

1215 1685 1675 1750 constituentes
1722 1683 1981 1748 eosdem
2028 1682 2598 1767 recognitionibus,
2633 1682 3187 1765 ratificationibus,
3222 1681 3795 1768 acceptationibus,
3830 1683 4384 1766 affirmationibus,
4419 1685 4848 1751 confirmatio-

1215 1793 1405 1857 nibus
1452 1799 1517 1856 et
1562 1790 2144 1876 emologationibus
2191 1811 2335 1854 cum
2377 1791 2895 1874 juramentorum
2953 1789 3494 1875 prestationibus,
3543 1789 4047 1874 obligationibus
4109 1813 4364 1876 quoque
4427 1814 4620 1878 super
4681 1794 4852 1859 dicto

1218 1921 1413 1964 censu
1462 1906 1526 1963 et
1573 1900 1721 1983 alijs
1768 1897 2063 1962 omnibus
2109 1904 2175 1961 et
2221 1897 2493 1982 singulis
2541 1896 2857 1960 contentis
2904 1896 2968 1960 in
3018 1896 3203 1960 dictis
3250 1896 3455 1960 literis
3502 1896 3822 1979 distincte,
3867 1898 4234 1983 specialiter
4281 1910 4346 1962 et
4392 1921 4727 1985 expresse,
4775 1922 4851 1966 ac

1215 2007 1545 2095 premissis
1578 2005 1873 2070 omnibus
1900 2006 2093 2090 juxta
2125 2004 2601 2091 promissiones,
2636 2003 3064 2089 obligationes
3098 2011 3163 2067 et
3189 2005 3560 2089 juramenta
3593 2004 3745 2068 dicti
3778 2005 4006 2069 sindici
4054 2026 4128 2069 ac
4172 2007 4524 2070 secundum
4558 2008 4851 2092 formam,

1216 2115 1476 2179 modum
1523 2122 1587 2178 et
1633 2112 1924 2177 ordinem
1969 2113 2033 2176 in
2082 2111 2325 2176 eisdem
2370 2111 2572 2176 literis
2636 2112 2875 2175 nostris
2921 2132 3266 2197 expressos
3314 2111 3528 2175 debite
3575 2118 3641 2176 et
3688 2112 4032 2177 efficaciter
4087 2114 4484 2200 adimpletis,
4534 2122 4598 2179 et
4644 2116 4723 2180 de
4770 2118 4852 2202 ijs

1215 2222 1511 2286 omnibus
1558 2227 1623 2285 et
1667 2220 1938 2305 singulis
1988 2219 2296 2283 confectis
2346 2219 2619 2305 publicis
2667 2218 3111 2282 instrumentis
3153 2219 3346 2303 juxta
3394 2218 3712 2283 dictarum
3757 2220 4032 2283 formam
4079 2228 4145 2285 et
4190 2222 4420 2285 seriem
4485 2223 4848 2307 literarum,

1214 2330 1385 2394 idem
1434 2328 1720 2394 notarius
1768 2327 2057 2414 predicta
2104 2327 2319 2392 omnia
2366 2327 2693 2413 postulata
2741 2334 2805 2389 et
2851 2327 3054 2412 petita
3101 2348 3217 2412 per
3273 2327 3514 2391 dictum
3575 2327 3892 2391 sindicum
3953 2329 4304 2393 secundum
4367 2329 4852 2417 dispositionem

1213 2444 1502 2502 nostram
1548 2438 1613 2500 in
1661 2436 1863 2500 literis
1909 2436 2178 2522 prefatis
2225 2455 2602 2521 expressam
2649 2456 2793 2497 cum
2838 2434 3132 2497 omnibus
3166 2434 3661 2517 conditionibus,
3695 2436 4046 2500 honoribus
4079 2443 4143 2500 et
4176 2438 4478 2501 oneribus
4526 2459 4602 2503 ac
4643 2439 4851 2504 modis

1212 2553 1277 2610 et
1324 2546 1547 2610 formis
1595 2544 1912 2609 enarratis
1959 2543 2021 2607 in
2069 2543 2274 2607 literis
2322 2541 2738 2628 supradictis,
2788 2541 3030 2605 eisdem
3078 2542 3434 2624 communi,
3484 2542 3888 2606 universitati
3936 2551 4000 2607 et
4046 2543 4284 2630 populo
4333 2546 4688 2631 apostolica
4735 2566 4850 2610 au·

1213 2654 1509 2719 ctoritate
1558 2651 1937 2717 concederet
1983 2652 2062 2715 de
2109 2657 2329 2714 nostra
2376 2657 2442 2713 et
2488 2650 2688 2735 ipsius
2737 2648 2923 2713 Sedis
2969 2649 3182 2735 gratia
3229 2650 3533 2735 speciali,
3582 2671 3930 2736 omnesque
3986 2652 4339 2716 sententias
4402 2661 4594 2739 atque
4649 2676 4850 2740 penas

1208 2783 1327 2848 per
1358 2761 1562 2825 dictos
1595 2760 1932 2846 processus
1964 2766 2028 2822 et
2060 2758 2353 2842 ejusdem
2386 2757 2621 2841 Legati
2652 2764 2717 2820 et
2750 2757 3273 2821 constitutionem
3304 2757 3596 2841 ejusdem
3627 2757 3970 2840 Bonifacii,
4006 2779 4130 2844 que
4166 2760 4420 2846 incipit:
4467 2788 4494 2817 ‹
4531 2761 4752 2827 Felicis
4787 2789 4845 2846 ι»,

1202 2877 1267 2933 et
1315 2869 1476 2933 alios
1525 2889 1806 2932 canones
1862 2887 1938 2930 ac
1984 2864 2409 2951 provincialia
2457 2872 2521 2928 et
2568 2864 2888 2928 sinodalia
2935 2871 3177 2928 statuta
3226 2872 3450 2928 contra
3497 2865 3700 2929 dictos
3747 2865 4094 2949 civitatem,
4139 2888 4497 2951 commune,
4531 2870 4845 2934 universi-

1202 2983 1403 3040 tatem
1450 2984 1514 3040 et
1559 2974 1873 3061 populum
1922 2973 2351 3037 bononienses
2398 2994 2474 3035 ac
2522 2972 2895 3036 comitatum
2943 2980 3008 3035 et
3054 2971 3412 3036 districtum
3462 2973 3768 3058 ipsorum,
3802 2979 3936 3036 tam
3982 2995 4176 3059 super
4222 2975 4582 3060 privatione
4634 2976 4847 3042 Studii

1202 3084 1527 3170 generalis
1575 3082 1853 3146 civitatis
1902 3081 2193 3166 ejusdem
2244 3080 2654 3165 omniumque
2700 3079 3209 3166 privilegiorum,
3245 3079 3794 3165 indulgentiarum
3835 3088 3898 3144 et
3948 3082 4306 3166 gratiarum
4347 3085 4849 3169 apostolicarum

1203 3199 1268 3255 et
1314 3190 1748 3277 imperialium
1807 3195 1872 3253 et
1919 3189 2001 3253 ab
2048 3189 2192 3251 aliis
2242 3188 2749 3273 quibuscumque
2791 3208 3239 3251 concessorum
3274 3187 3536 3268 eisdem,
3572 3209 3766 3272 quain
3799 3188 3961 3252 alias
3996 3190 4476 3275 quomodolibet
4510 3193 4845 3257 occasione

1203 3299 1520 3362 dictorum
1567 3317 1951 3361 excessuum
1997 3296 2444 3382 promulgatas
2491 3295 2876 3358 auctoritate
2925 3293 3235 3380 predicta,
3272 3295 3530 3359 omnino
3572 3296 3920 3378 relaxaret,
3956 3296 4212 3360 tolleret
4257 3305 4323 3362 et
4368 3299 4673 3381 auferret,
4709 3321 4847 3363 eas·

1204 3413 1398 3489 saret,
1433 3405 1717 3469 irritaret
1763 3409 1827 3467 et
1872 3403 2158 3467 totaliter
2205 3403 2494 3467 aboleret
2541 3402 2784 3466 dictum
2832 3401 3133 3465 Studium
3174 3403 3478 3486 generale
3512 3424 3655 3466 cum
3690 3403 3985 3467 omnibus
4017 3404 4395 3490 privilegiis,
4430 3406 4846 3492 indulgentiis

1202 3522 1267 3578 et
1318 3512 1547 3599 gratiis
1594 3504 2009 3598 supradietiS,
2059 3509 2453 3574 restituendo
2503 3516 2568 3573 et
2614 3509 3069 3593 reintegrando
3118 3509 3359 3573 eisdem
3404 3511 3470 3573 in
3518 3509 3812 3575 omnibus
3860 3518 3925 3575 et
3987 3533 4104 3597 per
4165 3513 4413 3595 omnia,
4462 3514 4625 3577 sicut
4687 3515 4847 3578 illud

1204 3628 1354 3685 ante
1403 3619 1833 3707 patrationem
1880 3618 2195 3682 dictorum
2242 3638 2623 3682 excessuum
2672 3616 3071 3681 obtinebant.

1382 3726 1699 3792 Omnibus
1746 3726 2007 3811 insuper
2053 3724 2344 3810 personis
2392 3725 2845 3789 ecclesiasticis
2893 3732 2958 3788 et
3005 3726 3405 3789 secularibus
3452 3725 3766 3807 civitatis,
3817 3726 4157 3789 comitatus
4214 3735 4278 3790 et
4324 3726 4651 3791 districtus
4700 3751 4843 3814 pre-

1202 3836 1519 3901 dictorum
1567 3833 1646 3898 de
1694 3832 2116 3898 absolutionis
2154 3832 2236 3897 ab
2270 3833 3008 3897 excommunicationum
3041 3832 3399 3918 sententijs,
3434 3855 3594 3919 quas
3626 3839 3893 3919 propter
3924 3855 4226 3898 excessus
4259 3842 4324 3898 et
4355 3835 4579 3921 culpas
4620 3842 4841 3901 contra

1201 3945 1443 4009 dictum
1502 3942 1826 4028 Legatum
1893 3941 2182 4027 aliosque
2228 3939 2515 4026 prelatos
2564 3948 2627 4004 et
2664 3962 2985 4027 ‘personas
3033 3940 3502 4005 ecclesiasticas
3548 3949 3701 4004 tunc
3749 3940 4103 4005 existentes
4164 3942 4227 4004 in
4278 3943 4580 4006 comitiva
4642 3944 4843 4029 ipsius

1201 4074 1277 4117 ac
1325 4050 1679 4115 familiares
1727 4049 2053 4134 ejusdem,
2103 4070 2220 4112 nec
2269 4070 2396 4112 non
2446 4048 2752 4112 officiales
2800 4048 3051 4134 prefate
3109 4068 3373 4112 romane
3437 4047 3706 4112 ecclesie
3763 4055 3914 4112 tunc
3965 4049 4029 4112 in
4078 4049 4375 4132 civitate,
4425 4052 4732 4116 comitatu
4779 4061 4844 4117 et

1201 4159 1499 4223 districtu
1546 4158 1850 4244 predictis
1897 4163 2242 4238 morantes,
2295 4155 2590 4219 faciendo
2638 4155 2934 4237 insultus,
2984 4177 3428 4241 aggressuras,
3479 4156 3917 4241 spoliationes,
3953 4156 4339 4240 obsidiones,
4374 4158 4582 4241 cedes,
4619 4160 4844 4225 vulne·

1204 4268 1506 4348 rationes,
1557 4264 1906 4351 captioneS,
1957 4264 2378 4346 detentiones,
2424 4263 2960 4327 incarcerationes
3010 4271 3075 4328 et
3121 4264 3250 4327 alia
3298 4263 3607 4327 adversus
3655 4284 3765 4327 eos
3814 4263 4129 4327 maleficia
4171 4267 4624 4350 perpetrando,
4658 4269 4842 4353 flagi-

1200 4374 1368 4438 tioso
1416 4378 1480 4436 et
1526 4370 1845 4455 sacrilego
1894 4392 2053 4433 ausu
2105 4392 2220 4455 per
2266 4391 2375 4434 eos
2425 4370 2818 4451 commissos,
2852 4391 2969 4455 per
3007 4392 3344 4456 processus
3392 4377 3652 4434 nostros
3693 4378 3757 4434 et
3804 4370 3957 4434 dicti
4002 4371 4257 4456 Legati,
4291 4372 4657 4459 dictamque
4693 4396 4842 4439 con-

1200 4474 1601 4545 stitutionem
1647 4485 1712 4541 et
1757 4478 1919 4543 alios
1968 4499 2268 4561 canones,
2303 4499 2416 4541 seu
2467 4478 2894 4563 provincialia
2938 4485 3003 4541 et
3035 4478 3353 4542 sinodalia
3385 4485 3648 4560 statuta,
3683 4479 3787 4542 vel
3821 4478 3983 4542 alias
4015 4480 4472 4565 premissorum
4507 4457 4868 4546 occasione

1199 4589 1281 4652 ab
1330 4587 1590 4652 homine
1636 4586 1741 4650 vel
1788 4607 1828 4649 a
1868 4586 2016 4670 jure
2063 4586 2351 4671 prolatas
2402 4587 2804 4649 incurrerant
2852 4586 3322 4671 quoquomodo,
3373 4595 3436 4650 ct
3483 4586 3679 4650 etiam
3728 4586 3854 4649 illis
3902 4586 4192 4672 personis
4238 4587 4727 4672 ecclesiasticis,
4778 4597 4843 4653 et

1198 4695 1443 4760 eisdem
1498 4694 1607 4780 qui
1654 4693 1958 4779 predictis
2005 4692 2190 4777 ligati
2240 4693 2577 4756 sententiis
2624 4714 2740 4778 per
2787 4692 3267 4778 simplicitatem
3314 4700 3379 4757 et
3419 4694 3584 4777 juris
3632 4694 4087 4777 ignorantiam,
4136 4716 4263 4759 non
4312 4701 4528 4764 tamen
4578 4696 4641 4758 in
4692 4717 4841 4760 con-

1197 4810 1513 4889 temptum
1575 4801 1856 4865 clavium
1922 4801 2139 4864 divina
2204 4800 2414 4864 officia
2463 4801 2870 4864 celebrarant
2916 4800 3022 4863 vel
3069 4822 3137 4864 se
3185 4801 3592 4885 ingesserant
3638 4801 3881 4864 eisdem
3927 4823 4121 4887 super
4171 4803 4647 4887 irregularitate
4696 4825 4841 4889 pro-

1201 4919 1427 4998 pterea
1475 4915 1805 4974 contracta
1852 4908 1931 4972 de
1981 4907 2479 4994 dispensationis
2528 4908 2838 4972 beneficio
2889 4908 3321 4993 providendO,
3372 4916 3563 4995 prout
3612 4910 3674 4972 in
3723 4908 3964 4972 eisdem
4024 4910 4225 4972 literis
4271 4911 4525 4996 prefato
4590 4912 4841 4975 notario

1199 5018 1461 5082 directis
1508 5016 1762 5103 plenius
1812 5017 2197 5081 continetur.

1376 5125 1463 5189 Et
1508 5125 1802 5210 quamvis
1851 5123 2061 5187 dictus
2109 5124 2398 5187 notarius
2445 5145 2513 5187 se
2561 5123 2644 5186 ad
2690 5123 3019 5186 civitatem
3051 5122 3406 5209 predictam
3438 5124 3865 5208 personaliter
3898 5124 4254 5206 conferens,
4290 5132 4586 5210 receptus
4623 5126 4687 5190 in
4721 5149 4836 5212 pa-

1198 5234 1355 5298 latio
1405 5232 1776 5298 Communis
1842 5232 2121 5296 civitatis
2184 5231 2469 5317 predicte
2529 5230 2699 5316 qnod
2766 5231 3055 5317 prefatus
3105 5229 3408 5294 Thadeus
3466 5230 3544 5294 de
3590 5230 3856 5317 Pepnlis
3905 5237 4057 5294 tunc
4105 5230 4473 5314 habitabat,
4516 5241 4581 5297 et
4626 5234 4839 5298 adhuc

1201 5341 1436 5406 dicitur
1482 5339 1800 5422 habitare,
1842 5359 2161 5425 usurpans
2210 5339 2564 5402 dominium
2612 5346 2678 5401 et
2738 5359 3048 5402 exercens
3111 5337 3518 5401 tiramnidem
3567 5338 3632 5400 in
3680 5338 3942 5404 civitate
3990 5338 4265 5423 prefata,
4315 5340 4522 5403 eidem
4571 5341 4837 5407 Thadeo

1199 5471 1275 5514 ac
1320 5447 1767 5529 universitati,
1818 5446 2057 5534 populo
2108 5453 2170 5509 et
2219 5446 2559 5510 Communi
2606 5453 2670 5509 et
2718 5446 2964 5510 civibus
3029 5445 3449 5531 supradictis,
3500 5453 3650 5509 tnnc
3699 5467 3813 5531 per
3859 5445 4101 5509 dictum
4166 5445 4503 5511 Thadeum
4564 5449 4646 5512 ad
4692 5472 4838 5536 pre·

1194 5558 1404 5622 fatum
1454 5556 1768 5643 palatium
1816 5555 2206 5638 convocatiS,
2257 5555 2661 5640 exposuisset
2710 5554 3043 5641 premissa,
3096 5553 3177 5616 ad
3226 5575 3349 5638 que
3397 5575 3514 5639 per
3561 5576 3677 5617 nos
3726 5553 3805 5617 de
3853 5554 4170 5618 dictorum
4226 5554 4526 5619 Fratrum
4591 5564 4839 5622 nostro·

1201 5687 1345 5730 rum
1393 5663 1659 5729 consilio
1709 5663 1789 5726 ad
1839 5662 2076 5727 dictam
2124 5663 2450 5727 civitatem
2516 5662 2729 5726 fuerat
2795 5662 3186 5744 destinatus,
3239 5683 3506 5747 sperans
3569 5683 3677 5725 eos
3743 5662 4031 5726 invenire
4087 5670 4349 5748 paratos
4395 5671 4460 5727 et
4506 5672 4837 5752 promptos

1202 5774 1286 5838 ad
1335 5771 1724 5859 perficienda
1773 5778 1839 5834 et
1887 5771 2268 5856 complenda
2317 5772 2531 5833 omnia
2578 5770 2950 5855 supradicta
3008 5791 3121 5854 per
3182 5769 3505 5854 prefatum
3567 5769 3881 5836 sindicum
3944 5779 4008 5834 et
4070 5779 4553 5856 procuratorem
4611 5794 4834 5837 eorum

1190 5880 1554 5945 sindacario
1604 5886 1667 5944 et
1714 5879 2158 5966 procuratorio
2209 5879 2463 5942 nomine
2513 5877 2886 5941 eorumdem
2930 5884 3094 5957 acta,
3145 5883 3351 5961 gesta,
3397 5878 3713 5960 restituta,
3747 5878 4082 5963 promissa,
4117 5879 4289 5960 data,
4325 5900 4650 5962 concessa,
4688 5903 4834 5945 con-

1193 5989 1420 6053 stituta
1467 5997 1532 6052 et
1572 5989 1793 6071 jurata
1860 5995 1924 6051 et
1989 5987 2118 6049 alia
2183 5987 2398 6049 omnia
2446 5992 2510 6049 et
2556 5986 2815 6069 singula
2873 5985 3278 6070 supradicta,
3329 5985 3496 6049 idem
3545 5993 3760 6049 tamen
3810 5985 4112 6049 Thadeus
4161 5987 4416 6050 nomine
4465 6009 4581 6051 suo
4630 5996 4693 6053 et
4740 5990 4835 6054 di-

1198 6104 1449 6162 ctorum
1496 6095 2036 6176 ambaxiatorum,
2070 6093 2371 6158 videlicet
2409 6093 2602 6156 Pauli
2648 6093 2726 6157 de
2776 6092 3114 6176 Liazarijs,
3151 6092 3588 6177 Machagnani
3633 6093 3712 6156 de
3759 6093 4150 6178 Azzoguidis
4197 6101 4262 6158 et
4304 6095 4486 6157 Petri
4526 6095 4604 6159 de
4637 6098 4835 6161 Boni·

1193 6205 1426 6291 petriS,
1478 6226 1595 6267 nec
1643 6224 1772 6266 non
1819 6202 2093 6266 aliorum
2142 6201 2376 6265 civium
2426 6201 2664 6264 ibidem
2713 6200 2778 6264 in
2825 6199 2995 6264 dicto
3043 6201 3286 6286 palatio
3335 6201 3764 6286 presentium,
3812 6208 3885 6264 ut
3930 6201 4239 6283 asseruit,
4288 6201 4370 6265 ab
4421 6202 4498 6265 iis
4547 6224 4671 6289 quc
4718 6226 4835 6290 per

1196 6312 1439 6377 dictum
1486 6311 1801 6374 sindicum
1851 6317 1915 6374 et
1963 6316 2443 6395 procuratorem
2494 6308 2839 6372 sindicario
2895 6315 2960 6372 et
3006 6309 3448 6394 procuratorio
3497 6309 3753 6372 nomine
3802 6308 4172 6372 eorumdem
4213 6309 4586 6374 solemniter
4619 6334 4834 6376 coram

1194 6420 1381 6486 nobis
1444 6426 1509 6484 et
1569 6418 1811 6482 eisdem
1875 6416 2184 6481 fratribus
2234 6417 2468 6481 nostris
2515 6423 2732 6500 gesta,
2781 6417 3100 6502 promissa
3163 6423 3227 6479 et
3284 6417 3505 6501 jurata
3569 6415 3859 6498 fuerant,
3908 6416 4342 6481 inverecunda
4398 6424 4462 6481 et
4510 6419 4834 6484 obstinata

1197 6530 1476 6593 elatione
1525 6526 1852 6608 recedenS,
1903 6525 2068 6590 dixit
2114 6532 2177 6588 et
2223 6524 2574 6610 respondit,
2611 6524 2779 6609 qnod
2830 6525 3052 6605 multa,
3089 6545 3213 6608 qne
3262 6524 3396 6588 fere
3446 6524 3868 6608 impossibilia
3913 6546 4100 6610 posse
4149 6525 4307 6608 fieri,
4342 6525 4730 6590 videbantur
4770 6528 4830 6590 in
