<?xml version="1.0" encoding="UTF-8"?>
<!DOCTYPE html PUBLIC "-//W3C//DTD XHTML 1.0 Transitional//EN"
    "http://www.w3.org/TR/xhtml1/DTD/xhtml1-transitional.dtd">
<html xmlns="http://www.w3.org/1999/xhtml" xml:lang="en" lang="en">
 <head>
  <title>
</title>
<meta http-equiv="Content-Type" content="text/html;charset=utf-8" />
  <meta name='ocr-system' content='tesseract 3.04.00' />
  <meta name='ocr-capabilities' content='ocr_page ocr_carea ocr_par ocr_line ocrx_word'/>
</head>
<body>
  <div class='ocr_page' id='page_1' title='image "./declarisarchigy00malagoog_0243.png"; bbox 0 0 5542 7775; ppageno 0'>
   <div class='ocr_carea' id='block_1_1' title="bbox 1351 662 4312 735">
    <p class='ocr_par' dir='ltr' id='par_1_1' title="bbox 1351 662 4312 735">
     <span class='ocr_line' id='line_1_1' title="bbox 1351 662 4312 735; baseline -0.002 -1"><span class='ocrx_word' id='word_1_1' title='bbox 1351 685 1810 735; x_wconf 70' lang='lat' dir='ltr'>SPECTANTIA</span> <span class='ocrx_word' id='word_1_2' title='bbox 1851 687 1951 735; x_wconf 82' lang='lat' dir='ltr'><strong>AD</strong></span> <span class='ocrx_word' id='word_1_3' title='bbox 1995 686 2323 735; x_wconf 70' lang='lat' dir='ltr'>CLASSEM</span> <span class='ocrx_word' id='word_1_4' title='bbox 2362 680 3091 734; x_wconf 81' lang='lat' dir='ltr'><strong>ARCHIDIACONORUM</strong></span> <span class='ocrx_word' id='word_1_5' title='bbox 3128 682 3333 732; x_wconf 83' lang='lat' dir='ltr'><strong>ECCL.</strong></span> <span class='ocrx_word' id='word_1_6' title='bbox 3376 680 3651 732; x_wconf 81' lang='lat' dir='ltr'><strong>BONON.</strong></span> <span class='ocrx_word' id='word_1_7' title='bbox 4162 662 4312 730; x_wconf 71' lang='lat'><strong>255</strong></span> 
     </span>
    </p>
   </div>
   <div class='ocr_carea' id='block_1_2' title="bbox 687 832 4326 1457">
    <p class='ocr_par' dir='ltr' id='par_1_2' title="bbox 688 832 4326 1028">
     <span class='ocr_line' id='line_1_2' title="bbox 689 832 4326 921; baseline -0.001 -23"><span class='ocrx_word' id='word_1_8' title='bbox 689 834 965 916; x_wconf 85' lang='lat' dir='ltr'><strong>Marani,</strong></span> <span class='ocrx_word' id='word_1_9' title='bbox 1016 836 1332 921; x_wconf 77' lang='lat' dir='ltr'><strong>presbiter</strong></span> <span class='ocrx_word' id='word_1_10' title='bbox 1381 836 1737 919; x_wconf 87' lang='lat' dir='ltr'><strong>Georgius,</strong></span> <span class='ocrx_word' id='word_1_11' title='bbox 1785 836 2103 921; x_wconf 81' lang='lat' dir='ltr'>presbiter</span> <span class='ocrx_word' id='word_1_12' title='bbox 2151 835 2478 899; x_wconf 85' lang='lat' dir='ltr'><strong>Gerardus</strong></span> <span class='ocrx_word' id='word_1_13' title='bbox 2527 835 2733 921; x_wconf 88' lang='lat' dir='ltr'><strong>plebis</strong></span> <span class='ocrx_word' id='word_1_14' title='bbox 2782 834 3032 898; x_wconf 86' lang='lat' dir='ltr'><strong>Pastini</strong></span> <span class='ocrx_word' id='word_1_15' title='bbox 3078 842 3142 897; x_wconf 91' lang='lat' dir='ltr'><strong>et</strong></span> <span class='ocrx_word' id='word_1_16' title='bbox 3190 834 3506 898; x_wconf 89' lang='lat' dir='ltr'><strong>Martinus</strong></span> <span class='ocrx_word' id='word_1_17' title='bbox 3554 833 3840 897; x_wconf 70' lang='lat' dir='ltr'><strong>serviens</strong></span> <span class='ocrx_word' id='word_1_18' title='bbox 3887 832 4039 897; x_wconf 89' lang='lat' dir='ltr'><strong>dicti</strong></span> <span class='ocrx_word' id='word_1_19' title='bbox 4087 832 4326 897; x_wconf 89' lang='lat' dir='ltr'><strong>domini</strong></span> 
     </span>
     <span class='ocr_line' id='line_1_3' title="bbox 688 941 3752 1028; baseline 0 -23"><span class='ocrx_word' id='word_1_20' title='bbox 688 941 1014 1028; x_wconf 81' lang='lat' dir='ltr'><strong>Episcopi,</strong></span> <span class='ocrx_word' id='word_1_21' title='bbox 1065 943 1239 1026; x_wconf 90' lang='lat' dir='ltr'><strong>hu[ie</strong></span> <span class='ocrx_word' id='word_1_22' title='bbox 1284 943 1705 1007; x_wconf 89' lang='lat' dir='ltr'><strong>refutaccioni</strong></span> <span class='ocrx_word' id='word_1_23' title='bbox 1753 951 1818 1006; x_wconf 90' lang='lat' dir='ltr'><strong>et</strong></span> <span class='ocrx_word' id='word_1_24' title='bbox 1862 941 2315 1025; x_wconf 88' lang='lat' dir='ltr'><strong>transaceioni]</strong></span> <span class='ocrx_word' id='word_1_25' title='bbox 2361 950 2557 1006; x_wconf 91' lang='lat' dir='ltr'><strong>testes</strong></span> <span class='ocrx_word' id='word_1_26' title='bbox 2607 942 2954 1005; x_wconf 76' lang='lat' dir='ltr'><strong>interfuere</strong></span> <span class='ocrx_word' id='word_1_27' title='bbox 3004 989 3752 1006; x_wconf 89' lang='grc'><strong>............</strong></span> 
     </span>
    </p>

    <p class='ocr_par' dir='ltr' id='par_1_3' title="bbox 687 1047 4323 1457">
     <span class='ocr_line' id='line_1_4' title="bbox 870 1047 4323 1135; baseline -0.001 -23"><span class='ocrx_word' id='word_1_28' title='bbox 870 1049 1065 1135; x_wconf 83' lang='lat' dir='ltr'><strong>[Ego]</strong></span> <span class='ocrx_word' id='word_1_29' title='bbox 1115 1051 1347 1114; x_wconf 90' lang='lat' dir='ltr'><strong>Petrus</strong></span> <span class='ocrx_word' id='word_1_30' title='bbox 1395 1051 1715 1132; x_wconf 73' lang='lat' dir='ltr'><strong>mimator,</strong></span> <span class='ocrx_word' id='word_1_31' title='bbox 1750 1072 1830 1113; x_wconf 87' lang='lat' dir='ltr'><strong>ex</strong></span> <span class='ocrx_word' id='word_1_32' title='bbox 1866 1050 2247 1113; x_wconf 89' lang='lat' dir='ltr'><strong>auctoritate</strong></span> <span class='ocrx_word' id='word_1_33' title='bbox 2295 1050 2535 1113; x_wconf 88' lang='lat' dir='ltr'><strong>domini</strong></span> <span class='ocrx_word' id='word_1_34' title='bbox 2581 1049 3000 1135; x_wconf 86' lang='lat' dir='ltr'><strong>Imperatoris</strong></span> <span class='ocrx_word' id='word_1_35' title='bbox 3051 1049 3356 1131; x_wconf 88' lang='lat' dir='ltr'><strong>notarius,</strong></span> <span class='ocrx_word' id='word_1_36' title='bbox 3389 1048 3537 1112; x_wconf 88' lang='lat' dir='ltr'><strong>huie</strong></span> <span class='ocrx_word' id='word_1_37' title='bbox 3584 1048 4049 1113; x_wconf 88' lang='lat' dir='ltr'><strong>confirmationi</strong></span> <span class='ocrx_word' id='word_1_38' title='bbox 4081 1047 4250 1111; x_wconf 86' lang='lat' dir='ltr'><strong>facte</strong></span> <span class='ocrx_word' id='word_1_39' title='bbox 4284 1069 4323 1111; x_wconf 91' lang='lat' dir='ltr'><strong>a</strong></span> 
     </span>
     <span class='ocr_line' id='line_1_5' title="bbox 690 1154 4322 1244; baseline -0 -25"><span class='ocrx_word' id='word_1_40' title='bbox 690 1157 1138 1241; x_wconf 90' lang='lat' dir='ltr'><strong>prenominato</strong></span> <span class='ocrx_word' id='word_1_41' title='bbox 1185 1157 1533 1244; x_wconf 88' lang='lat' dir='ltr'><strong>Ep[iscopo</strong></span> <span class='ocrx_word' id='word_1_42' title='bbox 1581 1157 1863 1239; x_wconf 87' lang='lat' dir='ltr'><strong>interfui,</strong></span> <span class='ocrx_word' id='word_1_43' title='bbox 1898 1164 1961 1220; x_wconf 89' lang='lat' dir='ltr'><strong>et</strong></span> <span class='ocrx_word' id='word_1_44' title='bbox 2002 1155 2164 1239; x_wconf 92' lang='lat' dir='ltr'><strong>eius]</strong></span> <span class='ocrx_word' id='word_1_45' title='bbox 2213 1156 2515 1220; x_wconf 89' lang='lat' dir='ltr'><strong>mandato</strong></span> <span class='ocrx_word' id='word_1_46' title='bbox 2563 1157 2810 1242; x_wconf 81' lang='lat' dir='ltr'><strong>scripsi,</strong></span> <span class='ocrx_word' id='word_1_47' title='bbox 2859 1163 2921 1219; x_wconf 91' lang='lat' dir='ltr'><strong>et</strong></span> <span class='ocrx_word' id='word_1_48' title='bbox 2970 1157 3288 1242; x_wconf 89' lang='lat' dir='ltr'><strong>prefatum</strong></span> <span class='ocrx_word' id='word_1_49' title='bbox 3338 1156 3828 1219; x_wconf 82' lang='lat' dir='ltr'><strong>instrumentum</strong></span> <span class='ocrx_word' id='word_1_50' title='bbox 3876 1154 4322 1219; x_wconf 88' lang='lat' dir='ltr'><strong>transsationis</strong></span> 
     </span>
     <span class='ocr_line' id='line_1_6' title="bbox 688 1262 4320 1351; baseline 0 -24"><span class='ocrx_word' id='word_1_51' title='bbox 688 1286 805 1350; x_wconf 89' lang='lat' dir='ltr'><strong>per</strong></span> <span class='ocrx_word' id='word_1_52' title='bbox 851 1286 1112 1328; x_wconf 88' lang='lat' dir='ltr'><strong>manum</strong></span> <span class='ocrx_word' id='word_1_53' title='bbox 1160 1287 1369 1329; x_wconf 89' lang='lat' dir='ltr'><strong>meam</strong></span> <span class='ocrx_word' id='word_1_54' title='bbox 1418 1266 1725 1351; x_wconf 89' lang='lat' dir='ltr'><strong>scriptum</strong></span> <span class='ocrx_word' id='word_1_55' title='bbox 1774 1264 1852 1328; x_wconf 88' lang='lat' dir='ltr'><strong>de</strong></span> <span class='ocrx_word' id='word_1_56' title='bbox 1898 1265 2097 1328; x_wconf 85' lang='lat' dir='ltr'><strong>verbo</strong></span> <span class='ocrx_word' id='word_1_57' title='bbox 2146 1265 2225 1327; x_wconf 89' lang='lat' dir='ltr'><strong>ad</strong></span> <span class='ocrx_word' id='word_1_58' title='bbox 2275 1265 2544 1328; x_wconf 71' lang='lat' dir='ltr'><strong>verbum</strong></span> <span class='ocrx_word' id='word_1_59' title='bbox 2589 1265 2739 1328; x_wconf 89' lang='lat' dir='ltr'><strong>huic</strong></span> <span class='ocrx_word' id='word_1_60' title='bbox 2788 1264 3255 1328; x_wconf 85' lang='lat' dir='ltr'><strong>confirmationi</strong></span> <span class='ocrx_word' id='word_1_61' title='bbox 3294 1264 3657 1347; x_wconf 83' lang='lat' dir='ltr'><strong>interseruj.</strong></span> <span class='ocrx_word' id='word_1_62' title='bbox 3704 1263 3847 1347; x_wconf 90' lang='lat' dir='ltr'><strong>Ego</strong></span> <span class='ocrx_word' id='word_1_63' title='bbox 3889 1263 4171 1327; x_wconf 84' lang='lat' dir='ltr'><strong>Thomas</strong></span> <span class='ocrx_word' id='word_1_64' title='bbox 4205 1262 4320 1327; x_wconf 82' lang='lat' dir='ltr'><strong>Al-</strong></span> 
     </span>
     <span class='ocr_line' id='line_1_7' title="bbox 687 1370 4321 1457; baseline 0 -23"><span class='ocrx_word' id='word_1_65' title='bbox 687 1371 885 1434; x_wconf 90' lang='lat' dir='ltr'><strong>berici</strong></span> <span class='ocrx_word' id='word_1_66' title='bbox 932 1372 1111 1436; x_wconf 91' lang='lat' dir='ltr'><strong>Petri</strong></span> <span class='ocrx_word' id='word_1_67' title='bbox 1160 1373 1467 1453; x_wconf 84' lang='lat' dir='ltr'><strong>Alberici,</strong></span> <span class='ocrx_word' id='word_1_68' title='bbox 1514 1372 1820 1454; x_wconf 88' lang='lat' dir='ltr'><strong>notarius,</strong></span> <span class='ocrx_word' id='word_1_69' title='bbox 1855 1371 2206 1435; x_wconf 87' lang='lat' dir='ltr'><strong>secundum</strong></span> <span class='ocrx_word' id='word_1_70' title='bbox 2254 1372 2422 1456; x_wconf 91' lang='lat' dir='ltr'><strong>quod</strong></span> <span class='ocrx_word' id='word_1_71' title='bbox 2470 1370 2600 1434; x_wconf 79' lang='lat' dir='ltr'><strong>vidi</strong></span> <span class='ocrx_word' id='word_1_72' title='bbox 2649 1372 2957 1457; x_wconf 87' lang='lat' dir='ltr'><strong>scriptum</strong></span> <span class='ocrx_word' id='word_1_73' title='bbox 3005 1394 3121 1457; x_wconf 91' lang='lat' dir='ltr'><strong>per</strong></span> <span class='ocrx_word' id='word_1_74' title='bbox 3167 1392 3427 1434; x_wconf 88' lang='lat' dir='ltr'><strong>manum</strong></span> <span class='ocrx_word' id='word_1_75' title='bbox 3474 1370 3653 1435; x_wconf 91' lang='lat' dir='ltr'><strong>Petri</strong></span> <span class='ocrx_word' id='word_1_76' title='bbox 3696 1371 4054 1434; x_wconf 85' lang='lat' dir='ltr'><strong>miniatoris</strong></span> <span class='ocrx_word' id='word_1_77' title='bbox 4088 1372 4321 1434; x_wconf 89' lang='lat' dir='ltr'><strong>notarii</strong></span> 
     </span>
    </p>
   </div>
   <div class='ocr_carea' id='block_1_3' title="bbox 689 1478 1911 1565">
    <p class='ocr_par' dir='ltr' id='par_1_4' title="bbox 689 1478 1911 1565">
     <span class='ocr_line' id='line_1_8' title="bbox 689 1478 1911 1565; baseline 0.001 -25"><span class='ocrx_word' id='word_1_78' title='bbox 689 1478 779 1541; x_wconf 91' lang='lat' dir='ltr'><strong>ita</strong></span> <span class='ocrx_word' id='word_1_79' title='bbox 826 1480 1052 1565; x_wconf 83' lang='lat' dir='ltr'><strong>scripsi</strong></span> <span class='ocrx_word' id='word_1_80' title='bbox 1098 1486 1162 1543; x_wconf 87' lang='lat' dir='ltr'><strong>et</strong></span> <span class='ocrx_word' id='word_1_81' title='bbox 1207 1479 1481 1543; x_wconf 87' lang='lat' dir='ltr'><strong>fideliter</strong></span> <span class='ocrx_word' id='word_1_82' title='bbox 1525 1479 1911 1565; x_wconf 81' lang='lat' dir='ltr'><strong>exemplavi.</strong></span> 
     </span>
    </p>
   </div>
   <div class='ocr_carea' id='block_1_4' title="bbox 1465 1797 3542 2311">
    <p class='ocr_par' dir='ltr' id='par_1_5' title="bbox 1465 1797 3542 2311">
     <span class='ocr_line' id='line_1_9' title="bbox 2411 1797 2598 1861; baseline 0.005 -1"><span class='ocrx_word' id='word_1_83' title='bbox 2411 1797 2598 1861; x_wconf 90' lang='lat' dir='ltr'><strong>VIII.</strong></span> 
     </span>
     <span class='ocr_line' id='line_1_10' title="bbox 2189 2011 2830 2095; baseline 0.003 -20"><span class='ocrx_word' id='word_1_84' title='bbox 2189 2013 2383 2095; x_wconf 78' lang='lat'><strong>1210,</strong></span> <span class='ocrx_word' id='word_1_85' title='bbox 2435 2011 2519 2075; x_wconf 87' lang='lat'><strong>13</strong></span> <span class='ocrx_word' id='word_1_86' title='bbox 2562 2011 2830 2077; x_wconf 75' lang='lat' dir='ltr'><strong>octobris,</strong></span> 
     </span>
     <span class='ocr_line' id='line_1_11' title="bbox 1465 2225 3542 2311; baseline 0 -21"><span class='ocrx_word' id='word_1_87' title='bbox 1465 2225 1570 2290; x_wconf 82' lang='lat' dir='ltr'><strong>Ex</strong></span> <span class='ocrx_word' id='word_1_88' title='bbox 1617 2234 1770 2289; x_wconf 90' lang='lat' dir='ltr'><strong>tom.</strong></span> <span class='ocrx_word' id='word_1_89' title='bbox 1816 2225 2105 2290; x_wconf 86' lang='lat' dir='ltr'><strong>XXVII.</strong></span> <span class='ocrx_word' id='word_1_90' title='bbox 2161 2226 2304 2290; x_wconf 76' lang='lat' dir='ltr'><strong>cod.</strong></span> <span class='ocrx_word' id='word_1_91' title='bbox 2354 2227 2504 2311; x_wconf 73' lang='lat' dir='ltr'><strong>dipl.</strong></span> <span class='ocrx_word' id='word_1_92' title='bbox 2551 2226 2717 2291; x_wconf 80' lang='lat' dir='ltr'><strong>Eccl.</strong></span> <span class='ocrx_word' id='word_1_93' title='bbox 2766 2225 3021 2309; x_wconf 58' lang='lat' dir='ltr'><strong>bonon„</strong></span> <span class='ocrx_word' id='word_1_94' title='bbox 3070 2247 3242 2289; x_wconf 89' lang='lat' dir='ltr'><strong>num.</strong></span> <span class='ocrx_word' id='word_1_95' title='bbox 3294 2226 3542 2291; x_wconf 86' lang='lat' dir='ltr'><strong>XXVI.</strong></span> 
     </span>
    </p>
   </div>
   <div class='ocr_carea' id='block_1_5' title="bbox 666 2440 4315 6277">
    <p class='ocr_par' dir='ltr' id='par_1_6' title="bbox 685 2440 4312 2633">
     <span class='ocr_line' id='line_1_12' title="bbox 859 2440 4312 2527; baseline 0.001 -23"><span class='ocrx_word' id='word_1_96' title='bbox 859 2441 1274 2504; x_wconf 81' lang='lat' dir='ltr'><strong>Innocentius</strong></span> <span class='ocrx_word' id='word_1_97' title='bbox 1322 2463 1492 2527; x_wconf 89' lang='lat' dir='ltr'><strong>papa</strong></span> <span class='ocrx_word' id='word_1_98' title='bbox 1540 2441 1765 2506; x_wconf 89' lang='lat' dir='ltr'><strong>III.(1)</strong></span> <span class='ocrx_word' id='word_1_99' title='bbox 1799 2441 2009 2505; x_wconf 90' lang='lat' dir='ltr'><strong>Priori</strong></span> <span class='ocrx_word' id='word_1_100' title='bbox 2075 2442 2279 2504; x_wconf 89' lang='lat' dir='ltr'><strong>saneti</strong></span> <span class='ocrx_word' id='word_1_101' title='bbox 2328 2440 2600 2505; x_wconf 88' lang='lat' dir='ltr'><strong>Joannis</strong></span> <span class='ocrx_word' id='word_1_102' title='bbox 2663 2442 2729 2505; x_wconf 88' lang='lat' dir='ltr'><strong>in</strong></span> <span class='ocrx_word' id='word_1_103' title='bbox 2786 2442 3005 2515; x_wconf 84' lang='lat' dir='ltr'><strong>Monte</strong></span> <span class='ocrx_word' id='word_1_104' title='bbox 3052 2441 3468 2523; x_wconf 87' lang='lat' dir='ltr'><strong>bononiensi,</strong></span> <span class='ocrx_word' id='word_1_105' title='bbox 3518 2448 3582 2505; x_wconf 84' lang='lat' dir='ltr'><strong>et</strong></span> <span class='ocrx_word' id='word_1_106' title='bbox 3641 2441 4179 2527; x_wconf 80' lang='lat' dir='ltr'><strong>archipresbitero</strong></span> <span class='ocrx_word' id='word_1_107' title='bbox 4235 2443 4312 2507; x_wconf 92' lang='lat' dir='ltr'><strong>de</strong></span> 
     </span>
     <span class='ocr_line' id='line_1_13' title="bbox 685 2547 3988 2633; baseline 0 -21"><span class='ocrx_word' id='word_1_108' title='bbox 685 2547 928 2633; x_wconf 83' lang='lat' dir='ltr'><strong>Campo</strong></span> <span class='ocrx_word' id='word_1_109' title='bbox 979 2547 1353 2631; x_wconf 85' lang='lat' dir='ltr'><strong>Gall[i]ano,</strong></span> <span class='ocrx_word' id='word_1_110' title='bbox 1403 2549 1779 2612; x_wconf 90' lang='lat' dir='ltr'><strong>mutinensis</strong></span> <span class='ocrx_word' id='word_1_111' title='bbox 1829 2549 2119 2629; x_wconf 88' lang='lat' dir='ltr'><strong>diocesis,</strong></span> <span class='ocrx_word' id='word_1_112' title='bbox 2169 2557 2233 2611; x_wconf 90' lang='lat' dir='ltr'><strong>et</strong></span> <span class='ocrx_word' id='word_1_113' title='bbox 2281 2547 2396 2629; x_wconf 78' lang='lat' dir='ltr'><strong>G.,</strong></span> <span class='ocrx_word' id='word_1_114' title='bbox 2446 2548 2692 2615; x_wconf 89' lang='lat' dir='ltr'><strong>doctori</strong></span> <span class='ocrx_word' id='word_1_115' title='bbox 2736 2549 3160 2629; x_wconf 86' lang='lat' dir='ltr'><strong>decretorum,</strong></span> <span class='ocrx_word' id='word_1_116' title='bbox 3208 2548 3500 2611; x_wconf 88' lang='lat' dir='ltr'><strong>Bononie</strong></span> <span class='ocrx_word' id='word_1_117' title='bbox 3549 2549 3988 2612; x_wconf 85' lang='lat' dir='ltr'><strong>commoranti.</strong></span> 
     </span>
    </p>

    <p class='ocr_par' dir='ltr' id='par_1_7' title="bbox 666 2655 4315 6147">
     <span class='ocr_line' id='line_1_14' title="bbox 861 2655 4312 2743; baseline 0.001 -25"><span class='ocrx_word' id='word_1_118' title='bbox 861 2655 962 2719; x_wconf 83' lang='lat' dir='ltr'><strong>Ex</strong></span> <span class='ocrx_word' id='word_1_119' title='bbox 1012 2656 1214 2718; x_wconf 90' lang='lat' dir='ltr'><strong>literis</strong></span> <span class='ocrx_word' id='word_1_120' title='bbox 1262 2656 1366 2740; x_wconf 92' lang='lat' dir='ltr'><strong>pie</strong></span> <span class='ocrx_word' id='word_1_121' title='bbox 1415 2656 1718 2719; x_wconf 89' lang='lat' dir='ltr'><strong>memorie</strong></span> <span class='ocrx_word' id='word_1_122' title='bbox 1775 2655 2166 2740; x_wconf 87' lang='lat' dir='ltr'><strong>Uguccionis</strong></span> <span class='ocrx_word' id='word_1_123' title='bbox 2214 2656 2499 2741; x_wconf 89' lang='lat' dir='ltr'><strong>episcopi</strong></span> <span class='ocrx_word' id='word_1_124' title='bbox 2545 2662 2609 2718; x_wconf 89' lang='lat' dir='ltr'><strong>et</strong></span> <span class='ocrx_word' id='word_1_125' title='bbox 2656 2655 3035 2719; x_wconf 89' lang='lat' dir='ltr'><strong>dilectorum</strong></span> <span class='ocrx_word' id='word_1_126' title='bbox 3082 2655 3359 2718; x_wconf 85' lang='lat' dir='ltr'><strong>filiorum</strong></span> <span class='ocrx_word' id='word_1_127' title='bbox 3407 2655 3929 2741; x_wconf 86' lang='lat' dir='ltr'><strong>archipresbiteri</strong></span> <span class='ocrx_word' id='word_1_128' title='bbox 3975 2663 4037 2719; x_wconf 89' lang='lat' dir='ltr'><strong>et</strong></span> <span class='ocrx_word' id='word_1_129' title='bbox 4083 2678 4312 2743; x_wconf 89' lang='lat' dir='ltr'><strong>prepo-</strong></span> 
     </span>
     <span class='ocr_line' id='line_1_15' title="bbox 683 2760 4313 2846; baseline 0 -21"><span class='ocrx_word' id='word_1_130' title='bbox 683 2762 789 2825; x_wconf 89' lang='lat' dir='ltr'><strong>siti</strong></span> <span class='ocrx_word' id='word_1_131' title='bbox 836 2762 1338 2843; x_wconf 88' lang='lat' dir='ltr'><strong>ferrariensium,</strong></span> <span class='ocrx_word' id='word_1_132' title='bbox 1388 2761 1883 2825; x_wconf 86' lang='lat' dir='ltr'><strong>intellixerimus</strong></span> <span class='ocrx_word' id='word_1_133' title='bbox 1919 2761 2085 2846; x_wconf 90' lang='lat' dir='ltr'><strong>quod</strong></span> <span class='ocrx_word' id='word_1_134' title='bbox 2123 2783 2264 2824; x_wconf 87' lang='lat' dir='ltr'><strong>cum</strong></span> <span class='ocrx_word' id='word_1_135' title='bbox 2302 2760 2452 2824; x_wconf 90' lang='lat' dir='ltr'><strong>olim</strong></span> <span class='ocrx_word' id='word_1_136' title='bbox 2504 2762 2668 2824; x_wconf 89' lang='lat' dir='ltr'><strong>inter</strong></span> <span class='ocrx_word' id='word_1_137' title='bbox 2715 2761 2792 2825; x_wconf 89' lang='lat' dir='ltr'><strong>B.</strong></span> <span class='ocrx_word' id='word_1_138' title='bbox 2828 2770 2980 2825; x_wconf 90' lang='lat' dir='ltr'><strong>tune</strong></span> <span class='ocrx_word' id='word_1_139' title='bbox 3022 2761 3347 2824; x_wconf 82' lang='lat' dir='ltr'><strong>Abbatem</strong></span> <span class='ocrx_word' id='word_1_140' title='bbox 3392 2767 3457 2824; x_wconf 91' lang='lat' dir='ltr'><strong>et</strong></span> <span class='ocrx_word' id='word_1_141' title='bbox 3505 2760 3852 2824; x_wconf 88' lang='lat' dir='ltr'><strong>monachos</strong></span> <span class='ocrx_word' id='word_1_142' title='bbox 3901 2762 4105 2825; x_wconf 90' lang='lat' dir='ltr'><strong>sancti</strong></span> <span class='ocrx_word' id='word_1_143' title='bbox 4152 2761 4313 2825; x_wconf 89' lang='lat' dir='ltr'><strong>Bar-</strong></span> 
     </span>
     <span class='ocr_line' id='line_1_16' title="bbox 681 2867 4315 2955; baseline 0.001 -24"><span class='ocrx_word' id='word_1_144' title='bbox 681 2868 988 2933; x_wconf 88' lang='lat' dir='ltr'><strong>tholomei</strong></span> <span class='ocrx_word' id='word_1_145' title='bbox 1035 2869 1113 2931; x_wconf 91' lang='lat' dir='ltr'><strong>de</strong></span> <span class='ocrx_word' id='word_1_146' title='bbox 1161 2868 1461 2932; x_wconf 88' lang='lat' dir='ltr'><strong>Ferraria</strong></span> <span class='ocrx_word' id='word_1_147' title='bbox 1509 2867 1694 2952; x_wconf 77' lang='lat' dir='ltr'><strong>gravi</strong></span> <span class='ocrx_word' id='word_1_148' title='bbox 1743 2868 2137 2932; x_wconf 89' lang='lat' dir='ltr'><strong>dissensione</strong></span> <span class='ocrx_word' id='word_1_149' title='bbox 2184 2868 2467 2950; x_wconf 89' lang='lat' dir='ltr'><strong>suborta,</strong></span> <span class='ocrx_word' id='word_1_150' title='bbox 2506 2868 2624 2954; x_wconf 89' lang='lat' dir='ltr'><strong>ipsi</strong></span> <span class='ocrx_word' id='word_1_151' title='bbox 2658 2890 2900 2949; x_wconf 89' lang='lat' dir='ltr'><strong>omnes,</strong></span> <span class='ocrx_word' id='word_1_152' title='bbox 2936 2868 3402 2931; x_wconf 85' lang='lat' dir='ltr'><strong>communicato</strong></span> <span class='ocrx_word' id='word_1_153' title='bbox 3436 2868 3724 2949; x_wconf 89' lang='lat' dir='ltr'><strong>eonsili0,</strong></span> <span class='ocrx_word' id='word_1_154' title='bbox 3759 2868 3824 2931; x_wconf 89' lang='lat' dir='ltr'><strong>in</strong></span> <span class='ocrx_word' id='word_1_155' title='bbox 3857 2868 4131 2932; x_wconf 88' lang='lat' dir='ltr'><strong>eundem</strong></span> <span class='ocrx_word' id='word_1_156' title='bbox 4164 2868 4315 2955; x_wconf 89' lang='lat' dir='ltr'><strong>Epi-</strong></span> 
     </span>
     <span class='ocr_line' id='line_1_17' title="bbox 681 2975 4313 3064; baseline 0 -24"><span class='ocrx_word' id='word_1_157' title='bbox 681 2999 944 3063; x_wconf 89' lang='lat' dir='ltr'><strong>scopum</strong></span> <span class='ocrx_word' id='word_1_158' title='bbox 994 2976 1583 3061; x_wconf 88' lang='lat' dir='ltr'><strong>compromiserint,</strong></span> <span class='ocrx_word' id='word_1_159' title='bbox 1627 2977 1921 3060; x_wconf 89' lang='lat' dir='ltr'><strong>jurantes</strong></span> <span class='ocrx_word' id='word_1_160' title='bbox 1967 2975 2032 3038; x_wconf 89' lang='lat' dir='ltr'><strong>in</strong></span> <span class='ocrx_word' id='word_1_161' title='bbox 2091 2976 2384 3039; x_wconf 90' lang='lat' dir='ltr'><strong>omnibus</strong></span> <span class='ocrx_word' id='word_1_162' title='bbox 2452 2976 2593 3060; x_wconf 88' lang='lat' dir='ltr'><strong>ejus</strong></span> <span class='ocrx_word' id='word_1_163' title='bbox 2656 2976 3001 3039; x_wconf 80' lang='lat' dir='ltr'><strong>observare</strong></span> <span class='ocrx_word' id='word_1_164' title='bbox 3064 2975 3370 3039; x_wconf 89' lang='lat' dir='ltr'><strong>mandata</strong></span> <span class='ocrx_word' id='word_1_165' title='bbox 3433 2997 3831 3062; x_wconf 86' lang='lat' dir='ltr'><strong>quecumque</strong></span> <span class='ocrx_word' id='word_1_166' title='bbox 3893 2975 4136 3040; x_wconf 87' lang='lat' dir='ltr'><strong>faceret</strong></span> <span class='ocrx_word' id='word_1_167' title='bbox 4197 2999 4313 3064; x_wconf 93' lang='lat' dir='ltr'><strong>pro</strong></span> 
     </span>
     <span class='ocr_line' id='line_1_18' title="bbox 681 3082 4313 3169; baseline 0 -22"><span class='ocrx_word' id='word_1_168' title='bbox 681 3091 854 3148; x_wconf 90' lang='lat' dir='ltr'><strong>statu</strong></span> <span class='ocrx_word' id='word_1_169' title='bbox 902 3085 1101 3169; x_wconf 88' lang='lat' dir='ltr'><strong>ipsius</strong></span> <span class='ocrx_word' id='word_1_170' title='bbox 1147 3083 1437 3147; x_wconf 84' lang='lat' dir='ltr'><strong>Ecclesie</strong></span> <span class='ocrx_word' id='word_1_171' title='bbox 1487 3082 1931 3163; x_wconf 83' lang='lat' dir='ltr'><strong>reformand03</strong></span> <span class='ocrx_word' id='word_1_172' title='bbox 1968 3083 2474 3169; x_wconf 88' lang='lat' dir='ltr'><strong>proponentibus</strong></span> <span class='ocrx_word' id='word_1_173' title='bbox 2522 3082 2780 3146; x_wconf 88' lang='lat' dir='ltr'><strong>demum</strong></span> <span class='ocrx_word' id='word_1_174' title='bbox 2822 3083 3152 3146; x_wconf 89' lang='lat' dir='ltr'><strong>monachis</strong></span> <span class='ocrx_word' id='word_1_175' title='bbox 3200 3090 3263 3146; x_wconf 91' lang='lat' dir='ltr'><strong>et</strong></span> <span class='ocrx_word' id='word_1_176' title='bbox 3312 3082 3636 3147; x_wconf 80' lang='lat' dir='ltr'><strong>conversis</strong></span> <span class='ocrx_word' id='word_1_177' title='bbox 3671 3083 3840 3168; x_wconf 93' lang='lat' dir='ltr'><strong>quod</strong></span> <span class='ocrx_word' id='word_1_178' title='bbox 3874 3083 3993 3146; x_wconf 89' lang='lat' dir='ltr'><strong>sub</strong></span> <span class='ocrx_word' id='word_1_179' title='bbox 4026 3084 4313 3168; x_wconf 87' lang='lat' dir='ltr'><strong>ejusdem</strong></span> 
     </span>
     <span class='ocr_line' id='line_1_19' title="bbox 680 3189 4315 3277; baseline -0 -22"><span class='ocrx_word' id='word_1_180' title='bbox 680 3192 955 3255; x_wconf 84' lang='lat' dir='ltr'><strong>Abbatis</strong></span> <span class='ocrx_word' id='word_1_181' title='bbox 1005 3212 1159 3254; x_wconf 89' lang='lat' dir='ltr'><strong>cura</strong></span> <span class='ocrx_word' id='word_1_182' title='bbox 1206 3211 1555 3275; x_wconf 85' lang='lat' dir='ltr'><strong>numquam</strong></span> <span class='ocrx_word' id='word_1_183' title='bbox 1603 3190 1909 3275; x_wconf 87' lang='lat' dir='ltr'><strong>proficere</strong></span> <span class='ocrx_word' id='word_1_184' title='bbox 1956 3197 2172 3275; x_wconf 91' lang='lat' dir='ltr'><strong>posset</strong></span> <span class='ocrx_word' id='word_1_185' title='bbox 2219 3190 2511 3253; x_wconf 85' lang='lat' dir='ltr'><strong>Ecclesia</strong></span> <span class='ocrx_word' id='word_1_186' title='bbox 2559 3198 2934 3271; x_wconf 84' lang='lat' dir='ltr'><strong>memorata,</strong></span> <span class='ocrx_word' id='word_1_187' title='bbox 2972 3189 3138 3253; x_wconf 89' lang='lat' dir='ltr'><strong>idem</strong></span> <span class='ocrx_word' id='word_1_188' title='bbox 3171 3189 3396 3253; x_wconf 82' lang='lat' dir='ltr'><strong>Abbas</strong></span> <span class='ocrx_word' id='word_1_189' title='bbox 3444 3190 3509 3253; x_wconf 90' lang='lat' dir='ltr'><strong>in</strong></span> <span class='ocrx_word' id='word_1_190' title='bbox 3544 3211 3738 3253; x_wconf 88' lang='lat' dir='ltr'><strong>manu</strong></span> <span class='ocrx_word' id='word_1_191' title='bbox 3772 3191 3971 3276; x_wconf 91' lang='lat' dir='ltr'><strong>ipsius</strong></span> <span class='ocrx_word' id='word_1_192' title='bbox 4009 3189 4315 3277; x_wconf 89' lang='lat' dir='ltr'><strong>Episcopi</strong></span> 
     </span>
     <span class='ocr_line' id='line_1_20' title="bbox 680 3297 4312 3384; baseline 0 -22"><span class='ocrx_word' id='word_1_193' title='bbox 680 3298 1221 3362; x_wconf 82' lang='lat' dir='ltr'><strong>administrationi</strong></span> <span class='ocrx_word' id='word_1_194' title='bbox 1281 3304 1344 3360; x_wconf 90' lang='lat' dir='ltr'><strong>et</strong></span> <span class='ocrx_word' id='word_1_195' title='bbox 1407 3297 1687 3360; x_wconf 86' lang='lat' dir='ltr'><strong>Abbatie</strong></span> <span class='ocrx_word' id='word_1_196' title='bbox 1748 3306 2140 3382; x_wconf 89' lang='lat' dir='ltr'><strong>spontaneus</strong></span> <span class='ocrx_word' id='word_1_197' title='bbox 2203 3297 2590 3381; x_wconf 85' lang='lat' dir='ltr'><strong>resignavit,</strong></span> <span class='ocrx_word' id='word_1_198' title='bbox 2656 3298 3012 3360; x_wconf 89' lang='lat' dir='ltr'><strong>assentiens</strong></span> <span class='ocrx_word' id='word_1_199' title='bbox 3075 3297 3245 3382; x_wconf 90' lang='lat' dir='ltr'><strong>quod</strong></span> <span class='ocrx_word' id='word_1_200' title='bbox 3308 3298 3473 3361; x_wconf 89' lang='lat' dir='ltr'><strong>alius</strong></span> <span class='ocrx_word' id='word_1_201' title='bbox 3531 3298 3878 3382; x_wconf 87' lang='lat' dir='ltr'><strong>eligeretur</strong></span> <span class='ocrx_word' id='word_1_202' title='bbox 3942 3298 4023 3361; x_wconf 90' lang='lat' dir='ltr'><strong>ad</strong></span> <span class='ocrx_word' id='word_1_203' title='bbox 4087 3298 4312 3384; x_wconf 87' lang='lat' dir='ltr'><strong>ipsam.</strong></span> 
     </span>
     <span class='ocr_line' id='line_1_21' title="bbox 676 3403 4314 3490; baseline -0 -20"><span class='ocrx_word' id='word_1_204' title='bbox 676 3405 839 3489; x_wconf 90' lang='lat' dir='ltr'><strong>Ejus</strong></span> <span class='ocrx_word' id='word_1_205' title='bbox 890 3405 1104 3489; x_wconf 88' lang='lat' dir='ltr'><strong>itaque</strong></span> <span class='ocrx_word' id='word_1_206' title='bbox 1154 3405 1439 3468; x_wconf 86' lang='lat' dir='ltr'><strong>cessione</strong></span> <span class='ocrx_word' id='word_1_207' title='bbox 1489 3412 1768 3490; x_wconf 89' lang='lat' dir='ltr'><strong>recepta,</strong></span> <span class='ocrx_word' id='word_1_208' title='bbox 1819 3405 2023 3468; x_wconf 88' lang='lat' dir='ltr'><strong>dictus</strong></span> <span class='ocrx_word' id='word_1_209' title='bbox 2070 3403 2429 3490; x_wconf 87' lang='lat' dir='ltr'><strong>Episcopus</strong></span> <span class='ocrx_word' id='word_1_210' title='bbox 2479 3426 2761 3467; x_wconf 90' lang='lat' dir='ltr'><strong>annuam</strong></span> <span class='ocrx_word' id='word_1_211' title='bbox 2809 3404 2930 3466; x_wconf 90' lang='lat' dir='ltr'><strong>sibi</strong></span> <span class='ocrx_word' id='word_1_212' title='bbox 2978 3404 3372 3489; x_wconf 88' lang='lat' dir='ltr'><strong>prebendam</strong></span> <span class='ocrx_word' id='word_1_213' title='bbox 3420 3426 3564 3467; x_wconf 91' lang='lat' dir='ltr'><strong>cum</strong></span> <span class='ocrx_word' id='word_1_214' title='bbox 3613 3426 3928 3468; x_wconf 89' lang='lat' dir='ltr'><strong>consensu</strong></span> <span class='ocrx_word' id='word_1_215' title='bbox 3986 3405 4314 3470; x_wconf 87' lang='lat' dir='ltr'><strong>constituit</strong></span> 
     </span>
     <span class='ocr_line' id='line_1_22' title="bbox 675 3511 4310 3597; baseline 0 -20"><span class='ocrx_word' id='word_1_216' title='bbox 675 3513 1159 3592; x_wconf 89' lang='lat' dir='ltr'><strong>monachorum,</strong></span> <span class='ocrx_word' id='word_1_217' title='bbox 1209 3512 1534 3596; x_wconf 89' lang='lat' dir='ltr'><strong>quandam</strong></span> <span class='ocrx_word' id='word_1_218' title='bbox 1586 3511 1996 3575; x_wconf 88' lang='lat' dir='ltr'><strong>nihilominus</strong></span> <span class='ocrx_word' id='word_1_219' title='bbox 2045 3513 2102 3576; x_wconf 91' lang='lat' dir='ltr'><strong>ei</strong></span> <span class='ocrx_word' id='word_1_220' title='bbox 2152 3512 2468 3597; x_wconf 84' lang='lat' dir='ltr'><strong>capellam</strong></span> <span class='ocrx_word' id='word_1_221' title='bbox 2540 3513 2914 3596; x_wconf 87' lang='lat' dir='ltr'><strong>assignans,</strong></span> <span class='ocrx_word' id='word_1_222' title='bbox 2966 3520 3030 3575; x_wconf 89' lang='lat' dir='ltr'><strong>et</strong></span> <span class='ocrx_word' id='word_1_223' title='bbox 3092 3533 3312 3576; x_wconf 89' lang='lat' dir='ltr'><strong>curam</strong></span> <span class='ocrx_word' id='word_1_224' title='bbox 3374 3511 3497 3575; x_wconf 91' lang='lat' dir='ltr'><strong>sibi</strong></span> <span class='ocrx_word' id='word_1_225' title='bbox 3544 3511 3881 3575; x_wconf 85' lang='lat' dir='ltr'><strong>conferens</strong></span> <span class='ocrx_word' id='word_1_226' title='bbox 3930 3513 4310 3578; x_wconf 87' lang='lat' dir='ltr'><strong>animarum.</strong></span> 
     </span>
     <span class='ocr_line' id='line_1_23' title="bbox 673 3616 4313 3706; baseline -0 -22"><span class='ocrx_word' id='word_1_227' title='bbox 673 3620 962 3704; x_wconf 87' lang='lat' dir='ltr'><strong>Cumque</strong></span> <span class='ocrx_word' id='word_1_228' title='bbox 1011 3618 1417 3704; x_wconf 88' lang='lat' dir='ltr'><strong>postmodum</strong></span> <span class='ocrx_word' id='word_1_229' title='bbox 1467 3618 1838 3704; x_wconf 87' lang='lat' dir='ltr'><strong>Capitulum</strong></span> <span class='ocrx_word' id='word_1_230' title='bbox 1885 3625 2036 3681; x_wconf 74' lang='lat' dir='ltr'><strong>vota</strong></span> <span class='ocrx_word' id='word_1_231' title='bbox 2082 3640 2201 3681; x_wconf 87' lang='lat' dir='ltr'><strong>sua</strong></span> <span class='ocrx_word' id='word_1_232' title='bbox 2250 3619 2313 3681; x_wconf 87' lang='lat' dir='ltr'><strong>in</strong></span> <span class='ocrx_word' id='word_1_233' title='bbox 2359 3617 2519 3681; x_wconf 88' lang='lat' dir='ltr'><strong>duos</strong></span> <span class='ocrx_word' id='word_1_234' title='bbox 2567 3618 2831 3681; x_wconf 87' lang='lat' dir='ltr'><strong>Fratres</strong></span> <span class='ocrx_word' id='word_1_235' title='bbox 2874 3626 2938 3681; x_wconf 93' lang='lat' dir='ltr'><strong>et</strong></span> <span class='ocrx_word' id='word_1_236' title='bbox 2979 3618 3300 3703; x_wconf 86' lang='lat' dir='ltr'><strong>prefatum</strong></span> <span class='ocrx_word' id='word_1_237' title='bbox 3333 3616 3728 3703; x_wconf 89' lang='lat' dir='ltr'><strong>Episcopum</strong></span> <span class='ocrx_word' id='word_1_238' title='bbox 3761 3618 4155 3699; x_wconf 87' lang='lat' dir='ltr'><strong>contulisset,</strong></span> <span class='ocrx_word' id='word_1_239' title='bbox 4192 3620 4313 3706; x_wconf 91' lang='lat' dir='ltr'><strong>ipsi</strong></span> 
     </span>
     <span class='ocr_line' id='line_1_24' title="bbox 675 3725 4313 3811; baseline 0 -21"><span class='ocrx_word' id='word_1_240' title='bbox 675 3727 896 3791; x_wconf 82' lang='lat' dir='ltr'><strong>Sancti</strong></span> <span class='ocrx_word' id='word_1_241' title='bbox 946 3726 1223 3811; x_wconf 84' lang='lat' dir='ltr'><strong>Spiritus</strong></span> <span class='ocrx_word' id='word_1_242' title='bbox 1272 3726 1485 3809; x_wconf 88' lang='lat' dir='ltr'><strong>gratia</strong></span> <span class='ocrx_word' id='word_1_243' title='bbox 1532 3726 1865 3806; x_wconf 82' lang='lat' dir='ltr'><strong>invocata,</strong></span> <span class='ocrx_word' id='word_1_244' title='bbox 1914 3725 2217 3789; x_wconf 88' lang='lat' dir='ltr'><strong>dilectum</strong></span> <span class='ocrx_word' id='word_1_245' title='bbox 2266 3725 2467 3788; x_wconf 87' lang='lat' dir='ltr'><strong>filium</strong></span> <span class='ocrx_word' id='word_1_246' title='bbox 2515 3726 2883 3790; x_wconf 60' lang='lat' dir='ltr'><strong>‚Iohannem</strong></span> <span class='ocrx_word' id='word_1_247' title='bbox 2930 3732 3083 3789; x_wconf 86' lang='lat' dir='ltr'><strong>tuno</strong></span> <span class='ocrx_word' id='word_1_248' title='bbox 3129 3726 3411 3811; x_wconf 87' lang='lat' dir='ltr'><strong>priorem</strong></span> <span class='ocrx_word' id='word_1_249' title='bbox 3457 3725 3664 3789; x_wconf 88' lang='lat' dir='ltr'><strong>sancti</strong></span> <span class='ocrx_word' id='word_1_250' title='bbox 3727 3725 4053 3807; x_wconf 86' lang='lat' dir='ltr'><strong>Danielis,</strong></span> <span class='ocrx_word' id='word_1_251' title='bbox 4104 3726 4313 3790; x_wconf 84' lang='lat' dir='ltr'><strong>virum</strong></span> 
     </span>
     <span class='ocr_line' id='line_1_25' title="bbox 673 3831 4311 3918; baseline 0.001 -20"><span class='ocrx_word' id='word_1_252' title='bbox 673 3833 1010 3914; x_wconf 87' lang='lat' dir='ltr'><strong>idoneum,</strong></span> <span class='ocrx_word' id='word_1_253' title='bbox 1059 3833 1396 3918; x_wconf 88' lang='lat' dir='ltr'><strong>elegerunt</strong></span> <span class='ocrx_word' id='word_1_254' title='bbox 1445 3833 1846 3898; x_wconf 88' lang='lat' dir='ltr'><strong>concorditer</strong></span> <span class='ocrx_word' id='word_1_255' title='bbox 1891 3833 1955 3896; x_wconf 90' lang='lat' dir='ltr'><strong>in</strong></span> <span class='ocrx_word' id='word_1_256' title='bbox 2005 3832 2351 3915; x_wconf 86' lang='lat' dir='ltr'><strong>Abbatem‚</strong></span> <span class='ocrx_word' id='word_1_257' title='bbox 2401 3833 2521 3897; x_wconf 90' lang='lat' dir='ltr'><strong>sub</strong></span> <span class='ocrx_word' id='word_1_258' title='bbox 2570 3834 2753 3918; x_wconf 87' lang='lat' dir='ltr'><strong>cujus</strong></span> <span class='ocrx_word' id='word_1_259' title='bbox 2802 3832 3064 3896; x_wconf 89' lang='lat' dir='ltr'><strong>tandem</strong></span> <span class='ocrx_word' id='word_1_260' title='bbox 3109 3832 3420 3916; x_wconf 89' lang='lat' dir='ltr'><strong>regimine</strong></span> <span class='ocrx_word' id='word_1_261' title='bbox 3469 3853 3614 3896; x_wconf 89' lang='lat' dir='ltr'><strong>cum</strong></span> <span class='ocrx_word' id='word_1_262' title='bbox 3661 3831 3953 3896; x_wconf 87' lang='lat' dir='ltr'><strong>Ecclesia</strong></span> <span class='ocrx_word' id='word_1_263' title='bbox 4001 3833 4311 3918; x_wconf 83' lang='lat' dir='ltr'><strong>proficere</strong></span> 
     </span>
     <span class='ocr_line' id='line_1_26' title="bbox 673 3940 4310 4027; baseline 0 -22"><span class='ocrx_word' id='word_1_264' title='bbox 673 3943 1051 4027; x_wconf 86' lang='lat' dir='ltr'><strong>incepisset,</strong></span> <span class='ocrx_word' id='word_1_265' title='bbox 1102 3949 1492 4005; x_wconf 90' lang='lat' dir='ltr'><strong>memoratus</strong></span> <span class='ocrx_word' id='word_1_266' title='bbox 1554 3940 1668 4022; x_wconf 86' lang='lat' dir='ltr'><strong>B.‚</strong></span> <span class='ocrx_word' id='word_1_267' title='bbox 1717 3940 2037 4004; x_wconf 88' lang='lat' dir='ltr'><strong>diabolica</strong></span> <span class='ocrx_word' id='word_1_268' title='bbox 2108 3941 2521 4026; x_wconf 82' lang='lat' dir='ltr'><strong>suggestione</strong></span> <span class='ocrx_word' id='word_1_269' title='bbox 2588 3941 2987 4026; x_wconf 88' lang='lat' dir='ltr'><strong>compulsus,</strong></span> <span class='ocrx_word' id='word_1_270' title='bbox 3036 3940 3116 4004; x_wconf 91' lang='lat' dir='ltr'><strong>ad</strong></span> <span class='ocrx_word' id='word_1_271' title='bbox 3166 3941 3533 4023; x_wconf 86' lang='lat' dir='ltr'><strong>abbatiam,</strong></span> <span class='ocrx_word' id='word_1_272' title='bbox 3583 3941 3685 4004; x_wconf 89' lang='lat' dir='ltr'><strong>cui</strong></span> <span class='ocrx_word' id='word_1_273' title='bbox 3741 3941 3832 4004; x_wconf 89' lang='lat' dir='ltr'><strong>sic</strong></span> <span class='ocrx_word' id='word_1_274' title='bbox 3880 3942 4310 4024; x_wconf 86' lang='lat' dir='ltr'><strong>renuntiarat,</strong></span> 
     </span>
     <span class='ocr_line' id='line_1_27' title="bbox 674 4047 4313 4134; baseline 0.001 -22"><span class='ocrx_word' id='word_1_275' title='bbox 674 4050 1003 4134; x_wconf 88' lang='lat' dir='ltr'><strong>aspirans,</strong></span> <span class='ocrx_word' id='word_1_276' title='bbox 1052 4050 1273 4112; x_wconf 86' lang='lat' dir='ltr'><strong>literas</strong></span> <span class='ocrx_word' id='word_1_277' title='bbox 1323 4048 1710 4134; x_wconf 89' lang='lat' dir='ltr'><strong>apostolicas</strong></span> <span class='ocrx_word' id='word_1_278' title='bbox 1757 4048 1840 4111; x_wconf 90' lang='lat' dir='ltr'><strong>ad</strong></span> <span class='ocrx_word' id='word_1_279' title='bbox 1885 4048 2518 4134; x_wconf 86' lang='lat' dir='ltr'><strong>Archipresbiterum</strong></span> <span class='ocrx_word' id='word_1_280' title='bbox 2580 4047 2659 4111; x_wconf 91' lang='lat' dir='ltr'><strong>do</strong></span> <span class='ocrx_word' id='word_1_281' title='bbox 2724 4048 3058 4112; x_wconf 83' lang='lat' dir='ltr'><strong>Greczano</strong></span> <span class='ocrx_word' id='word_1_282' title='bbox 3121 4047 3482 4133; x_wconf 89' lang='lat' dir='ltr'><strong>subripuit,</strong></span> <span class='ocrx_word' id='word_1_283' title='bbox 3531 4047 3688 4112; x_wconf 81' lang='lat' dir='ltr'><strong>facti</strong></span> <span class='ocrx_word' id='word_1_284' title='bbox 3756 4049 4049 4133; x_wconf 89' lang='lat' dir='ltr'><strong>premissi</strong></span> <span class='ocrx_word' id='word_1_285' title='bbox 4116 4050 4313 4114; x_wconf 88' lang='lat' dir='ltr'><strong>tacita</strong></span> 
     </span>
     <span class='ocr_line' id='line_1_28' title="bbox 671 4154 4315 4241; baseline 0.001 -23"><span class='ocrx_word' id='word_1_286' title='bbox 671 4158 965 4220; x_wconf 80' lang='lat' dir='ltr'><strong>veritate.</strong></span> <span class='ocrx_word' id='word_1_287' title='bbox 1017 4156 1142 4229; x_wconf 84' lang='lat' dir='ltr'><strong>Qui</strong></span> <span class='ocrx_word' id='word_1_288' title='bbox 1192 4154 1610 4219; x_wconf 86' lang='lat' dir='ltr'><strong>rationabiles</strong></span> <span class='ocrx_word' id='word_1_289' title='bbox 1674 4155 2005 4219; x_wconf 88' lang='lat' dir='ltr'><strong>substituti</strong></span> <span class='ocrx_word' id='word_1_290' title='bbox 2067 4155 2345 4218; x_wconf 87' lang='lat' dir='ltr'><strong>Abbatis</strong></span> <span class='ocrx_word' id='word_1_291' title='bbox 2409 4155 2824 4240; x_wconf 86' lang='lat' dir='ltr'><strong>exceptiones</strong></span> <span class='ocrx_word' id='word_1_292' title='bbox 2888 4176 3190 4219; x_wconf 89' lang='lat' dir='ltr'><strong>recusans</strong></span> <span class='ocrx_word' id='word_1_293' title='bbox 3252 4154 3612 4237; x_wconf 87' lang='lat' dir='ltr'><strong>admittere,</strong></span> <span class='ocrx_word' id='word_1_294' title='bbox 3660 4176 3777 4241; x_wconf 89' lang='lat' dir='ltr'><strong>per</strong></span> <span class='ocrx_word' id='word_1_295' title='bbox 3832 4163 4315 4241; x_wconf 88' lang='lat' dir='ltr'><strong>procuratorem</strong></span> 
     </span>
     <span class='ocr_line' id='line_1_29' title="bbox 671 4262 4314 4349; baseline 0.001 -22"><span class='ocrx_word' id='word_1_296' title='bbox 671 4285 856 4327; x_wconf 90' lang='lat' dir='ltr'><strong>suum</strong></span> <span class='ocrx_word' id='word_1_297' title='bbox 905 4264 1180 4349; x_wconf 89' lang='lat' dir='ltr'><strong>probare</strong></span> <span class='ocrx_word' id='word_1_298' title='bbox 1231 4264 1505 4326; x_wconf 78' lang='lat' dir='ltr'><strong>volentis</strong></span> <span class='ocrx_word' id='word_1_299' title='bbox 1566 4264 1785 4326; x_wconf 87' lang='lat' dir='ltr'><strong>literas</strong></span> <span class='ocrx_word' id='word_1_300' title='bbox 1852 4264 2024 4349; x_wconf 86' lang='lat' dir='ltr'><strong>ipsas</strong></span> <span class='ocrx_word' id='word_1_301' title='bbox 2087 4262 2285 4327; x_wconf 85' lang='lat' dir='ltr'><strong>fuisse</strong></span> <span class='ocrx_word' id='word_1_302' title='bbox 2353 4285 2467 4349; x_wconf 89' lang='lat' dir='ltr'><strong>per</strong></span> <span class='ocrx_word' id='word_1_303' title='bbox 2530 4263 2937 4327; x_wconf 88' lang='lat' dir='ltr'><strong>mendacium</strong></span> <span class='ocrx_word' id='word_1_304' title='bbox 2999 4264 3411 4349; x_wconf 87' lang='lat' dir='ltr'><strong>impetratas,</strong></span> <span class='ocrx_word' id='word_1_305' title='bbox 3459 4271 3604 4349; x_wconf 86' lang='lat' dir='ltr'><strong>post</strong></span> <span class='ocrx_word' id='word_1_306' title='bbox 3669 4263 4168 4349; x_wconf 89' lang='lat' dir='ltr'><strong>appellationem</strong></span> <span class='ocrx_word' id='word_1_307' title='bbox 4232 4265 4314 4330; x_wconf 90' lang='lat' dir='ltr'><strong>ab</strong></span> 
     </span>
     <span class='ocr_line' id='line_1_30' title="bbox 670 4370 4312 4456; baseline 0.001 -22"><span class='ocrx_word' id='word_1_308' title='bbox 670 4370 896 4434; x_wconf 87' lang='lat' dir='ltr'><strong>eodem</strong></span> <span class='ocrx_word' id='word_1_309' title='bbox 944 4379 1360 4456; x_wconf 87' lang='lat' dir='ltr'><strong>procuratore</strong></span> <span class='ocrx_word' id='word_1_310' title='bbox 1409 4371 1490 4433; x_wconf 91' lang='lat' dir='ltr'><strong>ad</strong></span> <span class='ocrx_word' id='word_1_311' title='bbox 1539 4379 1824 4434; x_wconf 89' lang='lat' dir='ltr'><strong>nostram</strong></span> <span class='ocrx_word' id='word_1_312' title='bbox 1873 4371 2267 4434; x_wconf 85' lang='lat' dir='ltr'><strong>audientiam</strong></span> <span class='ocrx_word' id='word_1_313' title='bbox 2317 4371 2799 4456; x_wconf 89' lang='lat' dir='ltr'><strong>interpositam,</strong></span> <span class='ocrx_word' id='word_1_314' title='bbox 2848 4370 2962 4433; x_wconf 89' lang='lat' dir='ltr'><strong>lite</strong></span> <span class='ocrx_word' id='word_1_315' title='bbox 3010 4392 3136 4434; x_wconf 91' lang='lat' dir='ltr'><strong>non</strong></span> <span class='ocrx_word' id='word_1_316' title='bbox 3185 4377 3564 4452; x_wconf 87' lang='lat' dir='ltr'><strong>contestata,</strong></span> <span class='ocrx_word' id='word_1_317' title='bbox 3611 4391 3728 4456; x_wconf 89' lang='lat' dir='ltr'><strong>pro</strong></span> <span class='ocrx_word' id='word_1_318' title='bbox 3792 4392 3944 4456; x_wconf 87' lang='lat' dir='ltr'><strong>sepe</strong></span> <span class='ocrx_word' id='word_1_319' title='bbox 4001 4371 4171 4435; x_wconf 88' lang='lat' dir='ltr'><strong>dicto</strong></span> <span class='ocrx_word' id='word_1_320' title='bbox 4234 4372 4312 4438; x_wconf 89' lang='grc' dir='ltr'><strong>Β.</strong></span> 
     </span>
     <span class='ocr_line' id='line_1_31' title="bbox 672 4477 4314 4564; baseline 0.001 -23"><span class='ocrx_word' id='word_1_321' title='bbox 672 4478 1083 4542; x_wconf 87' lang='lat' dir='ltr'><strong>temerariam</strong></span> <span class='ocrx_word' id='word_1_322' title='bbox 1141 4478 1525 4540; x_wconf 88' lang='lat' dir='ltr'><strong>sententiam</strong></span> <span class='ocrx_word' id='word_1_323' title='bbox 1592 4478 2063 4563; x_wconf 83' lang='lat' dir='ltr'><strong>promulgavit,</strong></span> <span class='ocrx_word' id='word_1_324' title='bbox 2111 4477 2471 4563; x_wconf 88' lang='lat' dir='ltr'><strong>precipiens</strong></span> <span class='ocrx_word' id='word_1_325' title='bbox 2534 4499 2676 4541; x_wconf 89' lang='lat' dir='ltr'><strong>eam</strong></span> <span class='ocrx_word' id='word_1_326' title='bbox 2738 4499 2855 4563; x_wconf 90' lang='lat' dir='ltr'><strong>per</strong></span> <span class='ocrx_word' id='word_1_327' title='bbox 2917 4477 3242 4540; x_wconf 84' lang='lat' dir='ltr'><strong>Abbatem</strong></span> <span class='ocrx_word' id='word_1_328' title='bbox 3303 4477 3816 4541; x_wconf 89' lang='lat' dir='ltr'><strong>nonantulanum</strong></span> <span class='ocrx_word' id='word_1_329' title='bbox 3877 4484 3941 4541; x_wconf 91' lang='lat' dir='ltr'><strong>et</strong></span> <span class='ocrx_word' id='word_1_330' title='bbox 4003 4479 4314 4564; x_wconf 89' lang='lat' dir='ltr'><strong>quosdam</strong></span> 
     </span>
     <span class='ocr_line' id='line_1_32' title="bbox 670 4584 4314 4670; baseline 0 -22"><span class='ocrx_word' id='word_1_331' title='bbox 670 4584 831 4648; x_wconf 91' lang='lat' dir='ltr'><strong>alios</strong></span> <span class='ocrx_word' id='word_1_332' title='bbox 879 4585 1250 4648; x_wconf 81' lang='lat' dir='ltr'><strong>executioni</strong></span> <span class='ocrx_word' id='word_1_333' title='bbox 1299 4584 1613 4647; x_wconf 89' lang='lat' dir='ltr'><strong>mandari.</strong></span> <span class='ocrx_word' id='word_1_334' title='bbox 1664 4584 1749 4648; x_wconf 90' lang='lat' dir='ltr'><strong>Et</strong></span> <span class='ocrx_word' id='word_1_335' title='bbox 1797 4584 1947 4648; x_wconf 91' lang='lat' dir='ltr'><strong>licet</strong></span> <span class='ocrx_word' id='word_1_336' title='bbox 1993 4584 2162 4647; x_wconf 90' lang='lat' dir='ltr'><strong>idem</strong></span> <span class='ocrx_word' id='word_1_337' title='bbox 2211 4584 2436 4649; x_wconf 85' lang='lat' dir='ltr'><strong>Abbas</strong></span> <span class='ocrx_word' id='word_1_338' title='bbox 2497 4584 2999 4670; x_wconf 88' lang='lat' dir='ltr'><strong>appellationem</strong></span> <span class='ocrx_word' id='word_1_339' title='bbox 3061 4605 3243 4648; x_wconf 90' lang='lat' dir='ltr'><strong>suam</strong></span> <span class='ocrx_word' id='word_1_340' title='bbox 3308 4584 3713 4670; x_wconf 87' lang='lat' dir='ltr'><strong>postmodum</strong></span> <span class='ocrx_word' id='word_1_341' title='bbox 3770 4593 4181 4670; x_wconf 90' lang='lat' dir='ltr'><strong>prosecutus,</strong></span> <span class='ocrx_word' id='word_1_342' title='bbox 4232 4586 4314 4650; x_wconf 92' lang='lat' dir='ltr'><strong>ad</strong></span> 
     </span>
     <span class='ocr_line' id='line_1_33' title="bbox 672 4691 4312 4778; baseline 0.001 -23"><span class='ocrx_word' id='word_1_343' title='bbox 672 4692 1000 4755; x_wconf 84' lang='lat' dir='ltr'><strong>Abbatem</strong></span> <span class='ocrx_word' id='word_1_344' title='bbox 1049 4692 1255 4755; x_wconf 89' lang='lat' dir='ltr'><strong>sancti</strong></span> <span class='ocrx_word' id='word_1_345' title='bbox 1301 4691 1638 4755; x_wconf 85' lang='lat' dir='ltr'><strong>Michaelis</strong></span> <span class='ocrx_word' id='word_1_346' title='bbox 1689 4692 2074 4778; x_wconf 90' lang='lat' dir='ltr'><strong>apostolicas</strong></span> <span class='ocrx_word' id='word_1_347' title='bbox 2123 4692 2344 4755; x_wconf 87' lang='lat' dir='ltr'><strong>literas</strong></span> <span class='ocrx_word' id='word_1_348' title='bbox 2394 4692 2744 4756; x_wconf 84' lang='lat' dir='ltr'><strong>obtinuerit</strong></span> <span class='ocrx_word' id='word_1_349' title='bbox 2783 4713 2976 4777; x_wconf 89' lang='lat' dir='ltr'><strong>super</strong></span> <span class='ocrx_word' id='word_1_350' title='bbox 3018 4713 3182 4773; x_wconf 90' lang='lat' dir='ltr'><strong>eam,</strong></span> <span class='ocrx_word' id='word_1_351' title='bbox 3216 4691 3632 4756; x_wconf 89' lang='lat' dir='ltr'><strong>nihilomiuus</strong></span> <span class='ocrx_word' id='word_1_352' title='bbox 3666 4700 3879 4756; x_wconf 89' lang='lat' dir='ltr'><strong>tamen</strong></span> <span class='ocrx_word' id='word_1_353' title='bbox 3916 4692 4203 4778; x_wconf 88' lang='lat' dir='ltr'><strong>prefatus</strong></span> <span class='ocrx_word' id='word_1_354' title='bbox 4235 4693 4312 4757; x_wconf 92' lang='lat' dir='ltr'><strong>B.</strong></span> 
     </span>
     <span class='ocr_line' id='line_1_34' title="bbox 670 4797 4312 4885; baseline 0.001 -25"><span class='ocrx_word' id='word_1_355' title='bbox 670 4797 878 4883; x_wconf 89' lang='lat' dir='ltr'><strong>ipsum</strong></span> <span class='ocrx_word' id='word_1_356' title='bbox 945 4820 1070 4861; x_wconf 89' lang='lat' dir='ltr'><strong>non</strong></span> <span class='ocrx_word' id='word_1_357' title='bbox 1133 4798 1324 4862; x_wconf 91' lang='lat' dir='ltr'><strong>desiit</strong></span> <span class='ocrx_word' id='word_1_358' title='bbox 1386 4819 1501 4883; x_wconf 90' lang='lat' dir='ltr'><strong>per</strong></span> <span class='ocrx_word' id='word_1_359' title='bbox 1564 4799 1873 4883; x_wconf 89' lang='lat' dir='ltr'><strong>quasdam</strong></span> <span class='ocrx_word' id='word_1_360' title='bbox 1940 4799 2156 4862; x_wconf 86' lang='lat' dir='ltr'><strong>literas</strong></span> <span class='ocrx_word' id='word_1_361' title='bbox 2218 4799 2594 4880; x_wconf 88' lang='lat' dir='ltr'><strong>molestare,</strong></span> <span class='ocrx_word' id='word_1_362' title='bbox 2640 4820 2800 4884; x_wconf 89' lang='lat' dir='ltr'><strong>quas</strong></span> <span class='ocrx_word' id='word_1_363' title='bbox 2849 4821 3043 4885; x_wconf 87' lang='lat' dir='ltr'><strong>super</strong></span> <span class='ocrx_word' id='word_1_364' title='bbox 3090 4799 3571 4863; x_wconf 86' lang='lat' dir='ltr'><strong>confirmatione</strong></span> <span class='ocrx_word' id='word_1_365' title='bbox 3620 4800 3933 4884; x_wconf 89' lang='lat' dir='ltr'><strong>prelibate</strong></span> <span class='ocrx_word' id='word_1_366' title='bbox 3997 4801 4312 4865; x_wconf 88' lang='lat' dir='ltr'><strong>sententie</strong></span> 
     </span>
     <span class='ocr_line' id='line_1_35' title="bbox 670 4905 4313 4992; baseline 0.001 -26"><span class='ocrx_word' id='word_1_367' title='bbox 670 4926 737 4967; x_wconf 91' lang='lat' dir='ltr'><strong>se</strong></span> <span class='ocrx_word' id='word_1_368' title='bbox 803 4927 841 4967; x_wconf 87' lang='lat' dir='ltr'><strong>a</strong></span> <span class='ocrx_word' id='word_1_369' title='bbox 905 4905 1087 4968; x_wconf 90' lang='lat' dir='ltr'><strong>nobis</strong></span> <span class='ocrx_word' id='word_1_370' title='bbox 1151 4906 1503 4968; x_wconf 86' lang='lat' dir='ltr'><strong>obtinuisse</strong></span> <span class='ocrx_word' id='word_1_371' title='bbox 1569 4906 1842 4969; x_wconf 89' lang='lat' dir='ltr'><strong>dicebat.</strong></span> <span class='ocrx_word' id='word_1_372' title='bbox 1909 4906 2318 4992; x_wconf 85' lang='lat' dir='ltr'><strong>Quapropter</strong></span> <span class='ocrx_word' id='word_1_373' title='bbox 2382 4905 2464 4969; x_wconf 89' lang='lat' dir='ltr'><strong>ad</strong></span> <span class='ocrx_word' id='word_1_374' title='bbox 2521 4906 2911 4991; x_wconf 90' lang='lat' dir='ltr'><strong>presentiam</strong></span> <span class='ocrx_word' id='word_1_375' title='bbox 2960 4913 3243 4970; x_wconf 89' lang='lat' dir='ltr'><strong>nostram</strong></span> <span class='ocrx_word' id='word_1_376' title='bbox 3291 4913 3682 4970; x_wconf 88' lang='lat' dir='ltr'><strong>memoratus</strong></span> <span class='ocrx_word' id='word_1_377' title='bbox 3730 4905 4063 4970; x_wconf 89' lang='lat' dir='ltr'><strong>Johannes</strong></span> <span class='ocrx_word' id='word_1_378' title='bbox 4111 4907 4313 4971; x_wconf 87' lang='lat' dir='ltr'><strong>abbas</strong></span> 
     </span>
     <span class='ocr_line' id='line_1_36' title="bbox 671 5011 4312 5099; baseline 0.001 -25"><span class='ocrx_word' id='word_1_379' title='bbox 671 5011 1018 5094; x_wconf 89' lang='lat' dir='ltr'><strong>accedens,</strong></span> <span class='ocrx_word' id='word_1_380' title='bbox 1072 5033 1196 5074; x_wconf 89' lang='lat' dir='ltr'><strong>non</strong></span> <span class='ocrx_word' id='word_1_381' title='bbox 1262 5021 1394 5075; x_wconf 91' lang='lat' dir='ltr'><strong>tam</strong></span> <span class='ocrx_word' id='word_1_382' title='bbox 1452 5012 1610 5094; x_wconf 90' lang='lat' dir='ltr'><strong>sibi,</strong></span> <span class='ocrx_word' id='word_1_383' title='bbox 1673 5034 1864 5098; x_wconf 88' lang='lat' dir='ltr'><strong>quam</strong></span> <span class='ocrx_word' id='word_1_384' title='bbox 1928 5014 2263 5076; x_wconf 88' lang='lat' dir='ltr'><strong>commisse</strong></span> <span class='ocrx_word' id='word_1_385' title='bbox 2327 5013 2450 5076; x_wconf 91' lang='lat' dir='ltr'><strong>sibi</strong></span> <span class='ocrx_word' id='word_1_386' title='bbox 2509 5012 2800 5076; x_wconf 89' lang='lat' dir='ltr'><strong>Ecclesie</strong></span> <span class='ocrx_word' id='word_1_387' title='bbox 2864 5013 3050 5099; x_wconf 89' lang='lat' dir='ltr'><strong>petiit</strong></span> <span class='ocrx_word' id='word_1_388' title='bbox 3108 5012 3469 5099; x_wconf 80' lang='lat' dir='ltr'><strong>provideri,</strong></span> <span class='ocrx_word' id='word_1_389' title='bbox 3519 5033 3642 5098; x_wconf 89' lang='lat' dir='ltr'><strong>que</strong></span> <span class='ocrx_word' id='word_1_390' title='bbox 3703 5012 3896 5096; x_wconf 89' lang='lat' dir='ltr'><strong>hujus</strong></span> <span class='ocrx_word' id='word_1_391' title='bbox 3960 5014 4312 5078; x_wconf 88' lang='lat' dir='ltr'><strong>occasionis</strong></span> 
     </span>
     <span class='ocr_line' id='line_1_37' title="bbox 668 5118 4310 5206; baseline 0.001 -26"><span class='ocrx_word' id='word_1_392' title='bbox 668 5124 969 5203; x_wconf 84' lang='lat' dir='ltr'><strong>pretextu</strong></span> <span class='ocrx_word' id='word_1_393' title='bbox 1021 5119 1306 5203; x_wconf 80' lang='lat' dir='ltr'><strong>graviter</strong></span> <span class='ocrx_word' id='word_1_394' title='bbox 1355 5119 1490 5182; x_wconf 88' lang='lat' dir='ltr'><strong>lesa</strong></span> <span class='ocrx_word' id='word_1_395' title='bbox 1538 5127 1674 5201; x_wconf 90' lang='lat' dir='ltr'><strong>est,</strong></span> <span class='ocrx_word' id='word_1_396' title='bbox 1723 5127 1784 5182; x_wconf 91' lang='lat' dir='ltr'><strong>et</strong></span> <span class='ocrx_word' id='word_1_397' title='bbox 1834 5119 2096 5204; x_wconf 74' lang='lat' dir='ltr'><strong>gravius</strong></span> <span class='ocrx_word' id='word_1_398' title='bbox 2143 5119 2419 5183; x_wconf 90' lang='lat' dir='ltr'><strong>ledenda</strong></span> <span class='ocrx_word' id='word_1_399' title='bbox 2466 5119 2746 5183; x_wconf 88' lang='lat' dir='ltr'><strong>timetur.</strong></span> <span class='ocrx_word' id='word_1_400' title='bbox 2795 5119 3106 5183; x_wconf 87' lang='lat' dir='ltr'><strong>Volentes</strong></span> <span class='ocrx_word' id='word_1_401' title='bbox 3151 5119 3348 5205; x_wconf 89' lang='lat' dir='ltr'><strong>igitur</strong></span> <span class='ocrx_word' id='word_1_402' title='bbox 3393 5118 3797 5182; x_wconf 88' lang='lat' dir='ltr'><strong>indemnitati</strong></span> <span class='ocrx_word' id='word_1_403' title='bbox 3845 5127 3909 5183; x_wconf 91' lang='lat' dir='ltr'><strong>et</strong></span> <span class='ocrx_word' id='word_1_404' title='bbox 3956 5121 4101 5206; x_wconf 88' lang='lat' dir='ltr'><strong>paci</strong></span> <span class='ocrx_word' id='word_1_405' title='bbox 4148 5122 4310 5206; x_wconf 87' lang='lat' dir='ltr'><strong>ejus,</strong></span> 
     </span>
     <span class='ocr_line' id='line_1_38' title="bbox 669 5225 4310 5312; baseline 0.001 -25"><span class='ocrx_word' id='word_1_406' title='bbox 669 5225 836 5288; x_wconf 89' lang='lat' dir='ltr'><strong>sieut</strong></span> <span class='ocrx_word' id='word_1_407' title='bbox 884 5231 1197 5306; x_wconf 88' lang='lat' dir='ltr'><strong>tenemur,</strong></span> <span class='ocrx_word' id='word_1_408' title='bbox 1247 5226 1496 5308; x_wconf 86' lang='lat' dir='ltr'><strong>adesse,</strong></span> <span class='ocrx_word' id='word_1_409' title='bbox 1543 5225 1911 5289; x_wconf 88' lang='lat' dir='ltr'><strong>discretioni</strong></span> <span class='ocrx_word' id='word_1_410' title='bbox 1961 5235 2173 5290; x_wconf 82' lang='lat' dir='ltr'><strong>vestre</strong></span> <span class='ocrx_word' id='word_1_411' title='bbox 2221 5247 2335 5312; x_wconf 89' lang='lat' dir='ltr'><strong>per</strong></span> <span class='ocrx_word' id='word_1_412' title='bbox 2384 5226 2738 5312; x_wconf 90' lang='lat' dir='ltr'><strong>apostolica</strong></span> <span class='ocrx_word' id='word_1_413' title='bbox 2793 5227 3032 5312; x_wconf 89' lang='lat' dir='ltr'><strong>scripta</strong></span> <span class='ocrx_word' id='word_1_414' title='bbox 3075 5226 3486 5312; x_wconf 88' lang='lat' dir='ltr'><strong>precipiendo</strong></span> <span class='ocrx_word' id='word_1_415' title='bbox 3543 5225 3943 5309; x_wconf 89' lang='lat' dir='ltr'><strong>mandamus,</strong></span> <span class='ocrx_word' id='word_1_416' title='bbox 3994 5234 4310 5312; x_wconf 88' lang='lat' dir='ltr'><strong>quatenus</strong></span> 
     </span>
     <span class='ocr_line' id='line_1_39' title="bbox 669 5331 4309 5419; baseline 0.001 -25"><span class='ocrx_word' id='word_1_417' title='bbox 669 5331 974 5417; x_wconf 87' lang='lat' dir='ltr'><strong>inquisita</strong></span> <span class='ocrx_word' id='word_1_418' title='bbox 1022 5339 1086 5395; x_wconf 88' lang='lat' dir='ltr'><strong>et</strong></span> <span class='ocrx_word' id='word_1_419' title='bbox 1133 5333 1392 5417; x_wconf 88' lang='lat' dir='ltr'><strong>cognita</strong></span> <span class='ocrx_word' id='word_1_420' title='bbox 1439 5333 1732 5413; x_wconf 77' lang='lat' dir='ltr'><strong>veritate,</strong></span> <span class='ocrx_word' id='word_1_421' title='bbox 1756 5333 1821 5417; x_wconf 24' lang='lat' dir='ltr'><strong>*si</strong></span> <span class='ocrx_word' id='word_1_422' title='bbox 1853 5332 2092 5397; x_wconf 89' lang='lat' dir='ltr'><strong>dictum</strong></span> <span class='ocrx_word' id='word_1_423' title='bbox 2140 5333 2216 5396; x_wconf 92' lang='lat' dir='ltr'><strong>B.</strong></span> <span class='ocrx_word' id='word_1_424' title='bbox 2252 5334 2469 5397; x_wconf 88' lang='lat' dir='ltr'><strong>taliter</strong></span> <span class='ocrx_word' id='word_1_425' title='bbox 2516 5333 2775 5397; x_wconf 89' lang='lat' dir='ltr'><strong>abbatie</strong></span> <span class='ocrx_word' id='word_1_426' title='bbox 2823 5334 2945 5419; x_wconf 89' lang='lat' dir='ltr'><strong>ipsi</strong></span> <span class='ocrx_word' id='word_1_427' title='bbox 2987 5334 3389 5397; x_wconf 87' lang='lat' dir='ltr'><strong>renuntiasse</strong></span> <span class='ocrx_word' id='word_1_428' title='bbox 3423 5334 3799 5415; x_wconf 87' lang='lat' dir='ltr'><strong>constiterit,</strong></span> <span class='ocrx_word' id='word_1_429' title='bbox 3836 5341 4211 5398; x_wconf 79' lang='lat' dir='ltr'><strong>revocantes</strong></span> <span class='ocrx_word' id='word_1_430' title='bbox 4246 5335 4309 5398; x_wconf 91' lang='lat' dir='ltr'><strong>in</strong></span> 
     </span>
     <span class='ocr_line' id='line_1_40' title="bbox 666 5438 4310 5526; baseline 0.001 -25"><span class='ocrx_word' id='word_1_431' title='bbox 666 5439 917 5501; x_wconf 86' lang='lat' dir='ltr'><strong>irritum</strong></span> <span class='ocrx_word' id='word_1_432' title='bbox 966 5438 1270 5523; x_wconf 89' lang='lat' dir='ltr'><strong>quiequid</strong></span> <span class='ocrx_word' id='word_1_433' title='bbox 1318 5460 1433 5524; x_wconf 91' lang='lat' dir='ltr'><strong>per</strong></span> <span class='ocrx_word' id='word_1_434' title='bbox 1481 5439 1703 5503; x_wconf 91' lang='lat' dir='ltr'><strong>literas</strong></span> <span class='ocrx_word' id='word_1_435' title='bbox 1751 5461 1864 5525; x_wconf 91' lang='lat' dir='ltr'><strong>per</strong></span> <span class='ocrx_word' id='word_1_436' title='bbox 1913 5439 2121 5525; x_wconf 89' lang='lat' dir='ltr'><strong>ipsum</strong></span> <span class='ocrx_word' id='word_1_437' title='bbox 2178 5440 2280 5503; x_wconf 81' lang='lat' dir='ltr'><strong>vel</strong></span> <span class='ocrx_word' id='word_1_438' title='bbox 2328 5461 2444 5526; x_wconf 89' lang='lat' dir='ltr'><strong>pro</strong></span> <span class='ocrx_word' id='word_1_439' title='bbox 2494 5440 2653 5525; x_wconf 92' lang='lat' dir='ltr'><strong>ips0,</strong></span> <span class='ocrx_word' id='word_1_440' title='bbox 2710 5440 3050 5525; x_wconf 89' lang='lat' dir='ltr'><strong>subreptas</strong></span> <span class='ocrx_word' id='word_1_441' title='bbox 3098 5439 3470 5503; x_wconf 87' lang='lat' dir='ltr'><strong>inveneritis</strong></span> <span class='ocrx_word' id='word_1_442' title='bbox 3517 5446 3933 5521; x_wconf 88' lang='lat' dir='ltr'><strong>attentatum,</strong></span> <span class='ocrx_word' id='word_1_443' title='bbox 3985 5439 4310 5506; x_wconf 88' lang='lat' dir='ltr'><strong>silentium</strong></span> 
     </span>
     <span class='ocr_line' id='line_1_41' title="bbox 670 5545 4310 5633; baseline 0.001 -25"><span class='ocrx_word' id='word_1_444' title='bbox 670 5566 864 5630; x_wconf 90' lang='lat' dir='ltr'><strong>super</strong></span> <span class='ocrx_word' id='word_1_445' title='bbox 911 5545 1032 5609; x_wconf 86' lang='lat' dir='ltr'><strong>hoc</strong></span> <span class='ocrx_word' id='word_1_446' title='bbox 1080 5546 1141 5608; x_wconf 90' lang='lat' dir='ltr'><strong>ei</strong></span> <span class='ocrx_word' id='word_1_447' title='bbox 1190 5553 1570 5632; x_wconf 90' lang='lat' dir='ltr'><strong>perpetuum</strong></span> <span class='ocrx_word' id='word_1_448' title='bbox 1620 5547 1983 5632; x_wconf 89' lang='lat' dir='ltr'><strong>imponatis,</strong></span> <span class='ocrx_word' id='word_1_449' title='bbox 2033 5555 2097 5610; x_wconf 90' lang='lat' dir='ltr'><strong>et</strong></span> <span class='ocrx_word' id='word_1_450' title='bbox 2142 5569 2257 5633; x_wconf 92' lang='lat' dir='ltr'><strong>pro</strong></span> <span class='ocrx_word' id='word_1_451' title='bbox 2306 5568 2383 5611; x_wconf 95' lang='lat' dir='ltr'><strong>eo</strong></span> <span class='ocrx_word' id='word_1_452' title='bbox 2431 5546 2600 5632; x_wconf 88' lang='lat' dir='ltr'><strong>quod</strong></span> <span class='ocrx_word' id='word_1_453' title='bbox 2649 5546 2889 5610; x_wconf 90' lang='lat' dir='ltr'><strong>abusus</strong></span> <span class='ocrx_word' id='word_1_454' title='bbox 2937 5546 3147 5630; x_wconf 87' lang='lat' dir='ltr'><strong>gratia</strong></span> <span class='ocrx_word' id='word_1_455' title='bbox 3194 5546 3317 5609; x_wconf 89' lang='lat' dir='ltr'><strong>sibi</strong></span> <span class='ocrx_word' id='word_1_456' title='bbox 3364 5546 3572 5628; x_wconf 85' lang='lat' dir='ltr'><strong>faeta,</strong></span> <span class='ocrx_word' id='word_1_457' title='bbox 3624 5546 3972 5631; x_wconf 86' lang='lat' dir='ltr'><strong>repetendo</strong></span> <span class='ocrx_word' id='word_1_458' title='bbox 4020 5547 4310 5632; x_wconf 90' lang='lat' dir='ltr'><strong>improbe</strong></span> 
     </span>
     <span class='ocr_line' id='line_1_42' title="bbox 669 5652 4310 5740; baseline 0.001 -25"><span class='ocrx_word' id='word_1_459' title='bbox 669 5652 1069 5738; x_wconf 88' lang='lat' dir='ltr'><strong>prelaturam</strong></span> <span class='ocrx_word' id='word_1_460' title='bbox 1125 5653 1226 5716; x_wconf 91' lang='lat' dir='ltr'><strong>cui</strong></span> <span class='ocrx_word' id='word_1_461' title='bbox 1275 5661 1627 5738; x_wconf 88' lang='lat' dir='ltr'><strong>spontanee</strong></span> <span class='ocrx_word' id='word_1_462' title='bbox 1678 5654 2059 5738; x_wconf 88' lang='lat' dir='ltr'><strong>resignarat,</strong></span> <span class='ocrx_word' id='word_1_463' title='bbox 2104 5652 2465 5717; x_wconf 87' lang='lat' dir='ltr'><strong>Ecclesiam</strong></span> <span class='ocrx_word' id='word_1_464' title='bbox 2511 5676 2695 5717; x_wconf 89' lang='lat' dir='ltr'><strong>suam</strong></span> <span class='ocrx_word' id='word_1_465' title='bbox 2744 5653 3093 5718; x_wconf 89' lang='lat' dir='ltr'><strong>enormiter</strong></span> <span class='ocrx_word' id='word_1_466' title='bbox 3139 5653 3447 5717; x_wconf 89' lang='lat' dir='ltr'><strong>asseritur</strong></span> <span class='ocrx_word' id='word_1_467' title='bbox 3496 5653 3858 5735; x_wconf 87' lang='lat' dir='ltr'><strong>offendisse,</strong></span> <span class='ocrx_word' id='word_1_468' title='bbox 3909 5655 4310 5740; x_wconf 89' lang='lat' dir='ltr'><strong>compellatis</strong></span> 
     </span>
     <span class='ocr_line' id='line_1_43' title="bbox 674 5759 4311 5848; baseline 0.001 -27"><span class='ocrx_word' id='word_1_469' title='bbox 674 5759 969 5841; x_wconf 88' lang='lat' dir='ltr'><strong>eundem,</strong></span> <span class='ocrx_word' id='word_1_470' title='bbox 1007 5760 1335 5845; x_wconf 88' lang='lat' dir='ltr'><strong>prebenda</strong></span> <span class='ocrx_word' id='word_1_471' title='bbox 1368 5769 1429 5825; x_wconf 90' lang='lat' dir='ltr'><strong>et</strong></span> <span class='ocrx_word' id='word_1_472' title='bbox 1479 5761 1728 5846; x_wconf 87' lang='lat' dir='ltr'><strong>capella</strong></span> <span class='ocrx_word' id='word_1_473' title='bbox 1775 5769 2128 5825; x_wconf 87' lang='lat' dir='ltr'><strong>memorata</strong></span> <span class='ocrx_word' id='word_1_474' title='bbox 2167 5761 2451 5844; x_wconf 89' lang='lat' dir='ltr'><strong>dimissa,</strong></span> <span class='ocrx_word' id='word_1_475' title='bbox 2486 5783 2719 5825; x_wconf 84' lang='lat' dir='ltr'><strong>vacare</strong></span> <span class='ocrx_word' id='word_1_476' title='bbox 2752 5761 2956 5825; x_wconf 89' lang='lat' dir='ltr'><strong>artius</strong></span> <span class='ocrx_word' id='word_1_477' title='bbox 2990 5761 3397 5846; x_wconf 87' lang='lat' dir='ltr'><strong>regularibus</strong></span> <span class='ocrx_word' id='word_1_478' title='bbox 3429 5762 3807 5848; x_wconf 88' lang='lat' dir='ltr'><strong>disciplinis,</strong></span> <span class='ocrx_word' id='word_1_479' title='bbox 3843 5783 3917 5826; x_wconf 85' lang='lat' dir='ltr'><strong>ae</strong></span> <span class='ocrx_word' id='word_1_480' title='bbox 3954 5761 4311 5848; x_wconf 85' lang='lat' dir='ltr'><strong>predictum</strong></span> 
     </span>
     <span class='ocr_line' id='line_1_44' title="bbox 672 5865 4309 5956; baseline 0.001 -25"><span class='ocrx_word' id='word_1_481' title='bbox 672 5865 997 5931; x_wconf 87' lang='lat' dir='ltr'><strong>Abbatem</strong></span> <span class='ocrx_word' id='word_1_482' title='bbox 1048 5868 1622 5932; x_wconf 89' lang='lat' dir='ltr'><strong>administrationis</strong></span> <span class='ocrx_word' id='word_1_483' title='bbox 1669 5875 1732 5932; x_wconf 91' lang='lat' dir='ltr'><strong>et</strong></span> <span class='ocrx_word' id='word_1_484' title='bbox 1779 5868 1904 5932; x_wconf 87' lang='lat' dir='ltr'><strong>loci</strong></span> <span class='ocrx_word' id='word_1_485' title='bbox 1949 5869 2048 5931; x_wconf 91' lang='lat' dir='ltr'><strong>sui</strong></span> <span class='ocrx_word' id='word_1_486' title='bbox 2095 5868 2349 5932; x_wconf 84' lang='lat' dir='ltr'><strong>faciatis</strong></span> <span class='ocrx_word' id='word_1_487' title='bbox 2398 5870 2664 5955; x_wconf 86' lang='lat' dir='ltr'><strong>pacifica</strong></span> <span class='ocrx_word' id='word_1_488' title='bbox 2711 5869 3115 5956; x_wconf 89' lang='lat' dir='ltr'><strong>possessione</strong></span> <span class='ocrx_word' id='word_1_489' title='bbox 3163 5869 3484 5954; x_wconf 82' lang='lat' dir='ltr'><strong>gaudere3</strong></span> <span class='ocrx_word' id='word_1_490' title='bbox 3534 5870 4055 5950; x_wconf 83' lang='lat' dir='ltr'><strong>contradictores,</strong></span> <span class='ocrx_word' id='word_1_491' title='bbox 4099 5868 4151 5932; x_wconf 90' lang='lat' dir='ltr'><strong>si</strong></span> <span class='ocrx_word' id='word_1_492' title='bbox 4201 5869 4309 5954; x_wconf 92' lang='lat' dir='ltr'><strong>qui</strong></span> 
     </span>
     <span class='ocr_line' id='line_1_45' title="bbox 671 5973 4310 6063; baseline 0.001 -27"><span class='ocrx_word' id='word_1_493' title='bbox 671 5973 915 6037; x_wconf 85' lang='lat' dir='ltr'><strong>fuerint</strong></span> <span class='ocrx_word' id='word_1_494' title='bbox 963 5975 1066 6037; x_wconf 80' lang='lat' dir='ltr'><strong>vel</strong></span> <span class='ocrx_word' id='word_1_495' title='bbox 1116 5975 1411 6056; x_wconf 90' lang='lat' dir='ltr'><strong>rebelles,</strong></span> <span class='ocrx_word' id='word_1_496' title='bbox 1447 5997 1561 6061; x_wconf 88' lang='lat' dir='ltr'><strong>per</strong></span> <span class='ocrx_word' id='word_1_497' title='bbox 1608 5997 1944 6038; x_wconf 88' lang='lat' dir='ltr'><strong>censuram</strong></span> <span class='ocrx_word' id='word_1_498' title='bbox 1992 5976 2514 6060; x_wconf 86' lang='lat' dir='ltr'><strong>ecclesiasticam,</strong></span> <span class='ocrx_word' id='word_1_499' title='bbox 2566 5976 3000 6062; x_wconf 86' lang='lat' dir='ltr'><strong>appellatione</strong></span> <span class='ocrx_word' id='word_1_500' title='bbox 3047 5977 3425 6063; x_wconf 89' lang='lat' dir='ltr'><strong>postposita,</strong></span> <span class='ocrx_word' id='word_1_501' title='bbox 3475 5985 3970 6063; x_wconf 79' lang='lat' dir='ltr'><strong>compescentes,</strong></span> <span class='ocrx_word' id='word_1_502' title='bbox 4022 5976 4209 6050; x_wconf 88' lang='lat' dir='ltr'><strong>Quod</strong></span> <span class='ocrx_word' id='word_1_503' title='bbox 4256 5977 4310 6039; x_wconf 91' lang='lat' dir='ltr'><strong>si</strong></span> 
     </span>
     <span class='ocr_line' id='line_1_46' title="bbox 673 6081 2042 6147; baseline 0.003 -4"><span class='ocrx_word' id='word_1_504' title='bbox 673 6102 797 6144; x_wconf 89' lang='lat' dir='ltr'><strong>non</strong></span> <span class='ocrx_word' id='word_1_505' title='bbox 853 6102 1075 6145; x_wconf 87' lang='lat' dir='ltr'><strong>omnes</strong></span> <span class='ocrx_word' id='word_1_506' title='bbox 1125 6091 1245 6145; x_wconf 88' lang='lat' dir='ltr'><strong>etc.</strong></span> <span class='ocrx_word' id='word_1_507' title='bbox 1291 6081 1418 6145; x_wconf 92' lang='lat' dir='ltr'><strong>duo</strong></span> <span class='ocrx_word' id='word_1_508' title='bbox 1467 6090 1750 6146; x_wconf 77' lang='lat' dir='ltr'><strong>vestrum</strong></span> <span class='ocrx_word' id='word_1_509' title='bbox 1797 6105 1874 6146; x_wconf 89' lang='lat' dir='ltr'><strong>ea</strong></span> <span class='ocrx_word' id='word_1_510' title='bbox 1921 6090 2042 6147; x_wconf 85' lang='lat' dir='ltr'><strong>etc.</strong></span> 
     </span>
    </p>

    <p class='ocr_par' dir='ltr' id='par_1_8' title="bbox 847 6187 2536 6277">
     <span class='ocr_line' id='line_1_47' title="bbox 847 6187 2536 6277; baseline 0.002 -26"><span class='ocrx_word' id='word_1_511' title='bbox 847 6187 1089 6252; x_wconf 88' lang='lat' dir='ltr'><strong>Datum</strong></span> <span class='ocrx_word' id='word_1_512' title='bbox 1143 6189 1454 6253; x_wconf 89' lang='lat' dir='ltr'><strong>Laterani</strong></span> <span class='ocrx_word' id='word_1_513' title='bbox 1504 6189 1593 6275; x_wconf 87' lang='lat' dir='ltr'><strong>iij.</strong></span> <span class='ocrx_word' id='word_1_514' title='bbox 1645 6190 1786 6253; x_wconf 76' lang='lat' dir='ltr'><strong>idus</strong></span> <span class='ocrx_word' id='word_1_515' title='bbox 1835 6191 2133 6272; x_wconf 86' lang='lat' dir='ltr'><strong>octobris,</strong></span> <span class='ocrx_word' id='word_1_516' title='bbox 2182 6213 2351 6255; x_wconf 87' lang='lat' dir='ltr'><strong>anno</strong></span> <span class='ocrx_word' id='word_1_517' title='bbox 2397 6193 2536 6277; x_wconf 81' lang='lat' dir='ltr'><strong>xiij.</strong></span> 
     </span>
    </p>
   </div>
   <div class='ocr_carea' id='block_1_6' title="bbox 823 6525 2484 6595">
    <p class='ocr_par' dir='ltr' id='par_1_9' title="bbox 823 6525 2484 6595">
     <span class='ocr_line' id='line_1_48' title="bbox 823 6525 2484 6595; baseline 0.002 -18"><span class='ocrx_word' id='word_1_518' title='bbox 823 6528 903 6594; x_wconf 92' lang='grc'><strong>(1)</strong></span> <span class='ocrx_word' id='word_1_519' title='bbox 944 6525 1044 6595; x_wconf 83' lang='lat' dir='ltr'><strong>Ep.</strong></span> <span class='ocrx_word' id='word_1_520' title='bbox 1085 6525 1246 6578; x_wconf 77' lang='lat' dir='ltr'><strong>CXL.</strong></span> <span class='ocrx_word' id='word_1_521' title='bbox 1287 6526 1477 6579; x_wconf 88' lang='lat' dir='ltr'><strong>Innoc.</strong></span> <span class='ocrx_word' id='word_1_522' title='bbox 1517 6527 1654 6593; x_wconf 87' lang='lat'><strong>111.,</strong></span> <span class='ocrx_word' id='word_1_523' title='bbox 1695 6546 1783 6580; x_wconf 86' lang='lat' dir='ltr'><strong>an.</strong></span> <span class='ocrx_word' id='word_1_524' title='bbox 1823 6528 2069 6592; x_wconf 80' lang='lat' dir='ltr'><strong>MCCX.,</strong></span> <span class='ocrx_word' id='word_1_525' title='bbox 2109 6528 2268 6580; x_wconf 81' lang='lat' dir='ltr'><strong>XIII.</strong></span> <span class='ocrx_word' id='word_1_526' title='bbox 2307 6530 2484 6582; x_wconf 91' lang='lat' dir='ltr'><strong>octob.</strong></span> 
     </span>
    </p>
   </div>
  </div>
 </body>
</html>
