5542 7775
1361 542 1394 610 1
1411 540 1506 611 82
2921 559 3404 610 montmarin

1348 715 1856 802 suprascriptum
1888 722 2345 780 testamentum
2393 737 2539 780 cum
2585 716 2911 781 autentico
2959 716 3197 803 scripto
3245 738 3441 781 manu
3471 716 3780 798 stardi,
3814 716 4054 782 domini
4103 717 4447 802 Bonichinj
4495 717 4795 805 Pizolpilj
4845 718 4992 803 filij,

1348 824 1602 905 notarii,
1635 843 1766 887 una
1814 844 1957 887 cum
2005 822 2414 909 infrascripto
2447 823 2698 889 notario
2731 823 2811 888 de
2844 824 3044 888 verbo
3076 823 3159 888 ad
3192 824 3462 888 verbum
3497 824 3813 889 ascultavi
3845 824 4017 889 bona
4049 823 4173 889 fide
4207 845 4424 889 coram
4457 824 4716 890 domino
4749 826 4994 891 Blaxio

1347 930 1577 996 Judice
1625 938 1690 995 et
1736 931 2082 996 Assessore
2128 931 2366 995 domini
2416 932 2677 996 Andree
2725 931 2906 1015 Zeni,
2939 931 3204 996 secundi
3248 932 3599 997 Potestatis
3641 933 3934 998 Bononie
3967 940 4032 997 et
4063 931 4144 996 de
4177 954 4293 997 suo
4327 932 4632 998 mandato
4665 955 4808 998 cum
4843 956 4994 999 meo

1347 1039 1531 1124 signo
1578 1038 1839 1125 proprio
1887 1059 1989 1102 me
2038 1038 2102 1102 in
2150 1045 2379 1103 testem
2425 1039 2802 1126 subscripsi.

1522 1145 1666 1231 Ego
1714 1145 1926 1210 Bondi
1970 1145 2141 1209 filius
2187 1145 2431 1210 domini
2474 1146 2802 1229 Petrizoli,
2837 1146 3156 1233 imperiali
3204 1146 3592 1211 auctoritate
3641 1146 3951 1229 notarius,
3986 1147 4496 1234 suprascriptum
4527 1154 4991 1212 testamentum

1343 1252 1713 1340 exemplavi
1758 1261 1824 1317 et
1869 1252 2097 1339 scripsi
2145 1254 2315 1318 bona
2362 1253 2486 1319 fide
2536 1262 2605 1318 ut
2652 1253 2716 1317 in
2765 1254 3089 1319 autentico
3136 1254 3375 1341 scripto
3423 1275 3618 1319 manu
3650 1253 3937 1318 stardi
3984 1254 4333 1340 Bonichinj
4380 1254 4679 1342 Pizolpili
4712 1255 4828 1340 filij
4875 1276 4990 1320 no-

1342 1360 1492 1424 tarii
1538 1360 1777 1442 inveni,
1810 1368 1877 1424 et
1922 1381 2053 1425 una
2100 1381 2245 1425 cum
2292 1361 2731 1447 suprascripto
2772 1361 3025 1426 notario
3071 1361 3202 1447 legi
3249 1383 3463 1426 coram
3512 1361 3771 1426 domino
3816 1361 4055 1427 Blaxio
4102 1362 4145 1426 J
4151 1362 4336 1427 udice
4385 1370 4450 1426 et
4495 1363 4842 1427 Assessore
4877 1363 4990 1428 do·

1341 1468 1499 1532 mini
1544 1468 1806 1532 Andree
1855 1467 2043 1551 Zeni,
2092 1468 2357 1533 secundi
2401 1467 2752 1534 Potestatis
2800 1468 3113 1551 Bononie,
3162 1469 3394 1556 quibus
3443 1469 3739 1535 omnibus
3789 1469 3881 1534 sic
3927 1470 4228 1556 peractis,
4277 1470 4487 1534 dictus
4533 1469 4751 1534 Judex
4797 1492 4990 1534 suam

1344 1583 1409 1642 et
1457 1575 1762 1640 Comunis
1808 1575 2102 1640 Bononie
2150 1575 2598 1640 auctoritatem
2647 1575 3030 1663 interposuit
3075 1583 3270 1663 atque
3316 1576 3668 1642 decretum.

1519 1683 1606 1747 Et
1651 1704 1774 1770 ego
1820 1681 2190 1747 Michilinus
2235 1682 2535 1747 Jacobini
2586 1682 2860 1767 Cavaze,
2910 1683 3229 1770 imperiali
3276 1684 3660 1748 auctoritate
3709 1684 4035 1767 notarius,
4085 1691 4157 1749 ut
4203 1684 4272 1748 in
4318 1684 4489 1749 dicto
4537 1685 4837 1772 exemplo
4889 1686 4985 1750 in-

1340 1791 1512 1874 veni,
1559 1791 1650 1855 ita
1695 1789 1972 1854 fideliter
2016 1789 2388 1876 subscripsi,
2435 1790 2805 1877 exemplavi
2850 1798 2918 1854 et
2964 1790 3211 1877 scripsi,
3261 1791 3633 1877 subscripsi,
3682 1791 3960 1878 signavi,
4009 1791 4408 1877 subsignavi.

1517 2001 1817 2089 [Fores-J
1860 2004 1903 2068 J
1909 2025 2025 2069 ura
2070 2005 2430 2091 spectantia
2476 2004 2560 2068 ad
2606 2025 2871 2069 causam
2918 2012 3158 2070 motam
3207 2027 3405 2070 causa
3450 2006 3826 2070 hereditatis
3872 2006 4178 2094 Episcopi
4225 2006 4703 2071 Avinionensis.

3018 2379 3309 2445 XXVII.

2478 2614 2673 2696 1257,
2719 2635 2760 2677 a
2810 2614 2894 2676 10
2933 2612 3246 2697 februarii
3289 2614 3376 2677 ad
3420 2615 3508 2678 20
3554 2615 3844 2679 eiusdem.

1818 2843 1925 2908 Ex
1970 2845 2196 2910 eodem
2244 2845 2507 2910 archivo
2556 2846 2763 2911 sancti
2810 2846 3142 2911 Francisci
3185 2847 3475 2930 Bonon.,
3526 2869 3695 2912 nunc
3743 2848 3806 2913 in
3857 2847 4019 2912 Tab.
4068 2847 4245 2913 Max.
4296 2849 4444 2914 bon.
4473 2898 4490 2931 ,

2336 2962 2490 3019 sect.
2553 2980 2580 3011 α
2629 2954 2998 3020 Demam‘ale
3046 2982 3075 3013 »
3168 2936 3248 2977 ³⁴⁶
3357 2955 3466 3019 lib.
3516 2954 3605 3037 M,
3655 2976 3831 3020 num.
3882 2958 3987 3019 60.

3092 3006 3107 3039 ²
3155 2994 3263 3050 {oss
3292 3005 3308 3037 ν

1512 3202 2075 3268 Reverendissime
2122 3205 2497 3290 paternitati
2543 3211 2755 3269 vestre
2803 3226 2950 3269 cum
3005 3204 3227 3270 debita
3295 3205 3660 3270 reverentia
3724 3204 4127 3290 significatur
4187 3227 4303 3290 pro
4371 3214 4558 3292 parte
4619 3214 4973 3270 conventus

1334 3309 1639 3375 Fratrum
1688 3311 2174 3376 Predicatorum
2223 3318 2288 3375 et
2333 3319 2685 3376 conventus
2732 3312 3037 3376 Fratrum
3082 3312 3408 3377 Minorum
3449 3313 3730 3377 civitatis
3773 3313 4066 3377 Bononie
4099 3321 4162 3377 et
4197 3313 4444 3377 Thome
4477 3313 4751 3377 condam
4782 3314 4975 3378 Pauli

1322 3416 1401 3481 de
1451 3417 1910 3504 Tenchararijs
1956 3419 2391 3502 bononiensis,
2427 3419 2598 3505 quod
2644 3420 2939 3485 dominus
2981 3420 3227 3501 Zohen,
3278 3420 3434 3484 olim
3483 3421 3822 3507 episcopus
3858 3420 4270 3501 Avinoensis,
4307 3420 4369 3484 in
4419 3443 4535 3485 suo
4584 3427 4970 3486 testamento

1322 3524 1491 3590 inter
1537 3533 1752 3590 cetera
1784 3526 2099 3612 disposuit
2147 3535 2212 3591 et
2259 3527 2533 3614 reliquid
2578 3526 2868 3592 Ecclesie
2902 3528 3324 3609 avinionensi,
3367 3527 3531 3592 idest
3563 3527 3907 3613 Episcopis
3941 3528 4402 3592 avinoensibus
4428 3529 4506 3593 (¹)
4532 3530 4674 3614 ejus
4720 3551 4971 3594 succes·

1323 3635 1596 3717 soribus,
1646 3635 1884 3721 podere
1931 3634 2102 3721 quod
2150 3634 2435 3699 habebat
2494 3635 2560 3698 in
2620 3635 2942 3699 territorio
2993 3635 3293 3717 Saliceti,
3341 3633 3776 3699 Bononiensis
3823 3634 4118 3718 diocesis,
4168 3642 4232 3699 et
4288 3636 4466 3701 aliud
4511 3637 4748 3723 podere
4799 3636 4968 3722 quod

1321 3743 1604 3807 habebat
1647 3743 1839 3827 juxta
1889 3741 2201 3829 Sapinam
2246 3743 2314 3806 in
2360 3741 2532 3807 dicta
2576 3742 2818 3806 diocesi
2856 3742 3049 3826 juxta
3095 3763 3246 3806 suos
3295 3742 3605 3823 confines,
3656 3741 3776 3806 hoc
3825 3742 4014 3806 modo
4063 3750 4128 3806 et
4176 3743 4560 3825 conditione,
4595 3744 4766 3829 quod
4815 3744 4967 3831 Epi-

1322 3871 1554 3937 scopus
1587 3851 1973 3937 quicumque
2019 3871 2136 3937 pro
2183 3856 2473 3936 tempore
2507 3849 2701 3915 fuerit
2731 3870 3063 3915 successor
3109 3850 3174 3914 in
3222 3848 3396 3915 dicta
3441 3848 3760 3933 Ecclesia,
3795 3849 3997 3935 eligat
4044 3857 4175 3915 tres
4224 3850 4303 3914 de
4352 3851 4724 3916 chanonicis
4765 3852 4964 3938 ipsius

1319 3958 1611 4024 Ecclesie
1659 3965 1724 4023 et
1770 3958 1930 4023 duos
1977 3958 2244 4023 clericos
2290 3957 2615 4023 seculares
2661 3957 2741 4022 de
2790 3957 3051 4022 civitate
3099 3965 3164 4022 et
3213 3958 3376 4023 duos
3424 3956 3693 4022 clericos
3742 3958 4067 4022 seculares
4115 3958 4194 4022 de
4244 3957 4472 4023 Castro
4505 3958 4861 4042 Novarum,
4904 3966 4967 4023 et

1321 4087 1521 4130 unum
1583 4064 1662 4129 de
1724 4065 1868 4129 aliis
1929 4065 2156 4130 castris
2203 4064 2492 4128 Ecclesie
2540 4064 2927 4151 supradicte,
2976 4064 3085 4151 qui
3147 4065 3275 4128 sint
3322 4064 3569 4129 dociles
3639 4072 3704 4129 et
3766 4086 3893 4129 non
3942 4064 4228 4129 habeant
4275 4065 4538 4150 aliquod
4582 4065 4964 4130 beneficium

1322 4174 1867 4255 ecclesiasticum,
1915 4194 2074 4258 quos
2136 4172 2414 4237 destinet
2458 4172 2751 4236 Bononie
2813 4171 2896 4235 ad
2959 4171 3392 4254 studendum,
3442 4193 3715 4257 quorum
3782 4171 4053 4257 quilibet
4100 4171 4340 4236 habere
4388 4172 4622 4237 debeat
4678 4174 4962 4259 quolibet

1321 4302 1492 4345 anno
1553 4302 1670 4366 pro
1733 4280 2034 4366 expensis
2081 4279 2275 4343 studii
2328 4279 2518 4364 xxiiij
2566 4278 2788 4362 libras,
2829 4300 2914 4343 ex
2975 4277 3332 4343 redditibus
3379 4278 3814 4366 percipiendis
3883 4301 3968 4343 ex
4030 4279 4216 4343 dictis
4262 4279 4645 4366 poderibus3
4691 4302 4960 4365 quorum

1320 4388 1592 4474 quilibet
1636 4396 1808 4452 stare
1855 4387 2057 4474 possit
2103 4388 2385 4473 quinque
2432 4386 2619 4450 annis
2666 4386 2750 4449 ad
2795 4386 2943 4472 plus
2989 4386 3051 4449 in
3102 4385 3272 4451 dicto
3324 4385 3574 4469 Studio,
3610 4392 3675 4449 et
3721 4386 3901 4450 finito
3947 4393 4235 4472 tempore
4283 4387 4633 4472 primorum
4679 4385 4957 4451 destina-

1320 4502 1533 4560 torum
1578 4496 1719 4561 loco
1764 4496 2072 4582 ipsorum,
2106 4495 2268 4559 alios
2313 4495 2690 4580 subrogare,
2723 4501 2790 4559 et
2835 4494 2926 4559 sic
2973 4495 3354 4559 successive.
3403 4494 3489 4558 Et
3539 4494 3593 4557 si
3642 4494 3988 4579 contigerit
4034 4515 4184 4559 eum
4236 4495 4676 4579 negligentem
4707 4516 4849 4558 esse
4896 4495 4958 4558 in

1317 4602 1674 4666 scolaribus
1721 4601 1803 4665 ad
1848 4601 2145 4666 Studium
2188 4600 2717 4683 transmittendis,
2753 4601 2958 4665 voluit
2989 4600 3161 4686 quod
3192 4600 3365 4664 dicta
3407 4599 3678 4686 poderia
3711 4601 3977 4664 veniant
4009 4601 4146 4664 sine
4179 4600 4600 4665 diminutione
4633 4599 4716 4663 ad
4757 4600 4955 4664 eccle·

1320 4709 1482 4773 siam
1530 4709 1736 4774 sancti
1780 4708 2119 4773 Michaelis
2174 4707 2252 4772 de
2307 4708 2566 4773 Buscho
2614 4708 2694 4772 de
2743 4708 3073 4790 Bononia,
3132 4729 3257 4794 que
3304 4707 3602 4772 Ecclesia
3652 4714 3980 4772 teneretur
4025 4707 4366 4793 providere
4414 4717 4557 4772 octo
4603 4707 4957 4772 scolaribus

1317 4817 1712 4903 pauperibus
1758 4816 1838 4880 de
1885 4816 2208 4881 Avinione
2255 4816 2362 4880 vel
2408 4815 2805 4902 Episcopatu
2853 4816 3055 4901 ipsius
3102 4824 3222 4879 etc.
3257 4814 3344 4878 Et
3388 4816 3441 4879 si
3491 4815 3589 4878 illi
3635 4814 3715 4879 de
3762 4814 4035 4878 ecclesia
4081 4815 4287 4878 sancti
4337 4815 4673 4879 Michaelis
4720 4815 4958 4879 fuerint

1318 4925 1747 5010 negligentes,
1780 4923 2164 5010 perveniant
2208 4924 2381 4988 dicta
2427 4923 2693 5009 poderia
2742 4922 2824 4986 ad
2875 4922 3245 5008 Capitulum
3279 4922 3647 4986 avinoensis
3679 4921 3991 5004 Ecclesie,
4027 4921 4200 5007 quod
4249 4920 4619 5007 Capitulum
4665 4930 4959 4987 teneatur

1316 5032 1657 5119 providere
1706 5038 1848 5096 octo
1897 5031 2319 5113 scholaribus,
2367 5031 2533 5094 sicut
2578 5031 3022 5117 supradictum
3069 5036 3167 5095 est
3214 5029 3293 5094 de
3355 5029 3702 5116 Episcopo,
3753 5029 3824 5093 Si
3888 5037 4105 5093 autem
4152 5029 4411 5093 omnino
4457 5029 4762 5095 deficeret
4810 5030 4954 5095 Stu-

1317 5140 1494 5203 dium
1540 5139 1854 5222 Bononie,
1907 5139 2110 5203 voluit
2156 5138 2326 5224 quod
2373 5137 2732 5225 Episcopus
2780 5139 3151 5203 avinoensis
3198 5137 3438 5202 vendat
3485 5136 3658 5201 dicta
3720 5137 4008 5222 poderia,
4059 5145 4123 5201 et
4178 5137 4464 5223 precium
4513 5145 4848 5202 convertat
4893 5138 4952 5200 in

1318 5249 1640 5334 emptione
1690 5247 1964 5311 aliarum
2012 5247 2491 5332 possessionum
2538 5247 2601 5310 in
2649 5246 3045 5332 Episcopatu
3095 5245 3449 5326 avinoensi,
3484 5243 3564 5308 de
3614 5244 3848 5330 quibus
3896 5244 4236 5330 providere
4281 5244 4517 5309 debeat
4562 5252 4706 5310 octo
4753 5245 4953 5310 scola·

1317 5355 1516 5437 ribuS,
1566 5363 1635 5420 nt
1698 5355 1942 5419 dictum
2002 5363 2120 5437 est,
2170 5354 2574 5419 studentibus
2635 5354 2699 5416 in
2764 5354 2894 5417 alio
2960 5353 3186 5418 Studio
3233 5352 3545 5437 generali.
3595 5351 3681 5415 Et
3747 5352 3799 5415 si
3863 5373 4083 5417 omnes
4139 5352 4378 5417 fuerint·
4425 5352 4830 5438 negligentes
4893 5359 4952 5415 et

1317 5463 1602 5545 remissi,
1652 5463 1856 5527 voluit
1915 5462 2086 5549 quod
2148 5462 2320 5526 dicta
2378 5461 2643 5548 poderia
2687 5460 3053 5524 vendantur
3099 5482 3217 5546 per
3262 5460 3466 5524 dictos
3527 5480 3677 5522 suos
3742 5460 4234 5542 commissarios,
4284 5467 4347 5524 et
4409 5460 4699 5545 precium
4744 5458 4951 5523 distri·

1315 5570 1555 5634 buatur
1600 5591 1716 5656 per
1763 5591 2081 5656 pauperes
2130 5568 2398 5650 Christi,
2433 5568 2544 5632 ubi
2590 5569 2682 5631 eis
2731 5568 2942 5631 visum
2988 5567 3182 5631 fuerit
3229 5567 3463 5631 melius
3513 5565 4042 5651 expendendum3
4093 5588 4252 5653 quos
4301 5567 4773 5632 commissarios
4818 5586 4951 5630 esse

1314 5678 1522 5743 voluit
1566 5677 1859 5741 Priorem
1892 5676 2193 5740 Fratrum
2226 5675 2716 5740 Predicatorum
2748 5682 3102 5739 conventus
3143 5674 3433 5739 Bononie
3485 5682 3550 5738 et
3598 5673 4046 5739 Guardianum
4093 5673 4398 5738 Fratrum
4435 5674 4758 5738 Minorum
4807 5695 4948 5738 con-

1316 5793 1547 5850 ventus
1593 5785 1761 5849 dicte
1810 5783 2109 5866 civitatis,
2162 5783 2271 5869 qui
2317 5804 2433 5869 pro
2479 5790 2768 5869 tempore
2817 5782 3086 5864 fuerint,
3135 5790 3198 5845 et
3260 5781 3553 5846 Priorem
3605 5781 3810 5845 sancti
3855 5781 4195 5844 Michaelis
4251 5781 4329 5844 de
4389 5781 4687 5863 Busch03
4734 5781 4948 5845 volens

1315 5894 1486 5980 qnod
1533 5893 1587 5956 si
1636 5892 1869 5977 aliquis
1904 5913 2126 5955 eorum
2158 5890 2460 5976 predictis
2493 5890 2825 5954 intendere
2875 5899 2939 5954 et
2978 5911 3313 5976 superesse
3348 5911 3474 5954 non
3508 5897 3745 5976 posset,
3774 5889 3888 5973 alij
3924 5887 4049 5952 duo
4083 5888 4497 5952 nihilominus
4530 5896 4946 5975 exequantur.

1315 6000 1505 6077 Quod
1566 6006 2022 6064 testamentum
2070 5998 2313 6062 factum
2358 5997 2482 6061 fuit
2533 6019 2701 6061 anno
2749 5998 3107 6061 nativitatis
3155 5997 3419 6082 Dominj
3477 5996 3821 6060 millesimo
3870 5995 4341 6060 ducentessimo
4389 5995 4947 6081 quinquagessimo

1314 6109 1610 6196 septimO,
1659 6107 2007 6171 indictione
2054 6102 2190 6187 xv⁸,
2239 6105 2342 6169 die
2404 6099 2476 6169 21⁰
2524 6105 2802 6169 intrante
2851 6104 3198 6187 februario,
3248 6112 3313 6169 et
3374 6105 3683 6190 scriptum
3731 6125 3926 6167 manu
3975 6103 4260 6167 stardi
4307 6103 4788 6168 Boniohannini
4846 6102 4944 6166 Pi-

1312 6216 1532 6303 zolpili
1580 6216 1837 6280 notarii.

1476 6448 1553 6512 (1)
1596 6446 1699 6498 Sic.
