5542 7775
2158 668 2536 717 APPENDIX
2593 667 2893 716 ALTERA

697 823 991 909 proficiat
1027 822 1384 909 disciplina.
1413 822 1707 908 Vestigia
1735 822 2030 887 Gratiani
2064 845 2144 886 ex
2179 821 2460 885 maxima

694 940 879 1017 parte
929 930 1375 1015 prosequimur
1422 939 1486 994 et
1544 930 1828 1016 capitula
1890 930 2340 1016 proponimus,
2393 936 2462 992 ut

698 1038 869 1122 quod
917 1037 1207 1123 queritur
1254 1037 1508 1101 facilius
1555 1037 1938 1101 inveniatur.

815 1145 1144 1230 Incipiunt
1185 1144 1485 1230 Capitula
1533 1145 1736 1231 prime
1785 1144 2008 1230 partiS,
2043 1165 2165 1229 que
2214 1149 2311 1206 est
2344 1142 2459 1206 mi-

693 1252 1040 1315 nistrorum
1090 1252 1378 1316 ecclesie.

817 1359 869 1422 I.
920 1359 1023 1423 De
1073 1368 1349 1445 quatuor
1397 1360 1857 1446 preparatoriis
1907 1358 2223 1441 Gratiani,
2257 1365 2321 1421 et
2366 1357 2460 1421 di-

689 1467 1047 1531 visionibus
1095 1475 1159 1531 et
1207 1468 1753 1531 subdivisionibus
1800 1467 1999 1532 Juris.

813 1574 904 1637 II.
953 1574 1053 1638 De
1107 1575 1304 1637 variis
1353 1574 1833 1660 acceptionibus
1867 1573 2066 1656 Juris,
2114 1574 2217 1637 vel
2265 1573 2460 1637 moris

694 1690 758 1745 et
806 1682 988 1766 legiS.

824 1789 949 1852 III.
1005 1789 1105 1853 De
1151 1789 1431 1874 quinque
1465 1789 1927 1852 convenientiis
1958 1788 2313 1874 specierum
2354 1788 2458 1871 ju-

691 1897 777 1960 ris
826 1904 891 1960 et
938 1896 1123 1980 legis.

813 2004 930 2067 IV.
984 2003 1083 2067 De
1134 2004 1416 2088 quinque
1463 2002 1841 2066 differentiis
1889 2002 2279 2066 earumdem.

805 2111 884 2174 V.
940 2111 1251 2185 Queritur
1312 2110 1367 2174 si
1412 2112 1521 2195 jus
1563 2111 1860 2174 naturale
1907 2111 1990 2174 sit
2036 2110 2457 2193 immutabile,

685 2226 806 2284 ete.

809 2331 1017 2415 Atque
1063 2332 1150 2392 ita
1197 2330 1476 2414 deinceps
1521 2337 1710 2394 totam
1745 2330 2023 2413 primam
2066 2336 2304 2412 partem
2365 2328 2460 2391 cli·

689 2436 928 2501 stribuit
976 2439 1036 2500 in
1088 2438 1358 2520 capitula
1411 2435 1696 2500 CXXII.

813 2544 954 2607 Post
1005 2545 1264 2608 indicem
1318 2546 1591 2629 capitum
1638 2546 1723 2607 sic
1756 2546 2036 2628 primam
2067 2551 2314 2628 partem
2364 2544 2458 2606 in-

681 2654 826 2736 cipit
877 2651 1251 2716 Sichardus:

811 2759 1141 2845 Incipiunt
1203 2758 1684 2845 preparatoria:
1736 2757 2051 2843 Magister
2107 2757 2458 2821 Gratianus

689 2866 1012 2947 Ecclesia,
1063 2866 1241 2930 velut
1302 2866 1493 2929 matri
1556 2886 1691 2947 sue,
1743 2865 2063 2951 templum
2123 2886 2208 2929 ex
2255 2864 2459 2929 tribus

686 2974 980 3059 partibus
1030 2973 1331 3037 edificare
1381 2973 1733 3059 proposuit,
1778 2972 1946 3057 quod
1996 2980 2067 3036 ut
2112 2971 2458 3058 perfectius

696 3088 1190 3163 consummaret,
1227 3080 1523 3166 quedam,
1560 3081 1744 3165 quasi
1785 3080 1974 3144 bases
2008 3087 2071 3143 et
2104 3080 2455 3162 columnas,

689 3189 1135 3273 preparatoria
1159 3188 1309 3252 huic
1334 3187 1514 3274 operi
1539 3188 1904 3251 necessaria
1938 3187 2305 3272 prelibavit,
2334 3187 2454 3250 sei-

681 3294 831 3358 licet
865 3295 1253 3380 multiplices
1280 3295 1445 3379 juris
1480 3295 1826 3359 divisiones
1860 3302 1978 3358 etc.

811 3401 884 3465 X
900 3401 969 3465 V.
1025 3403 1379 3487 Capitulum
1428 3411 1511 3467 est
1557 3403 1632 3466 cle
1668 3401 1954 3466 Conciliis
1984 3410 2038 3467 et
2069 3403 2342 3487 refertur
2372 3403 2457 3467 ad

683 3511 1126 3574 distinctionem
1177 3509 1449 3592 XVII„
1497 3510 1601 3574 ubi
1644 3513 1728 3574 sic
1773 3513 1860 3574 ait
1909 3510 2279 3575 Sichardus:

813 3617 985 3681 Nota
1032 3618 1204 3703 quod
1252 3617 1461 3682 officia
1510 3617 1942 3683 Conciliorum
2005 3626 2154 3681 sunt
2200 3618 2451 3702 docere,

688 3727 809 3790 hoe
858 3732 952 3789 est
1002 3726 1080 3789 de
1127 3726 1252 3789 fide
1301 3731 1603 3807 tractare,
1643 3726 1999 3808 instituere,
2034 3726 2156 3790 hoc
2203 3734 2300 3790 est
2347 3748 2451 3791 ca-

687 3855 887 3900 nones
938 3834 1371 3920 promulgare,
1406 3833 1693 3916 definire,
1728 3833 1893 3898 idest
1939 3834 2084 3899 lites
2133 3833 2451 3919 dirimere,

689 3943 1045 4027 corrigere,
1111 3942 1278 4006 idest
1325 3942 1627 4026 ⁸moribus
1690 3941 1997 4006 imbuere.
2063 3942 2230 4007 Item
2302 3952 2454 4008 nota

689 4050 860 4135 quod
907 4049 1336 4135 provincialia
1381 4049 1480 4114 bis
1540 4049 1647 4112 vel
1694 4049 1892 4113 semel
1956 4050 2018 4113 in
2083 4070 2253 4115 anno
2315 4050 2456 4115 fieri

689 4157 924 4220 debent
969 4157 1159 4221 certis
1191 4156 1588 4243 temporibus
1616 4207 1630 4220 .
1660 4205 1675 4220 .
1705 4205 1720 4220 .
1750 4206 1765 4221 .
1801 4157 2204 4244 Quicumque
2238 4167 2454 4223 autem

687 4258 956 4329 vocatur
1004 4265 1086 4327 ad
1135 4264 1492 4329 Concilium
1540 4286 1657 4350 pro
1705 4265 1962 4330 comuni
2006 4266 2306 4350 utilitate,
2349 4289 2453 4331 su·

684 4372 1056 4457 spendatur,
1085 4372 1140 4436 si
1171 4393 1300 4437 non
1334 4372 1602 4455 venerit,
1637 4380 1749 4436 aut
1782 4372 1918 4436 sine
1950 4373 2211 4437 licentia
2243 4396 2451 4439 reces-

685 4480 860 4562 serit,
889 4480 1009 4543 nisi
1037 4480 1342 4544 canonice
1368 4501 1436 4543 se
1463 4479 1890 4544 excusaverit.
1917 4480 2451 4547 Distinet.XVII.

682 4589 827 4652 Pla.
875 4589 994 4652 Est
1057 4596 1274 4653 autem
1331 4589 1571 4675 triplex
1618 4590 1979 4673 excusatiO,
2028 4592 2333 4678 corporis,
2381 4599 2455 4656 ut

688 4698 1056 4779 senectutis,
1100 4697 1521 4782 egritudinis3
1570 4697 1861 4762 Ecclesie
1909 4699 1976 4762 in
2022 4699 2301 4786 dampno
2358 4679 2451 4763 vi-

685 4804 902 4887 tand0,
949 4813 1166 4869 tamen
1214 4806 1603 4889 rationabili,
1640 4806 1703 4870 in
1753 4806 1932 4871 luero
1981 4807 2321 4893 captando,
2357 4815 2451 4872 ta-

689 4934 835 4976 men
886 4912 1275 4995 rationabili,
1311 4913 1434 4976 nisi
1478 4934 1756 4999 persona
1790 4915 1931 4998 ejus
1966 4913 2227 4999 Synodo
2261 4915 2455 4980 fuerit

685 5020 1071 5102 necessaria,
1113 5020 1263 5105 quia
1312 5020 1734 5107 plurimorum
1779 5021 2026 5084 utilitas
2059 5022 2248 5085 unius
2281 5023 2453 5086 utili-

689 5127 808 5190 tati
855 5134 952 5190 est
999 5126 1404 5213 preferenda.
1456 5126 1526 5192 C.
1559 5127 1713 5191 VII.
1764 5127 1840 5201 Q.
1876 5127 1930 5191 I.
1981 5129 2168 5192 scias.
2217 5129 2452 5194 Prece-

683 5236 920 5321 ptionis
982 5235 1204 5321 Regis.
1255 5235 1554 5301 Distinet.
1587 5234 1778 5299 VIII.
1827 5235 1904 5300 L.
1952 5237 2333 5324 Episcopus.
2384 5238 2454 5303 Si

685 5343 856 5407 enim
904 5364 1023 5406 rex
1075 5343 1471 5430 precepisset
1523 5344 1824 5430 episeopo
1879 5343 1973 5408 ire
2029 5344 2111 5409 ad
2168 5345 2449 5432 Curiam,

687 5450 944 5536 quando
1014 5450 1554 5537 Metropolitanus
1614 5453 1872 5516 vocavit
1935 5452 2018 5517 ad
2082 5452 2450 5539 Synodum,

642 5605 646 5609 »
685 5559 864 5645 prius
911 5557 1270 5644 parendum
1330 5564 1428 5622 est
1483 5559 1651 5643 regi,
1703 5581 1898 5645 quam
1945 5562 2449 5650 archiepiscope.

682 5666 869 5730 Alias
897 5687 1049 5730 vero
1082 5665 1163 5730 de
1188 5665 1563 5752 Apostolico
1596 5666 1937 5731 dicendum
1971 5676 2087 5751 est,
2115 5670 2287 5755 quia,
2315 5670 2450 5735 sive

685 5781 855 5856 ante,
891 5774 1026 5837 sive
1072 5779 1220 5860 post
1266 5773 1658 5860 precipiatur
1705 5795 1743 5838 a
1789 5797 1964 5860 rege,
2009 5777 2186 5863 prius
2233 5783 2453 5842 tamen

683 5891 990 5968 pareatur
1045 5881 1420 5968 apostolico,
1467 5882 1590 5945 nisi
1646 5883 1910 5969 speciali
1951 5886 2320 5968 juramento
2368 5886 2494 5951 ad·

684 5990 806 6054 hoe
855 5996 1172 6053 teneatur.
1219 5988 1414 6053 Ratio
1455 5988 1844 6054 diversitatis
1878 5998 1993 6074 est,
2029 5993 2180 6078 quia
2212 5994 2450 6057 Metro-

683 6098 1009 6184 politanus
1058 6097 1278 6161 subest
1324 6097 1389 6160 in
1437 6098 1855 6180 secularibus,
1890 6099 2301 6184 Apostolicus
2334 6122 2448 6164 au-

685 6214 817 6270 tem
865 6211 1079 6290 preest
1126 6206 1191 6268 in
1240 6204 1556 6270 omnibus.
1606 6205 1761 6292 Cap.
1796 6206 2058 6272 XXIII.
2108 6207 2184 6281 Q.
2218 6207 2411 6273 VIII.

816 6313 1104 6398 Capitula
1146 6313 1448 6379 secundae
1480 6316 1687 6399 partis
1701 6339 1722 6378 .·

884 6422 937 6486 I.
986 6421 1157 6496 Quid
1203 6423 1285 6486 sit
1333 6443 1530 6487 causa
1577 6429 1642 6487 et
1688 6423 1858 6488 unde
1906 6424 2177 6490 dicatur.

847 6531 935 6595 II.
987 6530 1283 6605 Qualiter
1329 6530 1674 6596 dividatur.

4191 640 4341 712 285

2708 820 2835 885 III.
2887 819 3057 894 Quid
3103 820 3374 884 simonia
3421 828 3486 883 et
3532 819 3597 882 in
3640 819 3870 905 quibus
3920 818 4345 904 deprehendi·

2589 934 2714 1010 tur,
2767 928 2938 991 unde
2987 928 3220 991 dicitur
3267 934 3423 1013 quot
3468 926 3672 992 modis
3718 927 4154 991 committitur.

2708 1035 2812 1099 Ita
2844 1036 3120 1120 deinceps
3149 1037 3427 1121 sinyulae
3455 1056 3672 1100 causae
3703 1035 4181 1116 exhauriuntur,
4215 1037 4347 1119 qni·

2587 1142 2699 1207 bus
2743 1143 3009 1207 secunda
3046 1163 3205 1227 pars
3248 1145 3645 1226 componitur.
3694 1145 3781 1206 At
3827 1143 3902 1206 de
3948 1141 4347 1224 Poe-nitentia,

2587 1272 2664 1314 ne
2711 1250 2955 1314 verbum
3005 1251 3269 1336 quidem,
3300 1259 3371 1315 nt
3410 1251 3597 1333 facile
3626 1253 3840 1315 coniici
3857 1253 4071 1336 possit,
4103 1252 4348 1336 [onyam

2587 1359 2758 1422 illam
2808 1362 3229 1423 tractationem
3275 1360 3350 1423 de
3396 1358 3793 1442 Poenitentia,
3825 1360 3917 1424 ‘cel
3945 1359 4221 1423 nondum
4255 1358 4351 1422 Se?-

2588 1468 2766 1531 cardi
2795 1474 2987 1531 aetate
3020 1470 3085 1531 in
3115 1467 3515 1532 Decretorum
3549 1466 3776 1531 librum
3816 1468 4052 1531 illatam
4099 1468 4191 1531 cel
4228 1488 4347 1531 non

2588 1576 2884 1659 aynitam,
2916 1583 2986 1638 nt
3030 1575 3365 1659 leyitimum
3402 1574 3699 1639 Gratiani
3722 1575 3978 1657 foetum,
4010 1576 4102 1638 rel
4129 1577 4184 1639 si
4212 1576 4352 1638 talis

2590 1684 2772 1747 etiam
2818 1689 3101 1767 reputata
3146 1684 3244 1765 sit,
3301 1681 3615 1769 Theoloyis
3654 1685 3857 1766 potius
3903 1684 4195 1765 relictam,
4244 1703 4351 1746 nec

2586 1790 2839 1875 dianam
2902 1788 3203 1871 habitam,
3251 1811 3408 1874 quae
3468 1792 3629 1854 inter
3680 1810 3938 1854 canones
3998 1798 4052 1855 et
4112 1790 4349 1854 decreta

2583 1896 2971 1962 ecclesiastica
3014 1898 3209 1961 locum
3253 1895 3516 1961 liaberet.

2719 2003 2952 2068 Forma
3014 2006 3452 2069 Accusationis.
3511 2004 3705 2070 Anno
3767 2004 3848 2068 ab
3910 2004 4350 2068 incarnatione

2585 2111 2851 2176 Domini
2899 2112 3056 2176 mill.
3105 2120 3307 2195 eent.,
3357 2112 3615 2176 domino
3663 2111 4040 2176 Alexandro
4088 2111 4351 2176 sedente

2587 2219 2654 2283 in
2703 2220 3059 2305 apostolica
3106 2219 3294 2301 Sede,
3329 2241 3497 2284 anno
3528 2220 3936 2307 pontificatus
3977 2219 4149 2283 illius
4190 2226 4347 2300 etc.,

2587 2335 2906 2413 regnante
2968 2327 3314 2411 Federico,
3364 2349 3532 2392 anno
3594 2327 3780 2413 regni
3838 2328 3979 2411 ejus
4026 2334 4182 2409 etc.,
4231 2327 4349 2390 im-

2586 2434 2772 2520 perii,
2819 2442 2940 2499 etc.

2713 2543 2884 2605 Alia.
2911 2541 3102 2606 Anno
3134 2541 3396 2606 Domini
3428 2542 3586 2606 mill.
3613 2550 3733 2607 etc.
3761 2543 4052 2607 Adriano
4085 2542 4347 2606 sedente

2584 2648 2651 2710 in
2701 2647 3026 2713 Cathedra
3071 2649 3252 2713 Petri
3298 2670 3468 2714 anno
3517 2650 3915 2736 apostolatus
3962 2651 4125 2734 ejus,
4173 2658 4294 2713 etc.

2721 2754 2990 2820 Tertiam
3025 2765 3271 2841 partem
3319 2758 3587 2842 appellat
3625 2757 3956 2822 Summam
4003 2758 4082 2822 de
4118 2758 4347 2823 Sacra-

2586 2864 2855 2946 mentis,
2905 2886 2976 2927 ac
3011 2864 3285 2950 procedit
3330 2865 3532 2929 eodem
3577 2865 3795 2930 ordine
3837 2887 3908 2930 ac
3961 2866 4133 2951 apud
4182 2865 4348 2929 Gra-

2583 2973 2843 3036 tianum.

3375 3296 3566 3361 VIII.

2712 3509 2959 3575 Codices
3002 3509 3287 3575 Vaticani
3327 3513 3456 3575 621
3489 3520 3544 3577 et
3577 3513 3729 3596 622,
3760 3515 3828 3577 in
3876 3512 4095 3598 quibus
4138 3534 4345 3577 occur-

2579 3620 2664 3682 rit
2709 3617 3058 3682 Decretum
3107 3618 3405 3682 Gratiani
3445 3641 3576 3684 una
3606 3641 3745 3685 cum
3769 3623 3987 3706 paucis
4016 3622 4345 3707 iisdemque

2585 3725 3086 3790 interlinearibus
3124 3728 3437 3812 ylossellis,
3486 3727 3641 3792 nihil
3670 3729 4138 3814 praeseferunt,
4186 3730 4348 3815 quod

2579 3832 2676 3898 hic
2720 3833 2952 3917 afferre
2996 3855 3225 3900 necesse
3267 3836 3363 3899 sit.

3404 4158 3524 4223 IX.

2706 4371 2950 4438 Nullibi
2991 4375 3281 4439 indicarit
3327 4374 3705 4438 clarissimus
3749 4373 3996 4438 Sartins
4032 4373 4197 4439 hunc
4228 4396 4342 4438 na-

2578 4503 2807 4564 meru3‚
2839 4489 2910 4546 ut
2952 4484 3177 4547 notavit
3224 4481 3499 4546 Maurus
3543 4480 3966 4566 Fauor-inias,-
3995 4483 4102 4547 sed
4141 4490 4341 4546 tamen

2579 4611 2654 4655 ex
2697 4592 2892 4674 ipsius
2934 4590 3164 4656 schedis
3207 4591 3497 4655 coniicere
3540 4589 3781 4655 videtur
3804 4591 4191 4674 propositum
4228 4592 4346 4675 ipsi

2577 4699 2777 4781 fuisse
2819 4701 3137 4784 assiqnare
3181 4699 3376 4763 eidem
3437 4718 3696 4762 numero
3751 4696 4061 4782 Eoeceipta
4111 4696 4346 4762 Codicis

2581 4805 3028 4870 membranacei
3093 4804 3496 4871 Bibliothecae
3567 4803 3817 4890 Colleqii
3875 4804 4305 4889 Hispanorum
4325 4856 4342 4889 ,

2582 4935 2738 4999 quae
2784 4915 2909 4977 iam
2955 4914 3149 4978 allata
3190 4921 3337 4977 sunt
3380 4915 3544 4977 inter
3572 4900 3762 4975 'Mem
3796 4919 3994 4998 spect.
4044 4912 4128 4977 ad
4173 4914 4339 4999 prof.

2583 5022 2701 5086 iur.
2752 5021 2874 5085 civ.
2931 5021 3102 5107 (pay.
3150 5020 3380 5104 27-28,
3426 5041 3599 5085 num.
3647 5019 3828 5102 IX).

3416 5343 3502 5407 X.

2706 5557 3136 5644 Necroloyium
3182 5558 3533 5623 rhetianam
3581 5556 3841 5642 (scilicet
3892 5558 4343 5623 Canonicorum

2569 5667 2981 5753 Reyularium
3047 5664 3544 5751 Conqreyationis
3595 5669 3791 5730 sancti
3837 5664 4173 5731 Salvatoris
4216 5667 4340 5730 Bo-

2576 5777 2819 5856 noniae,
2850 5795 3019 5838 nunc
3051 5776 3117 5837 in
3148 5773 3314 5837 Bibl.
3343 5771 3489 5837 Nat.
3513 5773 3829 5858 parisina)
3858 5776 4034 5839 cuius
4064 5782 4341 5859 excerpta

2575 5884 2673 5948 hic
2700 5884 2945 5965 damus,
2976 5882 3206 5947 editum
3253 5889 3337 5945 est
3382 5902 3457 5946 ex
3500 5881 3877 5968 autoyrapho
3920 5905 3961 5946 a
4006 5884 4341 5948 clarissimo

2585 5990 2965 6072 Trombellio,
2999 5991 3267 6055 eiusdem
3305 5989 3801 6076 Conqreyationis
3845 5990 4073 6074 abbate,
4103 5993 4189 6056 ad
4217 5993 4340 6056 cal-

2575 6120 2700 6164 cem
2739 6098 2921 6163 libri:
2967 6098 3278 6162 Memorie
3325 6098 3604 6163 storiche
3651 6100 4060 6163 concernenti
4107 6100 4167 6163 le
4215 6100 4339 6165 due

2576 6208 2947 6275 Canoniehe
2996 6208 3062 6271 di
3108 6214 3296 6271 santa
3328 6207 3538 6273 Maria
3569 6208 3635 6272 di
3665 6208 3850 6273 Reno
3898 6229 3934 6272 e
3980 6209 4047 6273 di
4095 6209 4161 6274 S.
4199 6209 4340 6274 Sal-

2575 6324 2799 6382 vatore
2848 6317 3114 6380 insieme
3161 6316 3360 6399 unite,
3398 6338 3544 6401 paq.
3580 6317 3711 6381 329
3743 6325 3797 6382 et
3826 6339 3944 6402 seq.

2701 6425 2997 6490 Eiusdem
3039 6428 3221 6489 etiam
3278 6424 3620 6511 Necroloqii
3677 6425 4046 6512 apoqraphO,
4092 6429 4217 6491 iam
4272 6430 4335 6491 in

2574 6533 2947 6599 Bibliotheca
2994 6536 3265 6618 ipsoram
3318 6532 3763 6598 Canonicorum
3803 6537 4054 6617 extanti,
4088 6543 4142 6599 et
4173 6557 4340 6599 nunc
