5542 7775
1189 651 1341 723 302

1185 828 1357 914 quod
1403 827 1646 893 eisdem
1690 827 1859 892 dono
1905 825 2151 891 Abbati
2183 832 2247 890 et
2279 823 2667 889 monasterio
2699 823 2821 887 hoc
2854 822 2950 885 in-

1183 941 1610 1000 strumentum
1658 935 1958 1000 observet
2003 955 2119 1020 per
2167 932 2382 998 omnia
2429 939 2493 996 et
2539 929 2797 1016 singula
2842 951 2947 994 su·

1183 1042 1475 1129 pradicta
1523 1051 1588 1107 et
1635 1049 1859 1108 contra
1904 1042 2085 1107 nulla
2132 1042 2350 1106 veniat
2395 1041 2664 1105 ratione.

1301 1151 1541 1214 Actum
1602 1149 1669 1214 in
1731 1150 2012 1215 claustro
2076 1148 2344 1214 ecclesie
2406 1147 2679 1213 rotunde
2742 1144 2949 1211 sancti

1183 1255 1466 1343 Galgani
1513 1257 1592 1322 de
1628 1256 1849 1321 Monte
1881 1278 2078 1344 supra
2109 1256 2433 1343 prefatum
2465 1255 2947 1337 monasterium,

1178 1386 1396 1430 coram
1442 1364 1655 1430 donno
1701 1363 2049 1429 Francisce
2082 1385 2350 1429 monaco
2383 1370 2447 1427 et
2478 1362 2788 1427 fratribus
2827 1362 2943 1426 Sa·

1175 1473 1455 1537 limbene
1503 1479 1568 1536 et
1610 1471 2014 1558 Bonagratia
2074 1471 2400 1536 conversis
2456 1471 2655 1556 ipsius
2718 1491 2941 1534 mona-

1176 1581 1376 1663 sterii,
1425 1588 1491 1645 et
1536 1579 1892 1644 Gniduccio
1941 1578 2256 1644 Guidonis
2287 1585 2351 1643 et
2385 1577 2681 1643 Guidone
2719 1577 2940 1665 Napo-

1173 1689 1379 1754 leonis
1426 1687 1630 1771 laicis,
1680 1688 1952 1752 testibus
2000 1687 2265 1773 rogatis.

1298 1795 1402 1878 (L.
1429 1796 1473 1877 †
1507 1794 1601 1878 S.)
1648 1794 1792 1881 Ego
1841 1795 2245 1859 Alamannus
2284 1793 2691 1876 Bernardini,
2738 1793 2939 1879 impe-

1172 1903 1320 1967 riali
1366 1902 1748 1968 auctoritate
1796 1902 2122 1984 notarius,
2170 1900 2474 1988 predictis
2524 1900 2824 1984 interfui,
2875 1907 2940 1964 et

1171 2032 1270 2095 ea,
1319 2019 1604 2096 rogatus,
1655 2010 1883 2097 scripsi
1929 2017 1996 2075 et
2040 2009 2388 2097 publicavi.

1920 2223 2107 2289 XIV.
2142 2222 2187 2274 Β

1263 2441 1623 2527 Cataloqum
1648 2440 2007 2524 Librorum,
2033 2442 2141 2526 qui
2167 2440 2480 2505 Bononiae
2508 2441 2681 2525 apud
2713 2439 2935 2504 Statio-

1167 2553 1377 2615 narios
1415 2547 1854 2632 Universitatis,
1887 2548 2257 2613 scholarium
2288 2549 2593 2612 commodo
2612 2570 2934 2633 permane·

1165 2657 1332 2741 bant,
1358 2658 1547 2741 refert
1576 2658 1649 2722 cl.
1678 2655 2006 2721 Fattorini.
2034 2655 2221 2720 Nunc
2252 2657 2476 2741 leqitur
2499 2658 2563 2720 in
2596 2657 2934 2721 volumine:

1170 2765 1411 2830 Statuti
1455 2765 1623 2829 delle
1672 2763 2045 2829 Universita
2091 2786 2126 2828 e
2158 2763 2262 2828 dei
2294 2764 2544 2849 Collegi
2577 2763 2745 2828 dello
2783 2764 2933 2829 Stu-

1165 2872 1272 2937 dio
1318 2872 1685 2959 Bolognese
1734 2872 2088 2959 pubblicati
2134 2872 2218 2935 da
2251 2871 2441 2936 Carlo
2482 2871 2815 2956 Malagola
2845 2907 2934 2918 —

1166 2980 1466 3066 Boloyna,
1497 2980 1707 3044 Nicola
1732 2980 2092 3063 Zanichelli‚
2122 2977 2707 3043 MDCCCLXXX
2724 2979 2931 3063 VIII„

1165 3089 1234 3152 in
1288 3089 1441 3173 fol.,
1476 3110 1626 3174 paq.
1679 3088 1906 3170 32-35,
1958 3086 2069 3151 sub
2123 3086 2372 3151 rubrica
2424 3085 2762 3151 XXXVI.
2810 3095 2933 3152 sta-

1164 3203 1439 3260 tutorum
1508 3194 1929 3260 Universitatis
1984 3194 2355 3259 scholarium
2418 3195 2792 3258 iuris-tarum
2857 3193 2934 3259 ab

1162 3325 1223 3369 a.
1276 3304 1452 3369 1317
1495 3303 1580 3367 ad
1622 3324 1682 3367 a.
1734 3303 1928 3367 1347.

1976 3517 2127 3583 XV.

1295 3733 1424 3798 Sub
1470 3754 1642 3798 num.
1684 3731 1842 3796 XV.
1891 3731 2290 3796 Inmcumm
2334 3731 2709 3796 Lmnontm
2757 3730 2930 3796 Onn-

1169 3860 1375 3909 vom‘m
1406 3862 1500 3907 Ex
1531 3858 1811 3907 scnsms
1843 3858 1944 3905 cn.
1977 3838 2187 3904 Sum
2220 3837 2311 3904 Μ.
2332 3838 2716 3905 Fattorinius
2744 3840 2931 3906 dedit.

1169 3951 1292 4016 Sed
1334 3952 1765 4017 documentum
1793 3952 1878 4014 sic
1908 3950 2222 4035 vulqatum
2252 3949 2599 4014 indiculum
2629 3948 2930 4014 librorum

1172 4058 1432 4124 Cervotti
1490 4080 1615 4123 non
1675 4079 1796 4123 esse
1853 4058 1927 4122 cl.
1983 4056 2284 4143 Georqius
2335 4055 2597 4121 Cur-cius
2628 4056 2930 4141 probavit.

1165 4164 1202 4245 (
1224 4165 1413 4231 Vide:
1442 4166 1583 4230 Atti
1628 4187 1663 4229 e
1708 4164 2020 4230 Memorie
2052 4164 2226 4228 della
2257 4163 2338 4228 R.
2371 4163 2816 4249 Deputazione
2865 4163 2932 4227 di

1167 4274 1383 4340 Storia
1424 4274 1651 4338 Patria
1695 4295 1813 4359 per
1871 4273 1932 4337 le
1991 4272 2334 4337 Provincie
2389 4272 2455 4336 di
2508 4271 2852 4358 Romagna
2900 4307 2928 4320 -

1162 4382 1357 4448 Anno
1403 4381 1522 4446 VI.
1571 4415 1596 4427 ·
1641 4380 1993 4464 Bononiae,
2040 4402 2115 4446 ex
2168 4380 2366 4465 Beqia
2420 4379 2931 4465 Thypoqraphia,

1161 4510 1268 4554 an.
1316 4487 2001 4573 MDOGCLXV111.‚
2043 4510 2193 4574 paq.
2244 4485 2527 4568 XXII.)
2593 4486 2931 4552 Librorum

1160 4598 1502 4683 cataloqus‚
1568 4618 1715 4682 quos
1774 4595 2085 4661 Cervottus
2146 4595 2346 4679 fratri
2403 4615 2514 4658 suo
2579 4594 2936 4660 Guillielmo

1161 4704 1433 4769 vendidit
1486 4704 1588 4769 die
1644 4701 1827 4767 VII.⁰
1861 4701 2113 4767 octobris
2152 4699 2711 4785 MCGLXXIH.,
2759 4722 2928 4785 repe·

1161 4816 1330 4879 ritur
1371 4817 1441 4878 in
1483 4811 1969 4877 Memorialibus
2012 4810 2382 4876 Communis
2421 4808 2587 4874 Bon.
2620 4811 2687 4873 in
2733 4809 2926 4873 Arch.

1158 4944 1322 4988 max.
1355 4922 1491 4987 bon.
1518 4972 1536 5006 ,
1566 4924 1637 4985 in
1679 4920 2045 4985 Memoriali
2088 4941 2153 4984 n.
2185 4920 2275 4983 23
2320 4917 2607 4983 Jacobini
2654 4917 2929 4983 Rolandi

1159 5030 1610 5116 Benviqnonis,
1657 5051 1706 5093 c.
1759 5029 1888 5092 110
1933 5049 2029 5111 r.,·
2074 5035 2128 5092 et
2178 5027 2344 5091 hunc
2389 5026 2578 5091 edidit
2623 5025 2930 5089 Aemilius

1162 5138 1393 5222 Orioli,
1426 5141 1550 5203 iur.
1590 5137 1742 5201 doct.
1764 5186 1782 5220 ,
1811 5138 1880 5200 in
1921 5135 2253 5200 Tabulario
2296 5136 2564 5198 maximo
2612 5133 2749 5197 bon.
2772 5153 2926 5218 pro·

1156 5246 1561 5328 archivarius,
1592 5247 1659 5309 in
1692 5243 2105 5329 ephemeride:
2135 5241 2194 5306 Il
2230 5241 2578 5325 fflbliofilo,
2624 5239 2925 5326 Boloym,

1151 5355 1415 5440 yennaio
1465 5352 1659 5435 1890,
1689 5372 1857 5416 anno
1889 5349 2054 5433 XL,
2086 5371 2259 5414 num.
2298 5350 2357 5432 1,
2376 5371 2526 5435 pay.
2563 5348 2679 5412 3-5
2714 5347 2813 5412 (l).

1950 5564 2135 5629 XVI.

1278 5783 1527 5847 Damus
1564 5782 1662 5846 hic
1699 5779 2056 5866 Cataloyum
2098 5780 2531 5845 Consultorum
2564 5776 2775 5842 Sancti
2808 5776 2920 5861 Of-

1146 5892 1274 5976 ficii
1320 5891 1660 5973 Bononiae,
1692 5890 1807 5975 qui
1840 5888 2107 5972 fuerunt
2135 5887 2211 5952 ab
2241 5908 2408 5951 anno
2438 5886 2517 5950 M
2521 5885 2753 5949 CCXC
2768 5884 2918 5949 VII.

1152 6021 1343 6085 usque
1386 5999 1473 6062 ad
1515 6018 1757 6062 annum
1801 5993 2045 6059 MGCG
2063 5993 2246 6079 VII.,·
2264 6001 2459 6079 prout
2489 5991 2922 6057 describuntur

1149 6110 1217 6172 in
1270 6106 1483 6171 Codice
1543 6104 2000 6169 membranaceo
2053 6105 2179 6166 iam
2225 6104 2293 6166 in
2338 6100 2603 6165 Archino
2649 6100 2921 6183 ejusdem

1150 6215 1364 6280 Sancti
1397 6212 1605 6297 Officii
1634 6211 1806 6296 apud
1836 6210 2258 6275 Predicatores
2287 6211 2357 6273 in
2398 6207 2748 6272 bononiensi
2794 6227 2921 6271 mo-

2700 665 3345 717 MONUMENTOBUM

3074 824 3360 888 vta-sterio·
3400 821 3558 887 Cum
3601 829 3806 887 autem
3860 819 4185 906 Cataloyus
4232 821 4293 884 in
4339 819 4600 884 Archino
4647 827 4847 884 vocato

3073 931 3457 996 Demaniale
3481 932 3875 1016 pervenisset,
3905 951 4071 994 anno
4105 929 4280 992 1850
4305 928 4616 1013 fratribus
4649 928 4841 994 Prae-

3074 1038 3445 1104 dicatoribus
3489 1040 3839 1104 restitutum
3887 1038 4053 1122 fuit,·
4096 1038 4202 1102 sed
4261 1036 4368 1101 ubi
4426 1038 4609 1102 lateat
4669 1039 4839 1123 iqno·

3075 1155 3279 1211 ratur.

3615 1292 3808 1355 Anno
3856 1290 4310 1356 MOOXCVII.

3197 1455 3513 1520 Dominus
3584 1454 3797 1520 Guido
3868 1455 3948 1519 de
4022 1454 4279 1536 Baisio,
4350 1453 4839 1518 archidiaconus

3067 1562 3503 1646 bononiensis,
3551 1562 3956 1627 decretorum
4004 1561 4245 1627 doctor.

3192 1670 3509 1737 Dominus
3558 1669 3887 1734 Gerardus
3932 1669 4013 1734 de
4062 1669 4507 1752 Cornazzano‚
4557 1668 4838 1734 vicarius

3066 1778 3309 1843 domini
3354 1777 3660 1865 Episcopi
3705 1777 4143 1843 bononiensis.

3188 1886 3507 1952 Dominus
3531 1885 3927 1972 Arpinellus,
3954 1885 4454 1972 archipresbiter
4477 1885 4682 1949 sancti
4713 1885 4836 1949 Pe-

3061 1994 3146 2059 tri
3190 1993 3461 2077 Majoris
3508 1992 3588 2057 de
3636 1993 3954 2058 Bononia.

3189 2102 3505 2167 Dominus
3551 2101 3896 2185 Rodulfus‚
3944 2101 4147 2165 abbas
4195 2101 4402 2166 sancti
4445 2100 4705 2165 Proculi
4753 2099 4835 2166 de

3063 2209 3384 2275 Bononia.

3188 2317 3506 2382 Dominus
3552 2317 3872 2382 Martinus
3921 2316 4303 2398 Sublimani,
4338 2315 4561 2380 doctor
4589 2315 4832 2401 legum.

3188 2424 3421 2490 Frater
3464 2424 3787 2510 Ugoliuus
3842 2422 3921 2487 de
3969 2430 4191 2488 sancto
4239 2423 4633 2504 Ambroxio,
4683 2445 4835 2509 sup-

3060 2533 3239 2619 prior
3282 2534 3348 2596 in
3396 2538 3718 2597 conventu
3765 2531 4038 2595 fratrum
4069 2530 4559 2595 Predicatorum
4592 2530 4671 2594 de
4703 2530 4834 2595 Bo-

3062 2640 3278 2705 nonia.

3183 2747 3413 2812 Frater
3460 2747 3748 2830 Gabriel,
3796 2747 4059 2833 reginus
4254 2744 4276 2906 ἓ
4399 2744 4708 2810 Lectores

3182 2855 3415 2920 Frater
3459 2855 3906 2936 Homobonus‚
3957 2854 4193 2918 bonon.
4386 2852 4449 2915 in
4500 2851 4742 2917 Ordine

3183 2964 3414 3028 Frater
3459 2963 3905 3049 Albergiptus‚
3955 2961 4190 3025 bonon.
4253 2915 4820 3044 §Predicatorum.

3184 3071 3417 3136 Frater
3462 3071 3789 3135 Mattheus
3837 3070 3916 3134 de
3965 3069 4208 3134 Ordine
4263 3068 4566 3132 Fratrum
4619 3069 4831 3134 Mino·

3060 3201 3224 3263 rum,
3273 3179 3384 3265 qui
3430 3178 3553 3243 fuit
3598 3178 3950 3264 Inquisitor
3996 3177 4449 3241 hereticorum.

3185 3287 3420 3352 Frater
3459 3285 3788 3352 Gerardus
3820 3286 3899 3350 de
3932 3285 4286 3372 Arpinellis
4317 3285 4397 3348 de
4432 3283 4674 3350 Ordine
4708 3283 4830 3348 Mi-

3061 3417 3311 3461 norum.

3183 3503 3501 3568 Dominus
3546 3502 3871 3567 Henricus
3916 3500 3996 3564 de
4045 3507 4267 3564 sancto
4317 3499 4585 3563 Miniato
4632 3497 4712 3561 de
4763 3498 4830 3561 la

3058 3611 3280 3694 Porta,
3328 3611 3551 3676 doctor
3596 3610 3844 3696 legum,
3887 3608 4093 3694 judex
4140 3617 4205 3672 et
4251 3628 4538 3671 assessor
4582 3605 4828 3669 domini

3056 3718 3331 3784 Berardi
3377 3719 3457 3783 de
3505 3717 3867 3798 Camerino,
3915 3716 4250 3803 potestatis
4295 3714 4608 3779 Bononie.

3180 3826 3497 3892 Dominus
3543 3825 4019 3890 Bonincontrus
4067 3823 4145 3888 de
4193 3821 4522 3909 Hospitali
4569 3819 4646 3884 de
4693 3820 4825 3887 Bo-

3057 3935 3273 4018 nonia,
3320 3934 3544 4000 doctor
3590 3933 4015 3998 decretorum.

3181 4042 3413 4106 Frater
3457 4041 3843 4129 Aymericus
3891 4038 4315 4126 placentinus,
4349 4036 4539 4100 Prior
4572 4035 4633 4099 in
4670 4056 4825 4099 con-

3056 4158 3253 4216 ventu
3301 4150 3604 4215 Fratrum
3649 4148 4139 4213 Predicatorum
4185 4145 4265 4209 de
4312 4145 4628 4210 Bononia.

3178 4258 3496 4323 Dominus
3541 4256 3845 4322 Julianus
3900 4253 4144 4319 domini
4191 4252 4444 4318 cambii
4491 4251 4570 4315 de
4616 4259 4831 4315 strata

3056 4365 3264 4431 sancti
3308 4364 3545 4429 Vitalis
3590 4363 3670 4427 de
3717 4362 4033 4445 Bononia,
4082 4361 4305 4426 doctor
4349 4359 4588 4444 legum.

3726 4524 4151 4591 MOOXOIX.

3178 4690 3496 4756 Dominus
3546 4689 3757 4755 Guido
3804 4688 3883 4754 de
3931 4688 4235 4770 Abaixi0‚
4282 4692 4354 4750 ut
4397 4705 4612 4771 supra.

3178 4798 3495 4863 Dominus
3540 4797 3865 4863 Marsilius
3913 4796 3992 4860 de
4032 4792 4497 4880 Mantighellis,
4531 4791 4828 4854 decreto-

3054 4927 3197 4971 rum
3243 4905 3484 4971 doctor.

3177 5014 3493 5080 Dominus
3537 5013 3871 5078 Johannes
3918 5011 3996 5075 de
4044 5010 4262 5075 Monte
4311 5008 4544 5089 Mur10‚
4594 5008 4828 5073 doctor

3053 5123 3478 5206 decretorum,
3526 5121 3750 5207 legens
3798 5127 3944 5184 actu
3991 5117 4304 5183 Bononie.

3175 5232 3406 5296 Frater
3431 5229 3813 5317 Aymericus
3844 5226 4271 5315 placentinus,
4298 5224 4560 5290 Ordinis
4588 5224 4820 5288 Predi-

3051 5348 3362 5422 catorum,
3408 5339 3609 5403 lector
3656 5336 3720 5400 in
3770 5340 4090 5400 conventu
4135 5332 4451 5397 Bononio.

3171 5447 3404 5512 Frater
3449 5444 3869 5526 Artimixius,
3912 5441 4327 5506 Guardianus
4375 5440 4441 5503 in
4487 5446 4816 5503 conventu

3047 5558 3353 5623 Fratrum
3399 5555 3743 5620 Minorum.

3170 5665 3403 5729 Frater
3433 5661 3842 5742 Lambertus‚
3867 5657 4270 5722 baccalarius
4302 5658 4367 5721 in
4401 5656 4627 5721 eodem
4660 5678 4820 5722 con-

3048 5780 3267 5838 ventu.

3171 5879 3488 5945 Dominus
3535 5877 4030 5957 Bonincontrus,
4079 5878 4150 5937 ut
4197 5893 4419 5958 supra.

3173 5988 3404 6052 Frater
3449 5985 3783 6050 Johannes
3843 5981 4246 6064 faventinus,
4279 5981 4471 6066 prior
4531 5980 4596 6043 in
4659 6001 4818 6044 con-

3047 6102 3244 6160 ventu
3291 6094 3594 6158 Fratrum
3641 6090 4125 6155 Predicatorum
4174 6087 4253 6151 de
4299 6087 4616 6151 Bononia.

3171 6200 3489 6267 Dominus
3533 6197 3989 6264 Lambertinus
4036 6196 4115 6260 de
4160 6194 4626 6281 RamponibuS.

1275 6466 1353 6531 (1)
1392 6463 1477 6515 Ibi
1504 6461 1845 6531 impresseris
1876 6462 2065 6529 lapsus
2091 6460 2330 6527 corrige:
2368 6459 2629 6508 intrantis
2656 6472 2754 6525 pro
2779 6455 3003 6506 intratis
3016 6469 3041 6518 ;
3063 6451 3276 6505 Suum
3302 6449 3540 6502 Con1c1s
3567 6449 3626 6498 in
3651 6449 3771 6499 iure
3790 6448 4062 6511 canonico,
4088 6462 4187 6515 pro
4214 6443 4424 6496 Smnu
4459 6442 4776 6495 Gom-‘unm
4800 6462 4818 6511 ς

1145 6555 1561 6606 adovacatorum
1602 6567 1698 6620 pro
1737 6550 2150 6614 adwcatorum;
2186 6553 2241 6601 et
2279 6547 2372 6600 ubi
2410 6547 2610 6616 legitur
2662 6545 2928 6609 Vincentii
2961 6544 3025 6595 de
3068 6558 3155 6607 re,
3194 6541 3453 6609 adiunge:
3503 6538 3764 6603 militari,
3803 6541 3859 6590 et
3905 6536 4244 6603 Naximpace
4292 6544 4416 6586 uno·
4446 6533 4612 6585 verbo
4663 6533 4816 6602 lege.
