5542 7775
1236 630 1269 699 1
1286 631 1329 700 4
1341 631 1383 701 8
2808 653 3290 704 MonnMEN'rA

1436 808 1569 880 Die
1627 808 1940 881 secunda
1988 808 2307 903 januarii
2363 809 2619 881 iterum
2678 809 3060 883 Thadaeus
3118 811 3204 883 de
3262 810 3551 909 Pepulis
3607 836 3763 884 cum
3823 811 4198 906 nonnullis,
4251 812 4371 908 qui
4429 814 4868 886 vocabantur

1219 933 1614 1030 Sapientes,
1656 933 1728 1004 in
1786 956 2079 1005 numero
2137 930 2343 1005 CCC.
2387 942 2458 1004 et
2514 932 2708 1005 ultra
2747 958 2876 1030 pro
2934 934 3417 1007 moderatione
3466 934 3961 1031 capitulorum,
4003 934 4470 1033 apostolicum
4508 934 4866 1008 Nuncium

1225 1058 1719 1155 requisiverat.
1783 1058 1884 1130 At
1940 1057 2124 1130 idem
2182 1058 2506 1131 Nuncius
2580 1067 3018 1155 protestatus
3088 1059 3264 1154 fuit,
3325 1058 3506 1134 velle
3582 1060 3864 1133 omnino
3934 1084 4174 1133 coram
4243 1060 4343 1133 eis
4400 1059 4712 1158 capitula
4786 1085 4871 1133 ac

1221 1184 1464 1257 literas
1521 1182 1947 1279 apostolicas
2005 1181 2394 1279 perlegere,
2439 1194 2517 1256 ut
2575 1183 2823 1257 eadem
2884 1185 3120 1258 omnia
3168 1186 3384 1281 juxta
3441 1195 3792 1259 conventa
3851 1185 4398 1259 ratificarentur.
4439 1185 4628 1258 Hinc
4687 1186 4872 1258 inter

1220 1309 1505 1381 eosdem
1565 1308 1936 1405 Sapientes
1993 1309 2314 1406 pluribus
2370 1311 2815 1383 sermonibus
2874 1320 2944 1383 et
2993 1312 3489 1407 congressibus
3526 1310 3811 1407 habitis,
3855 1310 4142 1383 tandem
4181 1311 4271 1382 ab
4311 1310 4412 1383 eis
4451 1334 4869 1407 responsum

1225 1435 1437 1508 datur
1496 1435 1684 1531 quod
1742 1458 1903 1506 cum
1949 1435 2101 1531 jam
2159 1434 2290 1507 sibi
2346 1435 2518 1532 ipsis
2575 1436 2943 1532 praedicta
3000 1435 3308 1535 capitula
3367 1438 3924 1533 innotescerent,
3985 1435 4234 1508 eadem
4292 1435 4481 1507 haud
4537 1435 4688 1508 fore
4745 1459 4870 1507 au·

1221 1562 1509 1656 ditores,
1571 1559 1934 1656 multoque
1990 1559 2222 1633 minus
2281 1570 2723 1658 accepturOS,
2765 1562 2902 1634 nisi
2958 1562 3166 1635 factis
3223 1563 3645 1658 quibusdam
3703 1561 4328 1653 moderationibus,
4380 1561 4530 1633 sine
4588 1560 4866 1656 quibuS,

1221 1694 1299 1758 ut
1356 1686 1489 1783 ipsi
1548 1685 1878 1781 ajebant,
1941 1685 2127 1757 dieta
2186 1686 2694 1781 reconciliatio,
2742 1710 2931 1783 pax,
2987 1710 3104 1758 seu
3164 1687 3531 1759 eoncordia
3609 1687 3752 1759 dici
3809 1692 4087 1784 poterat
4149 1687 4390 1783 potius
4460 1685 4868 1782 desperatio,

1222 1814 1335 1883 Ac
1392 1811 1679 1883 tandem
1737 1811 1811 1882 in
1867 1810 2116 1883 eadem
2173 1810 2629 1907 quamplures
2687 1810 3039 1884 clausulas
3096 1812 3441 1885 contineri
3498 1838 3541 1886 a
3597 1811 4095 1884 Cardinalibus
4149 1819 4221 1884 et
4277 1812 4366 1884 ab
4427 1810 4676 1883 eodem
4731 1809 4871 1881 Le-

1222 1946 1390 2033 gato
1448 1937 1736 2010 ostiensi
1795 1946 1953 2034 post
2011 1936 2204 2009 sacta
2259 1936 2571 2034 capitula
2627 1937 3026 2034 adjunctas,
3066 1938 3166 2010 ita
3224 1947 3303 2010 ut
3360 1962 3645 2011 necesse
3693 1938 3878 2011 foret
3929 1936 4290 2009 Nuncium
4329 1936 4870 2009 reformationes

1223 2062 1587 2136 obtinendi
1623 2063 1858 2156 gratia
1896 2061 2161 2134 rediret
2200 2062 2289 2134 ad
2331 2061 2643 2158 Curiam,
2678 2063 3004 2135 addendo
3045 2065 3257 2155 (sunt
3294 2062 3846 2136 Bononiensium
3887 2064 4137 2156 verba)
4176 2062 4359 2159 quod
4396 2060 4870 2155 mirabantur,

1223 2188 1407 2284 qnod
1460 2187 1693 2259 adhue
1749 2194 2024 2259 tantam
2084 2187 2454 2259 Bononiae
2510 2195 2930 2261 moraretur.
2990 2186 3193 2261 Tunc
3249 2187 3572 2261 Nuncius
3628 2187 3774 2261 alta
3831 2211 4004 2260 voce
4063 2194 4499 2285 protestatus
4554 2185 4689 2258 fuit
4745 2209 4873 2282 per

1223 2313 1454 2409 ipsum
1510 2336 1653 2384 non
1708 2320 1898 2384 stare
1957 2311 2330 2407 quominus
2385 2313 2816 2385 concordata
2873 2311 3186 2409 capitula
3241 2337 3381 2385 non
3438 2320 3983 2409 exequerentur.

1438 2438 1571 2510 Die
1628 2436 1836 2510 lunae
1895 2446 2153 2533 quarta
2199 2437 2513 2532 januarii
2570 2437 2913 2534 nonnulli,
2956 2437 3104 2510 sere
3147 2438 3422 2534 viginti,
3467 2438 3946 2511 Antianorum
4002 2446 4074 2510 et
4127 2436 4704 2509 Consiliariorum
4745 2435 4871 2507 bo-

1224 2563 1665 2636 noniensium
1723 2563 1816 2635 ad
1873 2562 2159 2635 domum
2216 2563 2629 2635 monasterii
2686 2563 2916 2635 sancti
2974 2563 3367 2637 Salvatoris
3405 2563 3792 2657 Bononiae,
3835 2563 3906 2634 in
3944 2588 4085 2659 qua
4124 2561 4448 2634 Nuncius
4487 2561 4869 2654 residebat,

1221 2696 1589 2781 venerant,
1633 2696 1919 2759 orantes
1978 2712 2140 2759 eum
2195 2697 2275 2759 ut
2334 2688 2599 2760 rediret
2651 2689 2743 2760 ad
2795 2687 3085 2762 Curiam
3145 2714 3272 2786 pro
3329 2689 3831 2761 reformatione
3890 2686 4298 2782 obtinenda,
4339 2687 4598 2758 iterum
4643 2684 4868 2758 admi-

1226 2823 1467 2886 rantes
1525 2837 1687 2885 eum
1744 2836 2021 2908 quoque
2080 2813 2153 2884 in
2206 2812 2497 2884 civitate
2556 2814 2843 2909 morari,
2896 2823 2967 2886 et
3023 2822 3503 2912 protestantes
3560 2838 3946 2910 numquam
4005 2811 4330 2909 praefata
4387 2810 4700 2909 capitula
4753 2833 4871 2882 ra-

1224 2939 1516 3037 tificare.
1576 2937 1711 3009 IIis
1769 2961 2047 3033 quoque
2106 2936 2429 3010 Nuncius
2486 2939 2852 3034 respondit
2898 2939 3114 3035 juxta
3170 2948 3520 3011 conventa
3574 2939 3927 3034 agendum
3987 2962 4162 3011 esse.

1438 3063 1570 3135 Die
1629 3070 1836 3134 sexta
1883 3063 2199 3157 januarii
2255 3063 2444 3135 idem
2500 3063 2824 3135 Nuncius
2882 3063 3313 3161 apostolicus
3369 3089 3443 3136 se
3500 3063 3798 3137 contulit
3856 3064 3945 3136 ad
4006 3062 4347 3161 palatium
4389 3069 4595 3134 vetus
4633 3061 4872 3134 Bono-

1226 3189 1408 3284 niae,
1470 3190 1538 3260 in
1599 3213 1738 3284 quo
1787 3188 1907 3282 jus
1965 3187 2419 3283 reddebatur,
2481 3213 2564 3260 ac
2620 3188 2741 3261 ubi
2801 3189 3098 3261 Antiani
3156 3197 3225 3261 et
3283 3187 3599 3286 Populus
3656 3213 3798 3261 una
3854 3213 4014 3259 cum
4071 3187 4434 3280 Thadaeo,
4475 3186 4870 3279 Potestate,

1226 3314 1686 3406 Consiliariis,
1731 3312 2184 3410 Sapientibus
2223 3337 2306 3383 ac
2362 3312 2814 3385 multitudine
2873 3312 3198 3411 populari
3255 3338 3476 3409 usque
3533 3314 3623 3387 ad
3673 3313 3812 3386 tria
3850 3311 4092 3407 millia,
4135 3312 4390 3384 iterum
4432 3318 4870 3409 protestatus

1226 3440 1359 3512 fuit
1416 3439 1682 3511 eisdem
1738 3436 1975 3532 legere
2035 3436 2278 3509 literas
2335 3437 2759 3533 apostolicas
2818 3448 2967 3510 tum
3026 3438 3158 3511 sibi
3215 3463 3344 3536 pro
3402 3439 3820 3512 executione
3872 3435 4344 3535 capitulorum
4392 3443 4546 3508 tum
4596 3434 4872 3533 Populo

1226 3565 1536 3639 civitatis
1591 3563 2001 3662 praedictae
2059 3563 2405 3659 directas,
2467 3572 2542 3635 at
2596 3563 2964 3659 inutiliter,
3025 3566 3187 3637 cum
3242 3566 3304 3637 ei
3365 3573 3641 3637 tantum
3699 3565 3892 3637 facta
3947 3562 4161 3635 fuerit
4218 3570 4536 3659 potestas
4590 3561 4874 3657 legendi

1226 3692 1604 3763 dumtaxat
1661 3713 1878 3761 unam
1935 3714 2025 3761 ex
2084 3688 2308 3761 literis
2364 3687 2770 3785 apostolicis
2827 3690 2958 3762 sub
3018 3690 3261 3763 datum
3317 3689 3676 3762 Avenioni
3733 3689 4043 3762 secundo
4099 3689 4257 3760 idus
4315 3687 4646 3781 octobris,
4695 3710 4871 3783 pon-

1222 3816 1531 3890 tificatus
1571 3815 1942 3888 Benedicti
1982 3814 2202 3910 XII.,
2248 3813 2475 3887 eidem
2536 3812 2911 3888 Communi
2968 3823 3041 3889 et
3095 3815 3370 3913 Populo
3427 3815 3737 3889 civitatis
3795 3816 4161 3911 directam,
4205 3814 4277 3887 in
4316 3838 4458 3912 qua
4496 3813 4872 3886 dumtaxat

1226 3943 1295 4014 in
1352 3967 1612 4036 genere
1670 3942 1934 4036 agebat
1989 3941 2076 4013 de
2133 3940 2603 4012 ratificatione
2661 3941 3136 4038 capitulorum
3191 3941 3379 4014 infra
3433 3941 3889 4014 medietatem
3945 3942 4228 4013 futurae
4287 3939 4870 4036 quadragesimae

1226 4067 1665 4162 faciendam,
1728 4066 1968 4139 taliter
2024 4074 2104 4137 ut
2163 4064 2563 4138 Consiliarii
2620 4091 2865 4139 omnes
2924 4076 3258 4140 vetarunt
3321 4092 3410 4140 ne
3483 4065 3663 4140 aliae
3722 4065 3969 4140 literae
4005 4060 4459 4163 ¹apostolicae
4515 4063 4647 4136 sibi
4701 4062 4872 4160 ipsis

1231 4192 1661 4288 legerentur.

1440 4317 1713 4405 Quibus
1771 4315 2030 4388 auditis
2068 4316 2392 4390 Nuncius
2433 4327 2874 4415 protestatus
2912 4318 3047 4391 suit
3086 4326 3418 4416 paratum
3457 4325 3610 4391 esse
3649 4317 3885 4412 legere
3923 4316 4099 4390 alias
4138 4314 4564 4413 apostolicas
4602 4313 4867 4407 literas,

1228 4441 1609 4515 dummodo
1668 4450 2020 4514 conventa
2087 4467 2248 4513 cum
2305 4429 2970 4516 Ambasciatoribus
3038 4444 3589 4516 bononiensibus
3657 4450 4225 4540 acceptarentur,
4285 4439 4611 4513 addendo
4684 4438 4872 4535 ipsos

1227 4567 1508 4640 interim
1568 4591 1773 4664 posse
1831 4591 2007 4665 pure
2064 4576 2136 4639 et
2192 4566 2604 4664 simpliciter
2658 4569 2987 4665 praefata
3051 4567 3364 4666 capitula
3437 4577 3845 4665 acceptare,
3905 4576 3976 4640 et
4050 4567 4237 4663 quod
4314 4564 4566 4637 deinde
4643 4562 4872 4636 acturi

1226 4701 1436 4766 erunt
1492 4717 1620 4789 pro
1676 4693 2140 4786 abrogatione
2199 4717 2467 4787 eorum,
2529 4717 2710 4789 quae
2768 4693 3243 4766 intolerabilia
3298 4693 3448 4766 fore
3506 4694 4066 4788 exaggerabant.

1441 4818 1577 4889 His
1633 4817 1834 4912 actis,
1897 4816 2214 4889 nonnulli
2272 4818 2358 4890 de
2417 4816 2729 4890 Consilio
2789 4826 2860 4890 et
2913 4818 3329 4915 praesertim
3390 4827 3710 4891 oratores
3765 4818 3977 4890 iidem
4026 4817 4146 4914 qui
4199 4815 4528 4913 praefata
4564 4812 4875 4911 capitula

1216 4944 1644 5040 juraverant
1700 4951 1771 5015 et
1828 4943 2241 5015 eorumdem
2295 4942 2842 5016 ratificationem
2900 4944 3397 5040 promiserant,
3457 4943 3644 5016 inter
3700 4951 3984 5016 caetera
4040 4942 4374 5014 dixerunt
4432 4940 4645 5036 quod,
4703 4964 4873 5035 que-

1226 5068 1680 5140 madmodum
1738 5067 1943 5165 Papa
1998 5068 2423 5165 promiserat
2482 5068 2605 5164 eiS,
2655 5068 3031 5165 providere
3088 5067 3269 5141 velle
3338 5069 3425 5142 de
3500 5066 3855 5141 nonnullis
3911 5065 4278 5164 capituliS,
4340 5066 4439 5138 ita
4496 5063 4871 5137 ratificatio

1226 5193 1425 5289 sequi
1481 5192 1675 5265 haud
1732 5192 2046 5288 deberet,
2107 5192 2241 5265 nisi
2300 5193 2495 5290 prius
2552 5193 3095 5266 reformationes
3153 5193 3692 5291 praecesserint.

1441 5318 1654 5390 Alter
1711 5342 1881 5390 vero
1940 5317 2404 5391 Consiliarius
2462 5342 2587 5390 seu
2646 5319 3008 5391 Antianus
3061 5319 3343 5391 nomine
3401 5318 3741 5391 Ferrinus
3799 5319 3886 5390 de
3944 5316 4313 5411 Gallutiis,
4365 5313 4589 5410 miles,
4649 5314 4867 5386 dixit:

1226 5443 1428 5535 Quod
1486 5444 1672 5515 nihil
1728 5445 2066 5515 intererat
2122 5443 2397 5515 domini
2452 5446 2676 5516 nostri
2735 5443 2999 5541 Papae,
3041 5468 3162 5516 nee
3217 5444 3497 5541 aliquid
3547 5445 3782 5539 facere
3837 5442 4131 5515 habebat
4185 5465 4393 5538 super
4429 5440 4651 5536 officio
4697 5437 4871 5512 Gon-

1221 5570 1597 5642 ·servatoris
1620 5568 2000 5666 praedicti,
2044 5569 2329 5666 ideoque
2374 5568 2790 5642 Thadaeum
2851 5594 2896 5642 a
2945 5567 3458 5642 Communitate
3509 5570 3782 5664 factum
3838 5569 3937 5642 ad
3991 5571 4231 5663 vitam,
4269 5574 4330 5640 et
4378 5568 4642 5640 durare
4687 5563 4874 5636 debet

1224 5697 1303 5766 in
1361 5694 1543 5767 dieto
1600 5695 1846 5790 officio,
1908 5693 2290 5766 Thadaeus
2347 5702 2586 5767 autem
2648 5695 2734 5767 de
2793 5694 3107 5792 Pepulis,
3151 5703 3299 5768 tam
3356 5696 3636 5768 nomine
3694 5719 3821 5767 suo
3880 5719 4089 5791 quam
4149 5694 4381 5767 dictae
4440 5691 4749 5765 civitatis
4801 5699 4873 5763 et

1225 5819 1662 5915 CommuniS,
1705 5820 1965 5891 iterum
2022 5828 2459 5916 protestatus
2516 5820 2650 5892 suit
2707 5844 3074 5917 nunquam
3130 5820 3650 5893 ratificaturum
3707 5819 4074 5917 praedicta
4131 5817 4467 5917 capitula,
4511 5817 4645 5891 nisi
4683 5817 4874 5914 prius

1223 5945 1776 6040 corrigerentur,
1819 5969 2043 6041 eoque
2093 5945 2320 6040 magis
2373 5945 2540 6041 quia
2597 5946 3010 6041 syndicatus
3068 5946 3303 6018 factus
3359 5970 3487 6043 per
3545 5945 4108 6018 Universitatem
4164 5945 4236 6016 in
4293 5968 4670 6041 personam
4727 5942 4873 6014 Ro-

1222 6070 1417 6142 landi
1472 6070 1558 6142 de
1616 6070 1675 6141 F
1680 6070 1975 6143 antutiis
2032 6069 2226 6143 nulla
2283 6070 2557 6142 roboris
2616 6070 3026 6143 firmitatem
3081 6071 3418 6166 haberet,
3481 6094 3640 6142 cum
3699 6079 3868 6142 tunc
3926 6095 3968 6142 a
4024 6069 4307 6142 domino
4367 6069 4566 6166 Papa
4623 6067 4872 6140 civitas

1224 6195 1474 6268 eadem
1530 6194 1896 6268 Bononiae
1955 6193 2503 6269 Communitatis
2577 6205 2647 6268 et
2721 6195 3230 6270 Universitatis
3281 6195 3821 6293 ‘praerogativis
3896 6194 4174 6292 privata
4246 6194 4502 6289 fuerit,
4563 6194 4871 6266 instante

1223 6345 1505 6418 quoque
1565 6329 1642 6393 ut
1697 6319 2025 6394 Nuncius
2082 6321 2447 6395 celerrime
2507 6346 2635 6419 pro
2694 6321 3132 6394 correctione
3191 6320 3666 6419 capitulorum
3722 6321 3812 6393 ad
3867 6321 4136 6418 Papam
4181 6320 4477 6416 rediret,
4518 6319 4628 6391 his
4668 6317 4872 6391 dictis

1221 6446 1545 6542 gentium
1599 6444 2055 6520 multitudine
2113 6447 2185 6519 in
2233 6447 2539 6521 clamore
2579 6447 3024 6544 approbante
3066 6446 3386 6520 Thadaei
3425 6446 3955 6545 responsionem
3995 6455 4065 6518 et
4105 6445 4558 6518 nihilominus
4597 6467 4876 6541 semper

1223 6571 1714 6645 conclamante
1774 6597 1899 6670 pro
1957 6572 2477 6645 modificatione
2538 6571 3007 6670 capitulorum
3068 6572 3514 6646 Avenionem
3575 6572 3937 6646 accedere.
