5542 7775
1211 600 1243 669 1
1263 601 1305 669 6
2775 618 3256 669 MONUMENTA

1195 775 1564 858 juramento
1596 781 1903 861 ponatur3
1939 773 2256 855 videlicet,
2286 773 2453 859 quod
2490 795 2613 836 non
2649 772 2895 838 dabunt
2929 768 3192 859 op‘eram
3226 781 3294 837 ut
3322 773 3618 838 Studium
3651 774 3734 838 ad
3767 773 3978 839 locum
4012 774 4210 838 alium
4236 774 4683 856 transferatur,
4715 797 4830 839 nec

1203 881 1503 967 cuiquam
1544 881 1824 947 scholari
1864 881 2221 967 precipient
2265 888 2336 944 ut
2383 880 2594 965 gratia
2642 880 2839 965 studij
2888 880 3196 945 abscedat
3242 902 3280 944 a
3327 881 3586 945 civitate
3629 881 3917 967 predicta
3963 888 4027 945 et
4075 902 4423 967 numquam
4463 882 4833 967 hujusmodi

1202 989 1543 1053 mutabunt
1598 988 1951 1075 capitulum
1999 1010 2144 1053 cum
2193 988 2459 1052 consilio
2514 988 2616 1052 vel
2666 988 2805 1052 sine
2853 988 3118 1052 consilio
3167 987 3572 1070 eorumdem3
3622 1009 3696 1053 ac
3743 988 3798 1052 si
3845 988 4077 1074 aliquis
4124 988 4594 1073 contrafecerit,
4643 991 4832 1057 modo

1201 1096 1395 1161 simili
1442 1097 1787 1161 banniatur
1833 1103 1897 1160 et
1941 1096 2113 1161 bona
2160 1095 2569 1183 publicentur
2616 1096 2837 1182 ipsius.
2887 1096 3183 1184 Potestas
3232 1118 3484 1182 quoque
3533 1097 3703 1161 infra
3748 1096 3908 1163 duos
3957 1119 4207 1161 menses
4255 1098 4337 1162 ab
4386 1097 4681 1184 ingressu
4731 1100 4832 1164 sui

1201 1204 1531 1291 regiminis
1577 1211 1874 1268 teneatur
1919 1203 2281 1289 predictum
2325 1203 2679 1289 capitulum
2719 1204 2930 1288 jurari
2976 1203 3190 1268 facere
3239 1225 3279 1268 a
3323 1204 3708 1269 Rectoribus
3754 1205 4165 1289 scholarium,
4200 1205 4394 1291 siqui
4432 1206 4692 1290 fuerint,
4725 1207 4831 1270 vel

1200 1311 1370 1375 infra
1416 1311 1779 1398 quindecim
1826 1310 1961 1377 dies
2009 1334 2095 1376 ex
2135 1333 2260 1397 quo
2309 1311 2643 1375 extiterint
2686 1320 2968 1377 rectores
3016 1312 3205 1377 electi
3250 1319 3314 1376 et
3362 1313 3426 1376 in
3474 1313 3852 1377 societatum
3899 1314 4292 1378 scholarium
4338 1315 4593 1400 scriptis
4641 1314 4824 1401 poni,

1199 1441 1319 1484 nec
1364 1419 1694 1505 permittat
1739 1418 2200 1484 bononiensem
2248 1419 2566 1504 aliquem,
2602 1419 2702 1484 vel
2751 1427 3169 1502 extraneum,
3222 1419 3343 1484 nisi
3390 1420 3595 1506 primo
3637 1421 3956 1504 juraverit
4002 1422 4173 1507 quod
4227 1443 4355 1486 non
4409 1422 4582 1507 leget
4637 1423 4826 1504 alibi,

1198 1527 1779 1592 extraordinariam
1827 1527 2111 1614 aliquam
2158 1527 2376 1612 legere
2423 1527 2784 1593 lectionem.
2818 1526 3008 1592 Unde
3056 1549 3138 1592 ex
3185 1528 3267 1613 ijs
3314 1528 3584 1593 dilectus
3630 1528 3798 1592 filius
3846 1529 4078 1593 nobilis
4131 1530 4231 1593 vir
4277 1529 4700 1614 W[ilielmus]
4748 1531 4828 1596 de

1194 1633 1516 1717 Pusterla,
1548 1634 1848 1699 Potestas
1882 1641 2118 1717 vestra,
2153 1634 2488 1699 occasione
2536 1641 2888 1721 assumpta,
2923 1634 2988 1697 in
3021 1656 3131 1698 eos
3164 1635 3516 1699 indebitam
3542 1634 4054 1719 jurisdictionem
4088 1658 4427 1724 usurpans,
4461 1638 4828 1705 libertatem

1196 1742 1482 1829 ipsorum
1529 1742 1880 1827 infringere
1928 1742 2153 1806 nititur
2198 1750 2263 1806 et
2304 1748 2527 1807 contra
2558 1741 2873 1824 eamdem,
2908 1748 3207 1828 pretextu
3241 1742 3523 1828 ipsorum
3555 1764 3670 1828 pro
3704 1763 3976 1829 quorum
4009 1744 4459 1810 observatione
4494 1748 4724 1812 asserit
4756 1770 4825 1812 se

1189 1851 1466 1935 jurasse,
1500 1851 1644 1915 illos
1684 1851 1749 1915 in
1780 1850 2073 1936 pluribus
2106 1869 2489 1936 aggravare.
2522 1848 2769 1914 Verum
2804 1849 2956 1934 quia
2998 1848 3256 1914 Statuta
3295 1849 3662 1934 hujusmodi
3695 1850 4123 1936 proculdubio
4157 1860 4307 1916 sunt
4340 1852 4562 1939 iniqua
4593 1862 4657 1919 et
4690 1877 4825 1920 ma·

1194 1958 1426 2023 nifeste
1459 1958 1723 2023 obviant
1768 1957 2148 2022 scholastice
2195 1957 2500 2039 libertati,
2536 1964 2599 2021 et
2624 1958 3066 2042 juramentum
3098 1979 3291 2043 super
3324 1958 3772 2021 observatione
3807 1958 4092 2043 ipsorum
4124 1961 4465 2045 prestitum
4498 1983 4624 2027 non
4659 1985 4823 2047 esse,

1191 2073 1413 2153 utpote
1460 2066 1775 2149 illicitum,
1810 2065 2307 2149 observandum,
2342 2087 2488 2130 cum
2535 2087 2649 2130 nec
2690 2065 3007 2150 judicium
3041 2066 3297 2148 habeat,
3333 2086 3449 2130 nec
3474 2057 3817 2150 justitiam,
3852 2066 4149 2131 eumdem
4193 2067 4654 2154 W[ilielmum]
4687 2094 4823 2137 mo-

1194 2174 1477 2238 nendum
1516 2173 1817 2238 duximus
1865 2179 1929 2238 et
1976 2174 2384 2254 hortandum,
2420 2173 2788 2259 apostolicis
2837 2173 2959 2237 sibi
3007 2172 3233 2237 dantes
3281 2174 3482 2238 literis
3532 2174 3594 2238 in
3638 2175 3976 2261 preceptis,
4011 2183 4082 2238 ut
4129 2175 4455 2241 scholares
4500 2178 4822 2264 predictos

1194 2281 1417 2347 contra
1463 2282 1830 2347 libertatem
1876 2283 2188 2347 hactenus
2226 2282 2519 2347 habitam
2558 2282 2894 2346 occasione
2929 2281 3330 2346 Statutorum
3363 2282 3668 2368 ipsorum,
3703 2305 3826 2369 que
3875 2283 4053 2347 velut
4100 2283 4322 2370 iniqua
4369 2284 4670 2351 duximus
4719 2310 4819 2353 re·

1191 2388 1561 2476 probanda,
1610 2389 1690 2454 de
1737 2397 1950 2455 cetero
2008 2411 2138 2454 non
2200 2389 2497 2453 molestet
2555 2389 2922 2453 libertatem
2978 2389 3269 2452 eamdem
3332 2388 3520 2454 modo
3584 2391 3871 2476 quolibet
3919 2391 4361 2477 infringendo,
4412 2401 4483 2456 ut
4538 2395 4824 2461 studium

1193 2518 1415 2562 eorum
1462 2496 1759 2583 impediri
1805 2518 1932 2562 non
1981 2497 2208 2583 possit,
2245 2495 2359 2560 sed
2406 2496 2618 2582 potius
2664 2496 2891 2560 floreat
2935 2496 3018 2559 ad
3065 2495 3188 2560 Dei
3236 2495 3545 2561 honorem
3584 2518 3658 2560 ac
3694 2496 4054 2583 profectum
4085 2498 4507 2582 studentium,
4543 2523 4660 2566 nec
4695 2523 4822 2568 non

1194 2605 1277 2668 ad
1324 2604 1524 2691 ipsius
1571 2604 1846 2691 gloriam
1894 2604 2191 2685 civitatis,
2226 2625 2306 2667 ne
2354 2604 2407 2667 si
2455 2625 2639 2668 secus
2672 2610 2990 2667 attentare
3023 2604 3504 2690 presumpserit,
3540 2603 3674 2670 Nos
3708 2627 3901 2692 super
3933 2606 4052 2670 hoc
4086 2627 4396 2693 cogamur
4429 2609 4600 2673 aliud
4646 2612 4820 2695 cogi·

1190 2718 1351 2776 tare.
1386 2711 1703 2786 Quocirca
1736 2711 2243 2776 Universitatem
2276 2717 2555 2776 vestram
2590 2731 2922 2774 monemus
2954 2717 3019 2774 et
3050 2710 3468 2775 exhortamur
3501 2719 3765 2794 attente,
3803 2720 4141 2799 quatenus,
4176 2715 4598 2780 consideratis
4645 2718 4819 2781 utili·

1190 2819 1432 2884 tatibus
1479 2826 1544 2884 et
1586 2819 1830 2884 honore
1878 2841 1962 2883 ex
2007 2818 2407 2883 scholaribus
2455 2817 2638 2882 vobis
2687 2825 2751 2881 et
2798 2817 3042 2882 civitati
3089 2825 3300 2883 vestre
3350 2819 3895 2904 provenientibus,
3933 2821 4104 2907 ipsos
4152 2821 4487 2887 charitatis
4534 2824 4820 2910 brachijs

1192 2926 1651 3013 amplexemini
1684 2932 1747 2990 et
1780 2933 2080 3012 pretextu
2124 2924 2525 2990 Statutorum
2573 2925 2875 3011 ipsorum,
2913 2946 3036 3011 que
3084 2925 3354 2990 dicenda
3400 2934 3549 2990 sunt
3595 2928 3808 3013 potius
3842 2928 4168 3011 destituta,
4202 2937 4425 2994 contra
4457 2930 4823 2997 libertatem

1192 3034 1526 3120 antiquam
1572 3039 1638 3097 et
1683 3033 1973 3097 habitam
2021 3033 2351 3116 hactenus,
2388 3033 2559 3119 ipsos
2606 3033 2975 3097 nullatenus
3023 3033 3394 3117 molestetis,
3433 3055 3551 3099 nec
3597 3034 3850 3099 faciatis
3897 3057 4013 3122 per
4055 3035 4456 3102 Potestatem
4503 3038 4817 3123 eamdem,

1193 3141 1461 3206 remisso
1508 3141 1632 3205 sibi
1673 3140 2043 3224 juramento
2089 3139 2399 3226 predictO,
2433 3140 2512 3204 de
2559 3147 2771 3204 cetero
2807 3140 3154 3224 molestari,
3188 3141 3630 3227 permittentes
3670 3141 3928 3206 eosdem
3961 3143 4151 3207 solita
4181 3143 4479 3209 libertate
4513 3145 4817 3231 gaudere,

1189 3257 1259 3312 ut
1299 3249 1514 3334 quieto
1563 3250 1777 3315 animo
1827 3249 2073 3335 possint
2121 3248 2413 3312 inherere
2455 3247 2854 3312 scholasticis
2903 3247 3258 3334 disciplinis
3305 3257 3369 3312 et
3415 3248 3550 3313 Nos
3597 3248 4005 3315 devotionem
4051 3259 4337 3315 vestram
4387 3254 4705 3339 possimus
4754 3254 4819 3318 in

1189 3355 1468 3422 Domino
1499 3356 1978 3438 commendare3
2015 3376 2093 3420 ne
2126 3355 2182 3419 si
2213 3377 2397 3419 secus
2430 3355 2712 3440 egeritis,
2747 3355 2920 3443 quod
2951 3378 3081 3421 non
3112 3355 3457 3438 credimus,
3492 3363 3715 3421 contra
3746 3357 4145 3423 voluntatem
4178 3367 4466 3424 nostram
4500 3381 4810 3446 cogamur

1189 3463 1425 3529 faciem
1470 3470 1758 3529 nostram
1804 3463 1987 3528 vobis
2035 3462 2372 3527 ostendere
2421 3461 2766 3530 duriorem.

1367 3570 1611 3636 Datum
1656 3570 1937 3656 Viterbij
1984 3570 2175 3634 VIII.
2226 3569 2367 3634 idus
2416 3570 2658 3656 aprilis,
2707 3570 3129 3635 Pontificatus
3176 3570 3378 3635 nostri
3423 3591 3592 3635 anno
3646 3579 3896 3656 quart0.

2949 3982 3066 4047 vr.

2746 4201 2949 4282 1220,
3003 4199 3086 4263 13
3131 4201 3277 4264 mai.

2459 4413 2564 4478 Ex
2610 4413 2838 4478 eodem
2885 4419 3086 4497 tomo,
3137 4435 3311 4478 num.
3360 4414 3548 4478 XIX.

1766 4630 1813 4713 [
1834 4627 1907 4692 Ut
1952 4627 2339 4693 bononienses
2381 4628 2468 4692 ad
2510 4627 2868 4714 abroqanda
2907 4628 3226 4712 praedicta
3274 4627 3518 4693 Statuta
3563 4631 3675 4693 cito
3721 4631 4164 4715 compellantur
4169 4629 4236 4713 J.

1375 4845 1701 4910 Honorius
1746 4844 1973 4908 III.(1)
2018 4843 2337 4910 Potestati
2382 4849 2447 4908 et
2493 4843 2744 4930 Populo
2793 4843 3193 4908 bononiensi.

1371 4952 1642 5017 Statutis
1688 4949 1967 5017 civitatis
2014 4958 2226 5016 vestre
2273 4951 2461 5015 factis
2508 4957 2730 5016 contra
2763 4951 3090 5015 scholares
3124 4951 3278 5016 olim
3313 4952 3493 5016 nobis
3523 4952 3853 5034 exhibitis,
3889 4952 4005 5015 tibi
4036 4952 4127 5016 fili
4158 4953 4478 5035 Potestas,
4514 4953 4811 5020 dedimus

1192 5060 1257 5124 in
1306 5060 1664 5147 preceptis,
1712 5066 1782 5124 ut
1828 5059 2155 5124 scholares
2215 5057 2539 5145 predictos
2601 5064 2827 5122 contra
2884 5057 3253 5122 libertatem
3313 5058 3622 5123 hactenus
3678 5060 3969 5124 habitam
4026 5061 4361 5126 occasione
4410 5061 4813 5126 Statutorum

1190 5169 1511 5256 ipsorum,
1560 5189 1683 5254 que
1731 5168 1911 5232 velut
1953 5167 2176 5254 iniqua
2222 5165 2523 5230 duximus
2570 5165 3010 5252 reprobanda,
3059 5165 3139 5229 de
3188 5172 3400 5231 cetero
3448 5165 3628 5250 [non]
3676 5167 4051 5233 molestares
4102 5168 4466 5234 libertatem
4520 5169 4812 5234 eamdem

1191 5276 1672 5363 quomodolibet
1715 5275 2160 5361 infringendo,
2208 5274 2716 5339 Universitatem
2761 5280 3047 5338 vestram
3092 5274 3507 5339 nihilominus
3553 5275 3993 5359 exhortantes,
4041 5283 4133 5359 ut,
4175 5276 4592 5341 consideratis
4639 5278 4813 5341 utili·

1187 5385 1451 5467 tatibus,
1486 5391 1551 5449 et
1596 5384 1838 5449 honore
1885 5382 2411 5470 provenientibus
2457 5382 2640 5447 vobis
2689 5403 2773 5445 ex
2820 5381 3222 5447 scholaribus
3272 5383 3445 5469 ipsis,
3479 5405 3596 5469 per
3644 5382 3903 5448 Statuta
3944 5383 4317 5467 hujusmodi
4349 5406 4474 5448 non
4507 5383 4811 5449 molesta-

1188 5492 1343 5558 retis
1403 5491 1701 5575 eosdem,
1748 5511 1867 5556 nec
1914 5490 2211 5555 faceretis
2272 5489 2351 5554 de
2415 5495 2627 5555 cetero
2690 5490 3057 5573 molestari3
3099 5491 3540 5575 juramentum
3601 5514 3794 5579 super
3857 5491 4112 5555 illorum
4174 5490 4619 5556 observatione
4667 5514 4812 5579 pre-

1187 5600 1443 5683 stitum,
1505 5620 1649 5664 cum
1696 5598 1992 5663 illicitum
2038 5597 2269 5681 fuerit,
2315 5598 2734 5680 remittentes,
2785 5597 2953 5683 quod
3001 5598 3185 5662 vobis
3231 5598 3444 5663 facere
3492 5598 3955 5683 differentibus,
4007 5598 4222 5663 dilecti
4266 5597 4381 5683 filij
4427 5598 4547 5681 R.,
4591 5599 4815 5665 doctor

1186 5707 1592 5772 decretorum
1637 5711 1702 5771 et
1749 5705 1827 5771 Ο.
1862 5706 1942 5769 de
1989 5704 2555 5792 Toennengoviri
2599 5705 2862 5788 literati,
2903 5704 3156 5792 providi
3201 5712 3265 5769 et
3311 5704 3531 5768 fideles
3577 5727 3693 5791 pro
3739 5705 4179 5770 Universitate
4228 5706 4512 5792 ipsorum
4559 5707 4812 5771 schola·

1185 5815 1353 5879 rium
1392 5822 1678 5880 nostram
1720 5813 2112 5901 presentiam
2158 5812 2475 5895 adierunt,
2516 5833 2709 5898 super
2755 5812 2836 5896 ijs
2886 5813 3235 5898 apostolico
3281 5812 3666 5898 provisionis
3717 5813 4071 5878 remedium
4115 5814 4555 5899 implorantes.
4604 5814 4810 5879 Porro

1185 5922 1404 5987 dilecti
1440 5921 1557 6006 filij
1591 5920 1790 6006 Hugo
1825 5922 2046 6006 legum
2077 5919 2300 5985 doctor
2330 5926 2394 5984 et
2425 5919 2808 5984 Fredericus
2841 5919 2964 5983 viri
2996 5919 3246 6005 providi
3278 5926 3342 5984 et
3375 5920 3594 5985 fideles
3629 5920 4120 6007 perversitatem
4149 5919 4550 5986 Statutorum
4585 5920 4809 6005 hujus·

1184 6029 1358 6095 modi
1404 6028 1619 6094 conati
1667 6028 2106 6115 multipliciter
2152 6027 2446 6114 palliare,
2485 6026 2747 6091 tandem
2795 6026 2922 6091 duo
2970 6048 3054 6091 ex
3103 6026 3374 6091 Statutis
3423 6027 3597 6114 ipsis,
3631 6028 3933 6092 videlicet
3978 6028 4057 6093 de
4105 6029 4459 6093 rectoribus
4497 6035 4562 6092 et
4589 6028 4810 6093 lectio-

1185 6137 1372 6202 nibus
1419 6135 1970 6218 extraordinariis,
2013 6135 2078 6199 in
2125 6141 2340 6199 nostre
2388 6134 2824 6221 dispositionis
2872 6134 3277 6220 beneplacito
3325 6134 3524 6199 libere
3571 6141 3944 6221 posuerunt,
3995 6136 4449 6222 supplicantes,
4500 6143 4572 6200 ut
4620 6156 4814 6221 super

1342 6477 1420 6541 (1)
1461 6474 1543 6525 Ex
1584 6473 1789 6543 Regist.
1830 6473 1934 6538 IL,
1973 6471 2200 6523 Honor-ii
2238 6471 2344 6523 111.
2367 6511 2381 6538 ,
2420 6488 2506 6540 ep.
2536 6473 2657 6536 729,
2695 6470 2791 6523 fol.
2823 6473 2942 6523 179.
