5542 7775
1296 636 1337 705 2
1354 636 1388 706 1
1405 636 1447 705 4
2874 655 3354 707 ΜΟΝΠΜΕΝΤΑ

3042 1023 3170 1089 III.

2806 1237 3000 1321 1214,
3049 1239 3090 1299 5
3135 1237 3406 1303 octobr-ia.

1968 1449 2074 1514 Ex
2120 1449 2317 1514 Arch.
2367 1448 2545 1513 Max.
2595 1449 2783 1532 bon.,
2830 1450 2897 1513 in
2945 1450 3227 1535 Reyistro
3278 1450 3524 1535 Gr0880,
3572 1452 3681 1516 lib.
3732 1452 3823 1535 1.‚
3872 1473 3926 1516 c.
3976 1454 4105 1516 209
4154 1447 4243 1517 v.⁰

1460 1662 1538 1725 Iu
1583 1662 1840 1727 nomine
1888 1670 2109 1727 sancte
2158 1670 2223 1727 et
2272 1664 2601 1728 individue
2647 1663 3004 1727 Trinitatis.
3054 1664 3246 1728 Anno
3280 1664 3542 1728 Domini
3577 1665 3915 1729 millesimo
3948 1664 4384 1730 ducentesimo
4418 1666 4915 1751 quartodecimo,

1283 1768 1386 1833 die
1433 1769 1773 1853 dominicO,
1824 1771 2047 1856 quinto
2105 1771 2385 1835 intrante
2451 1771 2752 1854 octubre,
2802 1771 3149 1836 indictione
3213 1772 3518 1836 secunda.
3562 1772 3837 1837 Pactum
3884 1772 4347 1838 recordationis
4409 1773 4493 1837 ad
4545 1774 4917 1838 memoriam

1282 1876 1684 1941 retinendam
1732 1877 1974 1941 factum
2024 1877 2106 1941 ad
2155 1877 2241 1961 id,
2275 1878 2355 1942 de
2403 1900 2528 1963 quo
2574 1880 2647 1942 fit
2679 1879 2744 1942 in
2779 1900 2854 1943 eo
2888 1879 3127 1943 mentio
3175 1879 3516 1944 firmitatis.
3552 1879 3715 1944 Cum
3760 1888 4022 1967 propter
4065 1881 4531 1945 habitationem
4573 1889 4639 1945 et
4670 1902 4915 1945 moram

1284 1984 1633 2071 proborum
1679 1985 1965 2049 virorum
2012 1986 2203 2050 urbes
2248 1993 2311 2049 et
2359 1985 2501 2050 loca
2549 1993 3049 2071 augmententur
3094 1993 3159 2050 et
3206 1987 3467 2051 honoris
3529 1988 3883 2074 suscipiant
3945 1987 4444 2071 incrementum,
4494 1989 4763 2052 accessit
4808 1988 4919 2053 do-

1289 2093 1498 2155 minus
1531 2092 1679 2178 Ugo
1712 2092 1790 2158 de
1824 2092 2061 2175 Lucca,
2089 2094 2394 2177 medicus,
2422 2100 2571 2158 ante
2606 2094 2935 2157 dominum
2968 2093 3321 2159 Rodolsum
3355 2095 3670 2159 Gnidonis
3702 2095 4153 2180 Bergognonis
4185 2097 4504 2179 comitem,
4537 2104 4919 2182 potestatem

1282 2199 1594 2282 Bononie,
1628 2207 1692 2264 et
1725 2200 2054 2264 domiuum
2101 2200 2444 2265 Albertum
2493 2201 2768 2265 Gerardi
2817 2201 2894 2265 de
2946 2201 3150 2285 Gisla‚
3185 2210 3668 2287 procuratorem
3714 2203 4002 2267 comunis
4034 2202 4348 2285 Bononie,
4382 2224 4551 2267 nunc
4584 2204 4684 2266 sui
4715 2203 4917 2267 vicem

1282 2313 1615 2392 gerentem
1662 2314 1726 2371 et
1774 2307 2015 2370 domini
2063 2306 2376 2372 Graidani
2423 2307 2950 2390 Jeremiensium,
2998 2309 3139 2392 ejus
3188 2309 3378 2391 socii,
3428 2310 3692 2396 cupiens
3741 2310 3904 2374 effici
3952 2310 4109 2373 civis
4157 2310 4433 2373 civitatis
4480 2309 4807 2393 Bononie,
4853 2317 4919 2374 et

1281 2414 1797 2500 pro-citadantia
1845 2414 1963 2478 hec
2011 2415 2424 2501 infrascripta
2469 2415 2592 2478 sibi
2640 2436 2679 2478 a
2726 2416 2984 2480 comuni
3028 2415 3321 2480 Bononie
3368 2417 3505 2480 fieri
3556 2417 3927 2502 postulabat
3973 2416 4038 2480 in
4086 2417 4256 2480 hune
4317 2416 4611 2480 modum:
4671 2442 4699 2473 α
4748 2416 4920 2481 Petit

1289 2520 1584 2585 dominus
1630 2522 1801 2607 Ugo,
1850 2522 2161 2603 lucensiS,
2211 2522 2530 2604 medicus,
2581 2544 2618 2585 a
2665 2522 2921 2587 comuni
2969 2522 3296 2605 Bononie,
3344 2531 3415 2587 ut
3462 2524 3585 2588 sibi
3632 2530 3697 2588 et
3740 2524 3873 2588 suis
3920 2523 4265 2588 heredibus
4311 2545 4582 2589 comune
4627 2523 4917 2588 Bononie

1283 2629 1592 2693 concedat
1641 2629 1703 2692 in
1752 2629 2015 2693 feudum
2064 2636 2404 2693 sexcentas
2451 2629 2651 2693 libras
2698 2630 3206 2694 bononenorum.
3258 2631 3407 2717 Ipse
3454 2640 3669 2694 autem
3718 2631 3783 2694 in
3829 2632 3999 2696 huuc
4045 2630 4305 2695 modum
4336 2652 4453 2716 pro
4488 2631 4587 2694 his
4618 2631 4759 2694 vult
4788 2652 4920 2694 ser-

1282 2739 1418 2801 vire
1465 2737 1720 2801 comuni
1766 2736 2078 2819 Bononie,
2129 2737 2462 2801 annuatim
2509 2759 2626 2801 sex
2675 2758 2926 2801 menses
2977 2739 3276 2802 continue
3325 2739 3465 2802 vult
3518 2739 3813 2803 habitare
3869 2761 4011 2803 cum
4077 2759 4195 2802 sua
4251 2738 4498 2802 familia
4548 2739 4613 2802 in
4661 2739 4918 2802 civitate

1281 2844 1607 2925 Bononie,
1657 2853 1720 2907 et
1768 2843 1939 2907 ultra
1986 2866 2101 2931 per
2147 2845 2306 2909 duos
2354 2867 2606 2909 menses
2655 2845 2921 2910 arbitrio
2969 2845 3320 2909 Potestatis
3368 2846 3478 2931 qui
3526 2868 3641 2932 pro
3688 2853 3976 2933 tempore
4024 2846 4238 2911 fuerit.
4291 2846 4360 2910 Si
4418 2853 4635 2910 autem
4702 2846 4918 2930 aliquo

1283 2973 1436 3015 casu
1484 2959 1652 3015 esset
1699 2959 1886 3015 extra
1934 2952 2260 3016 civitatem
2320 2974 2395 3016 eo
2442 2958 2730 3039 tempore
2782 2974 2907 3037 quo
2954 2959 3210 3016 tenetur
3258 2961 3430 3017 stare
3480 2953 3545 3017 in
3593 2954 3889 3036 civitate,
3938 2960 4091 3019 tunc
4150 2960 4447 3018 teneatur
4507 2954 4728 3017 venire
4790 2954 4921 3016 suis

1280 3059 1602 3144 expensis,
1651 3058 1704 3121 si
1753 3080 2013 3123 necesse
2062 3059 2287 3139 fuerit,
2337 3067 2402 3123 et
2450 3081 2669 3123 omnes
2719 3059 3148 3123 bononienses
3209 3062 3505 3144 jurantes
3562 3061 4031 3146 sequimentum
4097 3067 4161 3125 et
4223 3082 4445 3124 eorum
4511 3060 4790 3123 familias
4850 3060 4917 3123 in

1284 3166 1545 3230 civitate
1592 3166 1960 3229 habitantes
2015 3174 2079 3230 et
2126 3188 2346 3230 omnes
2395 3167 2801 3231 comitatinos
2849 3167 3222 3231 vulneratos
3269 3176 3333 3232 et
3378 3175 3622 3254 ruptOS,
3671 3176 3893 3254 ruptos
3943 3168 4186 3232 scilicet
4233 3168 4617 3253 intelligitur
4663 3168 4741 3231 de
4788 3167 4917 3231 cal-

1282 3273 1464 3337 tretis
1496 3281 1560 3337 et
1608 3274 1895 3337 contritis
1943 3280 2007 3337 et
2055 3274 2132 3338 de
2182 3295 2374 3338 carne
2422 3276 2718 3356 contrita,
2768 3273 3080 3339 facientes
3127 3296 3196 3338 se
3245 3275 3481 3339 deferri
3531 3276 3614 3339 ad
3662 3276 4009 3358 civitatem,
4047 3274 4368 3339 medicare
4416 3284 4481 3339 et
4527 3296 4774 3357 curare,
4809 3296 4920 3338 ex·

1279 3381 1480 3466 ceptis
1527 3380 1913 3443 habentibus
1961 3388 2370 3466 crepaturam
2420 3380 2706 3462 inferius,
2742 3381 2911 3445 unde
2959 3381 3250 3467 sequitur
3298 3383 3479 3446 ernia
3526 3390 3815 3468 tempore
3859 3383 4283 3468 procedente3
4318 3390 4381 3446 et
4415 3403 4543 3446 non
4577 3381 4715 3446 vult
4747 3380 4919 3466 quod

1282 3487 1515 3572 aliquis
1562 3487 1996 3574 predictorum
2042 3488 2100 3552 ei
2150 3489 2548 3572 astringatur
2595 3495 2784 3574 pacto
2833 3489 2954 3552 sibi
3002 3489 3311 3552 salarium
3359 3489 3534 3571 dare,
3584 3491 3873 3575 exceptis
3923 3490 4332 3571 comitatinis,
4367 3511 4405 3552 a
4452 3490 4684 3575 quibus
4731 3489 4921 3552 liceat

1281 3593 1373 3658 eis
1422 3595 1488 3656 in
1534 3593 1706 3658 hunc
1755 3594 2014 3657 modum
2062 3595 2426 3680 percipere:
2477 3595 2721 3658 scilieet
2770 3616 2809 3658 a
2857 3595 3250 3681 pauperibus
3300 3596 3515 3678 nichil,
3566 3618 3605 3658 a
3655 3595 4052 3659 mediastinis
4115 3617 4267 3660 vero
4330 3596 4413 3659 ad
4474 3616 4673 3659 unum
4738 3595 4919 3681 plau-

1288 3708 1491 3765 strum
1539 3702 1899 3786 lignorum3
1948 3723 1986 3764 a
2034 3701 2339 3766 divitibus
2389 3703 2490 3766 vel
2536 3725 2648 3766 xx.
2699 3702 2913 3766 soldos
2962 3702 3063 3766 vel
3112 3703 3471 3789 plaustrum
3521 3703 3691 3785 feni,
3742 3710 3804 3767 et
3850 3703 3971 3768 hoc
4019 3703 4132 3766 fiat
4180 3703 4245 3767 in
4294 3703 4560 3766 arbitrio
4609 3703 4922 3766 dictorum

1283 3810 1822 3892 comitatinorum,
1857 3817 2074 3873 utrum
2120 3809 2445 3873 voluerint
2476 3809 2597 3873 sibi
2632 3809 2788 3873 dare
2823 3809 3062 3894 fenum,
3098 3810 3200 3873 vel
3247 3811 3476 3896 viginti
3511 3811 3724 3875 soldos
3758 3810 4264 3893 bononenorum,
4298 3817 4362 3874 et
4394 3810 4515 3874 hoc
4548 3810 4600 3872 si
4636 3809 4920 3895 graviter

1281 3917 1474 3981 fuerit
1529 3917 1940 3999 vulneratuS,
1992 3918 2094 3981 vel
2142 3918 2442 3981 habuerit
2488 3918 2605 3981 hos
2653 3917 2932 3981 fractum
2980 3917 3083 3981 vel
3133 3918 3531 4000 delocatum,
3580 3918 3825 3983 scilicet
3873 3917 4041 4003 quod
4090 3918 4283 3981 liceat
4330 3924 4548 4002 petere
4604 3939 4685 3981 ex
4733 3925 4919 4003 pacto

1280 4024 1360 4088 de
1408 4026 1547 4089 istis
1596 4024 2074 4088 infirmitatibus
2120 4045 2159 4087 a
2215 4025 2624 4089 comitatiniS.
2675 4024 2775 4088 De
2840 4025 2983 4088 aliis
3047 4025 3431 4111 supradictis
3502 4026 3981 4089 infirmitatibus
4043 4032 4342 4089 teneatur
4402 4032 4473 4088 ut
4534 4025 4799 4089 civibus
4849 4023 4920 4088 Si

1281 4140 1497 4196 autem
1544 4132 1771 4196 civitas
1819 4154 2122 4217 guerram
2169 4132 2460 4214 haberet,
2493 4132 2596 4195 vel
2646 4132 2701 4195 si
2749 4132 2921 4196 cives
2969 4133 3137 4195 inter
3183 4155 3251 4195 se
3299 4154 3600 4216 guerram
3650 4133 3984 4215 haberent,
4020 4131 4189 4218 quod
4223 4131 4401 4196 Deus
4435 4132 4751 4213 advertat,
4785 4139 4919 4195 toto

1279 4247 1566 4325 tempore
1615 4260 1846 4323 guerre
1893 4239 2032 4303 vult
2079 4239 2373 4303 habitare
2425 4239 2487 4302 in
2537 4239 2819 4303 civitate.
2873 4240 2942 4304 Si
2990 4247 3206 4303 autem
3254 4248 3441 4304 extra
3490 4240 3818 4304 civitatem
3864 4247 4034 4303 essct
4094 4240 4203 4304 illo
4270 4247 4592 4326 tempore,
4642 4239 4745 4303 vel
4792 4238 4918 4302 illis

1279 4346 1606 4410 mensibus
1641 4346 1873 4431 quibus
1921 4347 2143 4410 liceret
2189 4347 2250 4410 ei
2297 4347 2593 4411 habitare
2641 4355 2849 4431 extra,
2885 4355 2949 4411 et
2997 4347 3229 4432 aliquis
3269 4348 3683 4412 bononiensis
3716 4348 3819 4411 vel
3868 4347 4278 4412 comitatinus
4326 4348 4701 4411 vulneratus
4749 4354 4917 4410 esset

1277 4453 1382 4516 vel
1430 4460 1678 4539 ruptuS,
1731 4454 1832 4516 vel
1880 4454 2149 4517 haberet
2193 4455 2311 4518 hos
2361 4460 2620 4541 ruptum
2667 4455 2771 4518 vel
2820 4454 3219 4537 delecatum,
3263 4456 3400 4519 vult
3448 4456 3654 4519 teneri
3702 4455 3783 4518 ad
3831 4454 4221 4519 veniendum
4268 4454 4350 4518 ad
4398 4476 4545 4518 eum
4592 4453 4913 4517 medican-

1279 4561 1451 4642 dum,
1501 4560 1654 4624 dum
1703 4568 1916 4625 tamen
1968 4562 2048 4624 ab
2101 4584 2176 4626 eo
2227 4563 2539 4649 percipiat
2586 4584 2788 4647 usque
2838 4563 2921 4626 ad
2970 4573 3112 4626 octo
3161 4563 3358 4626 libras
3406 4563 3893 4627 bononeuorum
3927 4570 3991 4626 et
4023 4583 4149 4626 non
4186 4563 4356 4625 ultra
4387 4582 4503 4647 pro
4537 4583 4652 4625 suo
4684 4562 4918 4625 viatico

1276 4668 1578 4732 veniendi
1626 4676 1690 4732 et
1738 4669 2070 4751 redeundi,
2125 4670 2245 4732 nisi
2292 4670 2589 4755 egritudo
2637 4670 2735 4733 sui
2784 4670 3003 4733 fratris
3052 4670 3154 4733 vel
3203 4670 3460 4751 sororis,
3503 4671 3606 4734 vel
3656 4670 3771 4733 filii
3820 4669 4058 4751 fratris,
4094 4669 4197 4733 vel
4247 4669 4464 4732 fratris
4511 4669 4732 4733 uxoris
4773 4691 4919 4733 eum

1279 4774 1638 4861 impediret.
1673 4775 1759 4840 Et
1804 4776 1872 4839 in
1921 4777 2092 4840 omni
2139 4778 2430 4840 exercitu
2480 4776 2771 4840 Bononie
2820 4777 2959 4840 vult
3007 4799 3147 4841 esse
3196 4777 3327 4840 suis
3378 4777 3679 4863 expensis
3727 4783 3791 4840 ct
3837 4776 4158 4840 medicare
4192 4783 4255 4840 et
4288 4797 4515 4841 curare
4559 4797 4778 4840 omnes
4812 4776 4920 4862 qui

1280 4890 1493 4946 essent
1541 4883 1608 4946 in
1657 4884 1980 4965 exercitu,
2031 4883 2096 4946 in
2144 4884 2406 4947 servitio
2456 4884 2742 4947 comunis
2791 4884 3084 4948 Bononie
3135 4884 3378 4947 scilicet
3426 4884 3714 4948 forenses
3762 4883 4035 4947 durante
4084 4883 4394 4947 exercitu.
4446 4883 4513 4948 Si
4574 4905 4730 4947 vero
4793 4905 4920 4947 non

1278 4989 1546 5054 haberet
1594 4991 1876 5076 aliquem
1924 4991 2260 5068 heredem,
2311 4991 2423 5076 quj
2471 4991 2849 5055 medicando
2898 4992 3090 5056 sciret
3138 4991 3462 5055 deservire
3520 4991 3782 5055 feudum
3844 4991 4133 5073 comuni,
4182 4999 4335 5055 tunc
4381 4998 4790 5055 revertantur
4837 4990 4918 5053 ad

1279 5118 1549 5162 comune
1624 5098 1934 5162 ducentas
2009 5098 2207 5162 libras
2280 5099 2357 5162 de
2430 5098 2753 5184 predictis.
2817 5099 3269 5164 Possessiones
3332 5106 3544 5185 cmpte
3610 5099 3688 5162 de
3751 5098 4024 5162 residuis
4087 5119 4252 5162 cccc.
4316 5098 4478 5162 libre
4548 5105 4923 5162 remaneant

1278 5206 1341 5268 in
1392 5204 1655 5269 feudum
1703 5206 1851 5269 filiis
1900 5205 2066 5288 suiS,
2118 5206 2220 5269 vel
2287 5205 2826 5270 descendentibus
2888 5207 3190 5270 masculis
3262 5206 3603 5291 legitimis,
3653 5206 3763 5291 qui
3809 5212 4155 5269 teneantur
4201 5206 4443 5269 servire
4493 5205 4747 5269 comuni
4792 5204 4919 5268 Bo-

1278 5312 1489 5393 nonie,
1538 5319 1608 5374 ut
1656 5312 1768 5374 alii
1816 5311 2050 5374 vasalli
2099 5318 2399 5375 tenentur
2446 5312 2687 5375 servire
2736 5312 3009 5376 dominis
3059 5313 3224 5394 suis;
3275 5319 3338 5376 et
3386 5312 3525 5375 vult
3572 5312 3740 5397 quod
3789 5318 3927 5374 tota
3965 5313 4103 5396 jam
4137 5311 4309 5375 dicta
4340 5311 4614 5397 pecunia
4645 5318 4922 5396 ponatur

1276 5419 1341 5482 in
1391 5418 1821 5503 emptionibus
1881 5418 2316 5505 predictorum
2372 5419 2436 5481 in
2503 5419 2812 5482 comitatu
2859 5419 2964 5482 vel
3012 5420 3271 5482 civitate
3319 5418 3610 5483 Bononie
3661 5419 3997 5500 decenter,
4049 5419 4184 5482 sinc
4232 5418 4537 5504 predictis
4602 5418 4919 5481 sexcentis

1276 5525 1497 5608 libris,
1546 5535 1611 5589 et
1656 5526 1849 5590 debet
1896 5547 2249 5611 conparare
2305 5526 2408 5589 vel
2471 5526 2712 5590 habere
2758 5527 3086 5612 propriam
3135 5526 3395 5590 domum
3445 5527 3507 5589 in
3557 5527 3816 5589 civitate
3863 5524 4154 5590 Bononie
4203 5526 4285 5589 ab
4333 5546 4504 5589 anno
4558 5547 4726 5589 novo
4773 5546 4919 5610 pro-

1277 5634 1455 5698 ximo
1506 5633 1588 5696 ad
1636 5655 1834 5696 unum
1883 5655 2143 5696 annum.
2192 5634 2515 5697 Peccunia
2564 5641 2783 5697 autem
2831 5634 3100 5697 debetur
3146 5634 3267 5698 sibi
3328 5633 3472 5697 dari
3521 5655 3557 5696 a
3607 5634 3863 5697 comuni
3929 5633 4223 5697 Bononie
4281 5632 4431 5696 hinc
4480 5633 4563 5696 ad
4610 5631 4921 5695 kalendas

1272 5741 1443 5826 junij
1495 5740 1808 5827 proximi,
1858 5746 1922 5802 et
1969 5761 2274 5825 compara
2337 5742 2816 5826 possessionum
2864 5740 3056 5805 debet
3104 5740 3275 5805 dicto
3324 5741 3597 5805 termino
3645 5741 3803 5804 fieri.
3852 5740 3938 5804 Et
3985 5741 4039 5804 si
4087 5761 4391 5826 compara
4446 5739 4922 5826 possessionum

1276 5870 1404 5913 non
1452 5855 1669 5935 posset
1718 5847 1857 5911 fieri
1905 5847 2169 5911 comode
2220 5848 2494 5911 termino
2537 5850 2676 5931 jam
2723 5849 2931 5930 dieto,
2980 5848 3215 5912 debeat
3261 5849 3399 5912 fieri
3448 5871 3486 5911 a
3534 5849 3807 5912 termino
3864 5848 4179 5911 kalendas
4220 5847 4389 5931 junii
4429 5848 4569 5931 jam
4618 5847 4786 5912 dicto
4836 5846 4919 5909 ad

1275 5977 1473 6019 unum
1509 5977 1770 6018 annum.
1809 5953 1879 6017 Si
1912 5961 2127 6017 tamen
2167 5955 2475 6040 peccunia
2509 5956 2680 6018 dicta
2713 5956 2949 6019 debeat
2994 5955 3134 6018 dari
3185 5955 3441 6019 interim
3490 5955 3877 6040 quibusdam
3924 5954 4002 6018 de
4038 5954 4299 6018 civitate
4331 5953 4647 6036 Bononie,
4682 5954 4791 6039 qui
4822 5975 4922 6017 re-

1275 6064 1524 6127 tineant
1573 6085 1718 6127 eam
1763 6084 1880 6149 pro
1931 6062 2224 6146 Comuni,
2261 6070 2325 6126 et
2373 6085 2488 6149 pro
2536 6085 2610 6127 eo
2659 6071 2724 6126 et
2771 6064 2908 6149 ipse
2960 6064 3268 6147 magister
3315 6063 3463 6147 Ugo
3513 6063 3751 6126 habeat
3798 6063 4144 6126 utilitatem
4194 6062 4626 6144 denariorum,
4676 6061 4924 6125 tamdiu

1273 6180 1339 6238 et
1386 6173 1450 6236 in
1501 6193 1576 6236 eo
1611 6171 1885 6235 termino
1919 6177 2217 6234 teneatur
2251 6193 2484 6235 emere.
2521 6171 2620 6235 De
2656 6193 2783 6257 qua
2817 6172 3140 6257 emptione
3175 6193 3444 6236 comune
3478 6172 3771 6235 Bononie
3804 6192 4002 6234 unum
4038 6171 4535 6234 instrumentum
4565 6171 4822 6251 habeat,
4857 6177 4924 6234 et

1275 6280 1588 6364 magister
1633 6278 1783 6364 Ugo
1833 6278 2012 6342 aliud
2062 6305 2121 6342 ».
2173 6278 2312 6353 Que
2354 6279 2568 6342 omnia
2609 6279 3068 6366 suprascripta,
3104 6279 3271 6342 utin
3305 6278 3741 6364 suprascripto
3792 6278 4213 6342 instrumento
4262 6278 4670 6342 continentur
4717 6277 4923 6342 dictus

1276 6387 1587 6472 magister
1617 6385 1769 6471 Ugo
1797 6386 2047 6471 juravit
2081 6393 2145 6450 et
2177 6387 2471 6473 promisit
2504 6408 2620 6472 per
2652 6409 2743 6469 se,
2780 6408 3056 6471 suosque
3104 6385 3374 6450 heredes
3423 6386 3755 6450 attendere
3805 6393 3868 6450 et
3916 6403 4177 6450 servare
4212 6392 4277 6449 et
4308 6406 4434 6448 nou
4476 6385 4922 6450 contravenire

1274 6493 1395 6558 sub
1443 6514 1612 6579 pena
1661 6492 1839 6580 dupli
1889 6493 2085 6558 totius
2133 6494 2569 6580 suprascripte
2617 6494 2888 6579 pecunie
2936 6501 3001 6555 et
3049 6493 3443 6578 obligatione
3492 6514 3753 6557 suorum
3794 6492 4130 6574 bonorum,
4164 6491 4623 6577 stipulantibus
4663 6491 4920 6555 domino
