5542 7775
1233 551 1384 623 104
2800 573 3283 623 MONUMENTA

1220 726 1335 811 [et]
1368 728 1631 793 Domini
1664 730 1864 794 nostri
1896 729 2137 794 domini
2169 728 2503 793 Benedicti
2536 727 2755 792 divina
2787 727 3193 814 providentia
3225 748 3391 813 pape
3424 727 3581 791 XII.
3610 749 3778 792 anno
3812 735 4062 813 quarto.
4087 728 4337 795 Eadem
4370 730 4473 797 die
4506 731 4713 798 dictus
4745 735 4858 800 do-

1222 836 1433 899 minus
1480 836 1768 902 notarius
1808 837 2069 902 nuntius
2102 837 2457 901 intraverat
2503 836 2832 900 civitatem
2878 834 3359 917 bononiensem,
3394 834 3504 900 ubi
3538 834 3660 899 fuit
3693 835 4041 900 honorifice
4083 838 4464 904 recollectus
4504 862 4620 927 per
4652 841 4859 907 domi-

1218 963 1372 1007 num
1427 943 1763 1009 Thadeum
1824 945 2183 1031 predictum
2229 951 2293 1009 et
2340 945 2501 1008 alios
2549 943 2721 1007 cives
2768 948 2834 1006 et
2880 942 3208 1007 scholares
3252 942 3700 1023 bononienses,
3750 950 3816 1007 et
3862 964 4009 1008 cum
4056 944 4228 1009 dicto
4277 946 4535 1012 domino
4585 949 4852 1016 Thadeo

1217 1071 1492 1135 pransus
1540 1051 1755 1116 extitit
1801 1053 1866 1116 in
1911 1052 2155 1139 palatio
2203 1050 2575 1116 Communis
2623 1049 2904 1115 civitatis
2951 1048 3259 1134 predicte,
3295 1049 3464 1133 quod
3500 1049 3821 1114 inhabitat
3851 1050 4146 1116 dominus
4190 1053 4493 1120 Thadeus
4525 1058 4852 1143 prefatus:

1218 1157 1321 1222 die
1353 1159 1629 1243 veneris,
1661 1161 1870 1246 prima
1902 1161 2138 1225 mensis
2165 1158 2455 1244 januarii
2485 1158 2637 1221 anni
2684 1156 2977 1243 predicti,
3028 1155 3236 1220 dictus
3283 1155 3578 1221 dominus
3627 1158 3914 1222 notarius
3962 1161 4225 1224 nuntius
4266 1162 4551 1228 existens
4587 1165 4651 1228 in
4685 1165 4856 1232 dicto

1214 1265 1457 1350 palatio
1498 1266 1583 1330 ad
1613 1267 2017 1332 vocationem
2056 1266 2210 1331 dicti
2241 1266 2485 1331 domini
2522 1264 2792 1347 Thadei,
2828 1263 2938 1327 ubi
2969 1263 3156 1328 multi
3187 1263 3360 1327 cives
3390 1263 3819 1328 bononienses
3852 1266 3986 1329 fere
4020 1269 4363 1354 sexaginta
4399 1292 4687 1354 numer0,
4724 1294 4855 1338 una

1214 1393 1360 1437 cum
1392 1373 1650 1438 domino
1699 1375 1964 1440 Thadeo
2012 1375 2320 1461 predicto,
2354 1373 2612 1438 domino
2660 1371 2868 1436 Paulo
2916 1371 2996 1435 de
3044 1369 3383 1455 Liazarijs,
3419 1370 3677 1436 domino
3725 1371 4169 1459 Maccagnano
4218 1377 4297 1441 de
4345 1378 4739 1465 Azzoguidis
4787 1392 4854 1447 ct

1214 1479 1473 1545 domino
1504 1481 1702 1547 Petro
1747 1482 1827 1547 de
1874 1482 2242 1568 Bonipetris
2289 1487 2476 1545 erant
2523 1479 2923 1565 congregati,
2974 1477 3140 1541 dixit
3184 1484 3250 1542 et
3296 1478 3616 1563 exposuit,
3667 1480 3985 1564 quomodo
4033 1481 4242 1546 dictus
4289 1484 4583 1551 dominus
4633 1496 4853 1553 noster

1212 1586 1397 1674 Papa
1444 1590 1707 1654 miserat
1753 1611 1902 1655 eum
1949 1589 2027 1655 de
2074 1589 2339 1654 consilio
2386 1587 2890 1653 reverendorum
2936 1592 3194 1672 patrum
3224 1585 3629 1650 dominorum
3662 1586 4105 1652 Cardinalium
4137 1600 4357 1657 sancte
4389 1592 4683 1660 Romane
4725 1596 4850 1661 Ec-

1212 1695 1407 1760 clesie
1439 1695 1715 1761 fratrum
1745 1720 2008 1762 suorum
2041 1696 2122 1761 ad
2155 1697 2505 1778 civitatem,
2532 1696 2908 1760 comitatum
2940 1699 3004 1757 et
3037 1692 3398 1757 districtum
3430 1692 3751 1779 predictos
3785 1716 3901 1781 pro
3935 1698 4338 1782 complendO,
4362 1702 4753 1787 perficiendo
4787 1715 4853 1771 et

1213 1805 1715 1870 consummando
1770 1827 1883 1889 ea,
1933 1828 2057 1892 que
2104 1804 2445 1871 commissa
2492 1810 2677 1868 erant
2724 1802 2933 1867 eidem
2981 1822 3176 1887 super
3222 1800 3394 1865 facto
3442 1802 4016 1887 reconciliationis,
4065 1806 4439 1892 concordie,
4490 1810 4626 1876 sive
4672 1813 4851 1898 pacis

1213 1912 1432 1978 habite
1480 1915 1648 1979 inter
1686 1914 2015 1979 dominum
2060 1914 2330 2000 Papam,
2363 1920 2428 1978 et
2472 1912 2763 1977 dominos
2799 1910 3176 1975 Cardinales
3225 1909 3548 1995 predictos
3596 1931 3681 1974 ex
3711 1918 3895 1997 parte
3930 1934 4078 1996 una,
4113 1934 4189 1978 ac
4221 1914 4514 1982 dominos
4547 1918 4848 2003 Paulum,

1211 2018 1687 2085 Macanhanum
1714 2022 1791 2086 (1)
1824 2029 1889 2086 et
1933 2022 2199 2086 Petrum
2246 2020 2589 2107 predictos,
2624 2018 3122 2084 ambassiatores
3163 2022 3227 2081 et
3274 2017 3552 2099 nuntios,
3587 2038 3663 2082 ac
3711 2019 4090 2104 magistrum
4136 2021 4504 2089 Rolandum
4554 2025 4633 2091 de
4678 2027 4850 2093 Fan·

1212 2128 1401 2191 tuciis
1446 2128 1759 2195 sindicum
1792 2135 1857 2193 et
1896 2128 2240 2193 sindicario
2286 2128 2545 2193 nomine
2591 2125 2969 2207 communis,
3001 2123 3439 2188 universitatis
3472 2132 3536 2188 et
3565 2126 3788 2211 populi
3821 2127 4121 2211 civitatis,
4156 2130 4496 2196 comitatus
4529 2141 4594 2197 et
4630 2133 4847 2199 distri-

1212 2241 1352 2299 ctus
1381 2235 1835 2321 predictorum,
1861 2237 2080 2302 dicens
2113 2244 2178 2301 et
2210 2256 2505 2300 asserens
2537 2231 2928 2299 consulendo
2963 2231 3292 2296 dominum
3325 2230 3683 2315 Thadeum,
3710 2232 4003 2299 dominos
4036 2235 4336 2322 Paulum,
4363 2238 4843 2309 Macanhanum

1211 2349 1276 2406 et
1321 2343 1609 2427 Petrum,
1642 2366 1719 2409 ac
1766 2345 1926 2409 alios
1974 2346 2144 2409 cives
2178 2343 2520 2430 predictos,
2555 2342 2696 2427 quis
2730 2340 2956 2405 modus
2990 2338 3238 2422 melior,
3272 2340 3521 2403 cantior
3551 2346 3616 2404 et
3647 2340 3969 2406 salubrior
4000 2352 4169 2408 esset
4203 2346 4517 2412 tenendus
4550 2370 4666 2434 per
4698 2371 4846 2415 eum

1208 2449 1275 2514 in
1321 2451 1710 2537 perficiendo
1757 2460 1822 2517 et
1867 2451 2247 2540 complendo
2293 2458 2358 2515 et
2404 2448 2906 2515 consummando
2956 2468 3054 2529 ea,
3104 2468 3226 2532 que
3274 2447 3397 2511 sibi
3445 2447 3786 2512 commissa
3831 2456 4018 2514 erant
4064 2473 4180 2537 per
4226 2452 4468 2518 dictum
4509 2455 4840 2522 dominum

1211 2563 1497 2623 nostrum
1546 2559 1796 2646 Papam
1829 2559 1908 2625 de
1940 2559 2206 2625 consilio
2254 2558 2660 2624 dominorum
2707 2554 3149 2620 Cardinalium
3195 2554 3648 2640 predictorum,
3683 2562 3873 2641 prout
3905 2557 3969 2620 in
4002 2558 4206 2622 literis
4237 2562 4606 2647 apostolicis
4650 2586 4845 2650 super

1211 2665 1333 2732 hoc
1378 2666 1718 2750 confectis,
1766 2668 1845 2732 (16
1893 2667 2125 2753 quibus
2170 2672 2471 2752 poterant
2517 2672 2581 2728 et
2627 2662 2951 2728 debebant
2997 2661 3150 2726 dicti
3196 2661 3438 2726 domini
3493 2662 3795 2726 Thadeus
3856 2670 3920 2728 et
3985 2665 4510 2751 ambassiatores,
4561 2670 4844 2737 sindicus

1198 2781 1263 2840 et
1308 2776 1479 2841 cives
1533 2776 1774 2840 habere
1820 2775 2081 2861 plenam
2128 2773 2456 2855 notitiam,
2504 2771 2888 2836 continetur.
2936 2768 3021 2833 Et
3080 2776 3234 2833 tunc
3296 2769 3503 2833 dictus
3559 2769 3856 2835 dominus
3905 2771 4230 2856 Thadeus,
4281 2776 4540 2841 nomine
4601 2800 4716 2844 suo
4771 2789 4837 2843 et

1196 2883 1513 2949 dictorum
1559 2883 2097 2948 ambassiatorum
2143 2889 2207 2946 et
2252 2881 2490 2946 civium
2535 2880 2776 2943 ibidem
2823 2878 2888 2941 in
2932 2877 3102 2941 dicto
3150 2876 3394 2963 palatio
3441 2877 3856 2962 presentium,
3906 2885 3978 2943 ut
4024 2882 4340 2964 asseruit,
4394 2882 4557 2949 dixit
4613 2894 4679 2950 et
4744 2908 4843 2951 re·

1196 2991 1455 3078 spondit
1511 2991 1682 3077 quod
1743 2991 1980 3073 multa,
2030 3011 2154 3076 que
2200 2988 2336 3053 fere
2384 2986 2810 3074 impossibilia
2856 2985 2995 3049 fieri
3041 3005 3230 3069 posse
3278 2983 3682 3068 videbantur,
3731 2986 4227 3052 continebantur
4274 2989 4337 3053 in
4386 2990 4572 3057 dictis
4631 2993 4835 3058 literis

1196 3099 1366 3164 dicto
1414 3098 1672 3164 domino
1719 3098 1969 3164 notario
2016 3096 2392 3177 commissis,
2425 3104 2497 3160 ut
2544 3094 2897 3175 asserebat,
2930 3090 3320 3156 nominando
3376 3112 3490 3155 seu
3537 3092 3958 3178 exprimendo
4007 3093 4121 3158 illa
4171 3096 4337 3161 inter
4383 3106 4620 3183 cetera,
4653 3101 4835 3165 vide-

1191 3207 1345 3272 licet
1375 3206 1695 3293 quomodo
1726 3205 1863 3292 ipse
1895 3205 2192 3270 dominus
2238 3203 2544 3268 Thadens
2591 3208 2732 3266 erat
2780 3200 3021 3264 electus
3069 3197 3471 3263 concorditer
3517 3220 3634 3284 per
3680 3197 4035 3265 Commune
4082 3208 4148 3266 et
4194 3205 4506 3289 populum
4554 3206 4832 3272 civitatis

1192 3313 1607 3380 bononiensis
1654 3319 1968 3401 perpetuo
2013 3311 2097 3378 ad
2143 3313 2341 3377 vitam
2390 3331 2574 3375 suam
2622 3310 2687 3373 in
2717 3308 3254 3373 conservatorem
3301 3305 3578 3370 civitatis
3628 3306 3938 3392 predicte,
3971 3316 4036 3373 et
4078 3310 4251 3395 (16οᾶ
4296 3312 4669 3378 16(66(10616
4716 3337 4837 3380 666

1193 3429 1334 3487 erat
1381 3422 1744 3488 omnimode
1791 3422 1859 3486 in
1904 3421 2132 3486 eodem
2178 3420 2384 3484 officio
2431 3437 2730 3499 manere,
2777 3416 2996 3480 vivere
3045 3421 3110 3478 et
3155 3422 3326 3478 stare
3375 3435 3579 3499 usque
3628 3413 3709 3477 ad
3756 3422 4029 3480 mortem
4075 3438 4296 3501 suam,
4346 3428 4410 3483 6(
4473 3422 4643 3506 qnod
4685 3423 4826 3506 jam

1195 3551 1398 3616 equus
1445 3536 1698 3595 tantum
1743 3537 1894 3594 ante
1939 3533 2361 3614 processerat,
2404 3526 2574 3612 quod
2618 3545 2747 3589 non
2795 3529 3049 3609 poterat
3094 3522 3383 3604 retroire,
3417 3528 3482 3586 et
3528 3521 3699 3607 quod
3746 3522 3810 3585 in
3857 3523 4044 3588 dictis
4091 3525 4294 3590 literis
4343 3527 4620 3613 quedam
4656 3530 4836 3594 clau·

1192 3639 1336 3702 sula
1382 3638 1846 3720 contineretur,
1895 3658 2090 3722 quam
2134 3634 2571 3720 serpentinam
2616 3632 2907 3711 vocavit,
2955 3629 3255 3693 videlicet
3302 3628 3471 3714 quod
3519 3650 3635 3714 pro
3684 3630 3974 3714 quolibet
4025 3633 4332 3716 articulo,
4382 3656 4498 3699 seu
4546 3637 4829 3723 capitulo

1192 3745 1259 3809 in
1305 3745 1492 3810 dictis
1537 3745 1742 3809 literis
1790 3749 2090 3808 contento
2137 3763 2266 3806 non
2312 3740 2630 3805 servando
2678 3738 2856 3802 illum
2898 3759 3014 3824 pro
3049 3744 3356 3823 tempore,
3390 3735 3495 3800 vel
3529 3745 3752 3801 contra
3785 3758 3933 3802 eum
3965 3738 4259 3805 faciendo
4295 3762 4408 3826 per
4443 3741 4830 3827 Commune,

1192 3874 1307 3919 seu
1353 3853 1663 3940 populum
1710 3851 2095 3939 prelibatos,
2145 3847 2606 3929 reinciderent,
2656 3867 2769 3911 seu
2817 3844 3246 3910 recidivarent
3293 3844 3359 3909 in
3420 3845 3772 3910 sententias
3837 3846 4148 3912 hactenus
4209 3847 4379 3913 latas
4444 3856 4509 3914 et
4571 3850 4830 3916 habitas

1190 3968 1416 4026 contra
1461 3983 1571 4026 eos
1616 3982 1734 4047 per
1780 3959 2109 4023 dominum
2156 3956 2410 4042 Papam
2459 3954 2842 4041 predictum.

1369 4068 1537 4133 Item
1583 4067 1781 4150 dixit,
1830 4066 2001 4153 quod
2047 4067 2114 4129 in
2159 4064 2345 4128 dictis
2391 4061 2594 4128 literis
2641 4061 3036 4143 continetur,
3087 4059 3262 4145 quod
3307 4059 3558 4124 banniti
3620 4082 3735 4124 seu
3789 4063 4044 4147 expulsi
4092 4063 4171 4128 de
4221 4064 4480 4129 civitate
4537 4066 4825 4152 predicta

1190 4176 1439 4263 possint
1483 4176 1549 4239 16
1593 4197 1754 4262 pace
1802 4174 2011 4238 redire
2057 4172 2141 4236 ad
2186 4172 2515 4237 civitatem
2547 4177 2611 4233 et
2656 4169 2828 4233 bona
2874 4189 2992 4232 sua
3037 4189 3441 4254 recuperare,
3476 4175 3541 4232 et
3582 4168 3773 4254 qnod,
3809 4169 3958 4234 licet
3989 4169 4142 4235 dicti
4174 4172 4433 4257 expulsi
4464 4183 4828 4238 assererent

1190 4305 1410 4348 secum
1455 4290 1670 4347 essent
1718 4281 1781 4345 in
1828 4280 2000 4345 dicta
2048 4279 2346 4360 civitate,
2396 4277 2562 4341 velle
2609 4274 2728 4340 sub
2777 4274 3142 4339 obedientia
3188 4274 3342 4339 dicti
3389 4274 3759 4339 Communis
3823 4283 3888 4340 et
3953 4276 4114 4341 alias
4177 4278 4240 4342 in
4304 4300 4462 4365 pace
4533 4301 4831 4363 manere,

1191 4390 1437 4455 sciebat
1483 4398 1701 4455 tamen
1745 4411 1862 4476 pro
1910 4395 2105 4468 certo,
2149 4386 2320 4473 quod
2369 4406 2564 4471 quam
2608 4384 2733 4448 cito
2781 4382 2904 4469 ipsi
2951 4382 3207 4468 expulsi
3253 4389 3467 4447 essent
3513 4383 3578 4446 in
3627 4382 3799 4447 dicta
3840 4384 4119 4467 civitate,
4155 4393 4576 4471 procurarent
4618 4396 4825 4470 nocte,

1188 4504 1253 4561 et
1298 4497 1402 4562 die
1449 4497 1601 4562 totis
1646 4497 1891 4561 viribus
1935 4495 2107 4581 quod
2150 4499 2414 4580 possent
2459 4490 2787 4577 expellere
2836 4489 2914 4554 de
2964 4489 3138 4554 dicta
3170 4489 3429 4553 civitate
3463 4489 3624 4553 alios
3657 4490 3849 4573 cives,
3885 4492 3997 4576 qui
4026 4492 4252 4556 volunt
4282 4494 4548 4579 pacifice
4579 4495 4828 4578 vivere,

1188 4626 1348 4691 quos
1396 4605 1587 4669 iidem
1634 4604 1890 4690 expulsi
1934 4602 2155 4668 dicunt
2199 4622 2310 4665 eos
2357 4599 2681 4686 expulisse
2730 4598 2810 4662 de
2859 4597 3118 4662 civitate
3181 4596 3506 4683 predicta,
3554 4604 3620 4661 et
3666 4598 3838 4682 quod
3886 4599 4045 4662 nihil
4092 4599 4343 4664 dulcius
4390 4601 4494 4665 vel
4542 4602 4822 4666 delecta-

1188 4710 1382 4776 bilius
1428 4719 1569 4776 erat
1612 4711 1858 4776 homini
1902 4709 2067 4774 sicut
2112 4708 2465 4772 vindictam
2510 4726 2761 4770 sumere
2807 4704 2888 4769 de
2934 4704 3188 4789 injuriis
3242 4711 3307 4768 et
3354 4704 3501 4789 alijs
3549 4704 3734 4768 malis
3778 4705 3902 4769 sibi
3932 4706 4153 4789 illatis,
4188 4715 4252 4772 et
4285 4708 4500 4792 etiam,
4535 4716 4606 4774 6(
4640 4710 4828 4793 dixit,

1186 4840 1315 4884 non
1361 4825 1502 4884 erat
1547 4818 1745 4901 aliud,
1794 4817 1918 4882 nisi
1964 4816 2136 4903 quod
2182 4815 2482 4881 continue
2529 4812 2895 4878 occiderent
2940 4834 3010 4876 se
3059 4811 3143 4875 ad
3187 4811 3482 4894 invicem,
3532 4819 3597 4876 et
3645 4813 3841 4876 etiam
3889 4813 4309 4879 trucidarent.

1364 4926 1532 4991 Item
1580 4925 1777 5007 dixit,
1826 4923 1997 5010 quod
2057 4922 2447 4988 reverendus
2501 4926 2687 5008 pater
2734 4919 3029 4984 dominus
3076 4918 3392 4984 Ostiensis
3439 4917 3594 4983 olim
3639 4920 3704 4982 in
3750 4919 4048 4986 Bononia
4094 4922 4350 5007 legatus
4399 4925 4711 5009 querebat
4760 4935 4826 4989 et

1180 5034 1444 5120 petebat
1489 5032 1998 5099 satisfactionem
2041 5030 2426 5111 multorum,
2477 5048 2602 5114 que
2649 5027 2773 5091 sibi
2819 5026 3039 5091 ablata
3086 5024 3287 5090 fuisse
3335 5047 3452 5112 per
3497 5026 3670 5091 cives
3718 5026 3886 5092 dicte
3936 5028 4214 5093 civitatis
4262 5029 4554 5113 dicebat,
4603 5039 4818 5096 tamen

1182 5141 1354 5205 dicta
1400 5140 1606 5223 bona,
1652 5147 1725 5204 ut
1768 5139 1939 5204 idem
1986 5137 2281 5203 dominus
2330 5135 2634 5200 Thadeus
2682 5134 3048 5216 asserebat,
3098 5133 3363 5198 fuerant
3420 5134 3678 5219 pignori
3740 5134 4028 5220 obligata
4091 5136 4477 5222 quibusdam
4524 5138 4602 5203 de
4650 5138 4824 5203 dicta

1180 5248 1441 5312 civitate
1487 5269 1603 5334 pro
1651 5246 1826 5311 mille
1874 5245 2241 5332 quingentis
2287 5243 2567 5325 florenis,
2616 5247 2681 5306 et
2727 5240 2818 5306 sic
2867 5262 2996 5305 non
3042 5249 3182 5305 erat
3228 5240 3307 5305 de
3355 5240 3482 5305 illis
3528 5242 3883 5306 satisfactio
3930 5243 4248 5328 facienda,
4282 5244 4476 5310 immo
4532 5246 4587 5310 si
4619 5247 4823 5328 fieret,

1180 5362 1398 5440 posset
1443 5354 1655 5441 potius
1703 5354 1986 5418 extorsio
2033 5352 2193 5434 dici3
2242 5350 2681 5416 concludendo
2743 5357 2808 5414 et
2868 5349 3138 5414 dicendo
3200 5356 3583 5435 propterea,
3635 5350 3806 5435 quod
3854 5351 3978 5414 nisi
4025 5351 4194 5416 dicte
4242 5353 4530 5417 clausule
4575 5360 4642 5416 et
4690 5354 4816 5417 alie

1182 5459 1403 5543 multe,
1439 5481 1600 5546 quas
1632 5481 1759 5525 non
1792 5458 2215 5546 expressavit,
2247 5464 2401 5521 tunc
2434 5455 2910 5540 corrigerentur
2940 5476 3055 5519 seu
3101 5454 3598 5520 emendarentur
3644 5456 3749 5520 vel
3796 5457 4283 5523 moderarentur
4326 5481 4441 5544 per
4487 5459 4816 5524 dominum

1188 5572 1480 5632 nostrum
1524 5567 1794 5653 Papam,
1828 5587 1957 5630 non
1996 5564 2418 5629 intendebant
2462 5563 2791 5649 perficere,
2825 5583 2943 5626 nec
2990 5562 3311 5648 complere
3344 5570 3646 5627 contenta
3679 5563 3744 5627 in
3777 5564 3979 5628 literis
4011 5565 4367 5651 prelibatis,
4402 5566 4820 5652 adjungendo

1184 5673 1383 5737 etiam
1429 5673 1601 5760 (16οᾶ
1645 5674 1813 5738 (116(6
1862 5671 2148 5737 clausule
2197 5693 2327 5736 non
2370 5678 2555 5736 erant
2602 5671 2668 5733 in
2715 5670 2902 5735 dictis
2950 5670 3152 5735 literis
3200 5670 3553 5734 secundum
3602 5670 3887 5756 capitula
3934 5672 4323 5737 concordata
4370 5674 4538 5738 inter
4584 5695 4715 5757 eos,
4758 5683 4822 5739 et

1183 5779 1475 5845 dominos
1520 5780 1773 5866 Papam
1813 5785 1877 5845 et
1919 5778 2296 5845 Cardinales
2342 5778 2699 5864 predictos3
2734 5777 3147 5842 nihilominus
3196 5785 3412 5842 tamen
3459 5778 3829 5863 requirebat
3875 5787 3940 5842 et
3985 5780 4260 5864 rogabat
4305 5780 4476 5845 idem
4521 5781 4817 5846 dominus

1184 5887 1489 5952 Thadeus
1534 5887 1864 5952 dominum
1910 5887 2233 5951 notarium
2279 5885 2574 5949 nuntium
2620 5883 3044 5970 prelibatum,
3094 5884 3265 5970 quod
3312 5886 3448 5971 ipse
3496 5885 3598 5949 vel
3648 5885 3975 5951 redeundo
4023 5887 4106 5951 ad
4153 5887 4399 5951 curiam
4446 5909 4818 5972 romanam,

1181 5995 1287 6059 vel
1334 5994 1645 6059 mittendo
1691 5994 2008 6075 nuntium,
2042 5993 2147 6057 vel
2195 5992 2414 6056 literas
2462 5991 2545 6055 ad
2593 5990 2834 6056 dictum
2881 5991 3210 6056 dominum
3257 5999 3548 6058 nostrum
3593 6014 3833 6079 papam
3878 5994 4271 6079 supplicaret
4316 6001 4382 6059 et
4422 6004 4817 6080 procuraret,

1183 6103 1355 6188 quod
1402 6101 1688 6189 predicte
1734 6100 2020 6166 clausule
2069 6100 2134 6163 16
2182 6098 2367 6164 (116(16
2414 6098 2616 6163 literis
2665 6105 2962 6163 contente
3009 6120 3126 6186 per
3172 6099 3449 6164 eundem
3496 6099 3826 6164 dominum
3874 6100 4210 6164 Thadeum
4243 6107 4394 6165 tunc
4427 6101 4816 6166 verbotenus

1184 6217 1583 6297 expressate,
1632 6215 1696 6272 et
1743 6208 1866 6272 alie
1916 6229 2075 6294 quas
2122 6206 2530 6293 postmodum
2576 6213 3005 6293 expressaret,
3041 6207 3277 6293 corrigi
3322 6213 3387 6271 et
3434 6206 3784 6291 emendari,
3818 6229 3932 6272 seu
3982 6207 4300 6272 moderari
4348 6208 4658 6273 deberent
4703 6232 4819 6296 per

1345 6442 1423 6509 (1)
1464 6440 1570 6492 sec.
