5542 7775
1612 628 2075 678 SPEOTANTJA
2132 628 2233 677 AD
2290 628 2798 677 Pnorussonsss
2855 628 3064 678 sums
3123 626 3475 677 CANONICI
4205 606 4352 675 173

724 780 876 845 dum
925 783 989 845 in
1038 781 1312 846 ecclesia
1362 782 1567 846 sancti
1616 781 2061 869 Appollinaris
2107 780 2548 863 morabantur,
2582 780 2672 844 ita
2720 779 2892 866 qnod
2940 780 3153 843 omnia
3199 778 3368 842 bona
3417 778 3732 842 dictarum
3766 778 4180 841 ecclesiarum
4216 798 4360 839 san-

727 889 813 952 cti
860 888 1306 975 Appollinaris
1354 896 1417 952 et
1466 889 1671 952 sancti
1718 888 2048 953 Ambrosii
2080 888 2270 951 simul
2303 888 2609 952 uniantur
2640 896 2705 951 et
2736 889 3236 972 conjungantur,
3270 896 3332 950 et
3367 886 3445 950 de
3480 894 3692 950 cetero
3728 886 3853 948 sint
3886 886 4102 967 unita3
4138 884 4363 948 dantes

725 994 990 1082 insuper
1037 996 1190 1061 dicti
1238 995 1533 1059 dominus
1579 995 1938 1082 Episcopus
1986 1003 2051 1060 et
2099 995 2407 1060 Canonici
2453 995 2711 1081 plenam
2758 1003 2824 1058 et
2869 994 3140 1057 liberam
3186 1002 3573 1080 potestatem
3631 992 3882 1079 prefato
3939 990 4362 1078 archipresbi-

727 1112 865 1167 tero
913 1103 1346 1167 transferendi
1392 1102 1473 1166 ad
1521 1102 1859 1167 ecclesiam
1908 1102 2115 1166 sancti
2159 1101 2488 1167 Ambrosii
2536 1102 2767 1165 fratres
2816 1101 2966 1164 olim
3031 1108 3500 1166 commorantes
3549 1101 3611 1164 in
3660 1099 3930 1164 ecclesia
3977 1100 4182 1163 sancti
4227 1100 4364 1184 Ap-

724 1210 1080 1296 pollinaris,
1128 1218 1193 1274 et
1241 1232 1359 1273 sna
1406 1210 1789 1275 auctoritate
1851 1209 2133 1273 intrandi
2195 1209 2663 1295 possessionem
2726 1208 2893 1272 dicte
2960 1208 3227 1272 ecclesie
3299 1208 3503 1271 sancti
3566 1206 3895 1271 Ambrosii
3959 1215 4022 1269 et
4082 1206 4366 1269 omnium

726 1318 1078 1399 bonorum,
1128 1316 1462 1381 mobilium
1511 1324 1575 1380 et
1621 1316 2079 1398 immobilium,
2124 1316 2367 1398 jurium
2414 1324 2480 1379 et
2524 1315 2852 1381 actionum
2900 1315 2984 1378 ad
3032 1315 3371 1379 ecclesiam
3419 1315 3622 1379 sancti
3669 1315 3995 1378 Ambrosii
4043 1314 4365 1399 pertinen·

726 1424 907 1488 tium.
940 1424 1046 1488 Ad
1094 1424 1212 1488 hec
1261 1424 1556 1488 dominus
1606 1423 2036 1487 Thomasinus
2070 1423 2149 1487 de
2185 1422 2701 1509 Gallopensio(l)
2737 1431 2800 1486 et
2837 1422 3131 1486 dominus
3163 1422 3429 1485 Passius
3453 1422 3706 1508 Ugonis
3739 1420 3818 1485 de
3851 1420 4108 1504 Ymola,
4143 1420 4367 1484 sindici

726 1530 1099 1597 Communis
1145 1532 1578 1614 bononiensis,
1615 1531 1695 1594 ad
1744 1530 1983 1594 dictam
2027 1529 2433 1595 concordiam
2468 1529 2971 1595 confirmandam
3020 1530 3352 1594 constituti
3383 1529 3524 1593 vice
3559 1537 3623 1593 et
3658 1529 3910 1593 nomine
3950 1530 4148 1615 ipsius
4183 1530 4367 1593 Com-

726 1640 956 1721 munis,
983 1638 1298 1703 habentes
1330 1639 1611 1724 speciale
1645 1636 2020 1700 mandatum
2053 1637 2136 1701 ad
2171 1637 2385 1702 omnia
2419 1644 2483 1701 et
2515 1636 2775 1723 singula
2808 1636 3210 1722 complenda,
3243 1643 3315 1700 ut
3347 1637 3413 1700 in
3447 1636 3869 1700 instrumento
3904 1636 4140 1722 scripto
4175 1655 4367 1699 manu

726 1746 991 1833 Ugolini
1039 1746 1117 1810 de
1164 1746 1394 1809 Brixia
1440 1744 1675 1808 notarii
1721 1744 1974 1831 plenius
2022 1746 2421 1827 continetur,
2470 1744 2609 1807 vice
2659 1765 2733 1808 ac
2798 1744 3053 1808 nomine
3116 1742 3487 1808 Communis
3548 1742 3871 1826 Bononie,
3921 1764 4043 1829 qne
4092 1750 4366 1805 tractata

725 1853 985 1917 fuerunt
1031 1875 1147 1939 per
1193 1853 1519 1917 dominum
1567 1851 1960 1938 Episcopum
2010 1859 2074 1915 et
2119 1852 2488 1938 Capitulum
2538 1851 2998 1915 bononiensem
3045 1858 3108 1914 et
3156 1873 3270 1937 per
3305 1850 3704 1915 Potestatem
3737 1858 3799 1912 et
3832 1850 4150 1914 Antianos
4183 1850 4368 1914 Com-

725 1961 937 2024 munis
984 1960 1429 2042 bononiensis,
1480 1967 1550 2024 ut
1597 1980 1793 2045 supra
1841 1959 2222 2045 premissum
2271 1966 2403 2041 est,
2456 1959 2515 2022 in
2567 1959 2877 2045 petitione
2924 1957 3294 2023 Communis
3345 1957 3637 2022 Bononie
3695 1957 3864 2020 facta
3915 1956 4170 2020 domino
4216 1955 4371 2043 Epi·

727 2090 920 2153 scopo
968 2074 1033 2131 et
1082 2066 1380 2153 Capitulo
1430 2066 1843 2145 bononiensi,
1895 2073 2191 2152 presente
2244 2066 2413 2130 dicto
2462 2065 2720 2130 domino
2766 2065 3049 2130 Rizardo
3097 2065 3176 2128 de
3223 2064 3422 2146 Villa,
3467 2065 3797 2129 Potestate
3846 2063 4259 2147 bononiensi,
4308 2072 4371 2127 et

727 2174 1098 2257 mandante,
1133 2180 1595 2238 consenserunt
1642 2173 1944 2259 predictis
1994 2174 2291 2237 omnibus
2338 2180 2402 2237 et
2454 2179 2666 2236 ratum
2708 2172 3095 2255 habuerunt,
3131 2180 3193 2236 et
3235 2173 3749 2258 juspatronatus,
3786 2180 4096 2257 quantum
4130 2170 4213 2234 ad
4245 2170 4371 2234 ele—

726 2282 1004 2346 ctionem
1052 2303 1166 2345 seu
1214 2281 1758 2367 presentationem
1792 2287 2062 2367 spectat,
2109 2281 2492 2345 remiserunt
2525 2301 2832 2366 expresse
2879 2279 3048 2344 dicto
3096 2279 3644 2365 archipresbitero
3685 2300 3759 2343 ac
3803 2278 4137 2361 dederunt,
4173 2278 4372 2364 stipu-

724 2389 887 2452 lanti
935 2396 999 2453 et
1045 2388 1383 2475 recipienti
1432 2387 1570 2452 vice
1619 2394 1682 2451 et
1728 2388 1985 2451 nomine
2034 2388 2236 2474 ipsius
2283 2388 2490 2473 plebis
2539 2395 2604 2451 et
2653 2387 2923 2451 ecclesie
2971 2387 3176 2451 sancti
3226 2387 3575 2469 Ambrosii,
3619 2387 3799 2450 salvo
3842 2387 4373 2472 jurepatronatns

727 2496 852 2581 ipsi
900 2496 1240 2559 Communi
1286 2495 1351 2559 in
1400 2495 1693 2559 omnibus
1742 2495 1908 2577 aliis,
1943 2496 2033 2558 ita
2083 2494 2253 2580 quod
2298 2495 2463 2558 idem
2498 2494 3020 2579 Archipresbiter
3065 2501 3130 2558 et
3177 2494 3277 2557 sui
3325 2515 3728 2557 successores
3776 2493 4044 2558 liberam
4093 2493 4374 2557 habeant

728 2603 1107 2667 electionem
1155 2603 1421 2667 rectoris
1468 2602 1532 2665 in
1580 2602 1752 2666 dicta
1799 2602 2072 2665 ecclesia
2122 2602 2326 2665 sancti
2362 2601 2722 2683 Ambrosii;
2759 2601 3205 2687 promittentes
3238 2601 3509 2687 predicti
3548 2600 3815 2683 Sindici,
3851 2601 4105 2664 nomine
4139 2607 4203 2664 et
4234 2600 4372 2664 vice

724 2710 926 2796 ipsius
961 2709 1353 2790 Communis,
1395 2708 1684 2795 predicta
1731 2709 1946 2773 omnia
1995 2708 2329 2772 attendere
2376 2716 2441 2773 et
2490 2708 2835 2772 observare
2880 2715 2944 2771 et
2992 2729 3117 2771 non
3152 2708 3601 2771 contravenire
3635 2729 3750 2794 per
3790 2729 3858 2771 se
3891 2707 3994 2771 vel
4026 2729 4142 2794 per
4175 2708 4372 2771 alium

727 2838 839 2881 seu
874 2816 1036 2881 alios
1072 2816 1405 2880 occasione
1454 2816 1670 2901 aliqua
1720 2816 1823 2879 vel
1871 2815 2251 2902 exceptione
2292 2816 2459 2899 juris
2506 2815 2611 2879 vel
2653 2815 2830 2898 facti,
2865 2814 2984 2879 sub
3034 2836 3200 2900 pena
3249 2814 3425 2878 mille
3476 2814 3786 2878 librarum
3836 2814 4261 2901 imperialium
4312 2821 4374 2878 et

726 2925 1120 3010 obligatione
1168 2924 1485 2989 bonorum
1532 2924 1685 2988 dicti
1734 2923 2107 2988 Communis
2153 2932 2218 2988 et
2266 2924 2614 2988 refectione
2648 2924 3108 3010 impensarum,
3143 2923 3872 3009 solemnistipnlatione
3906 2924 4237 3009 premissa,
4273 2944 4373 2987 ar—

729 3031 1191 3118 chipresbitero
1242 3031 1568 3116 sepedicto
1615 3054 1731 3118 pro
1771 3052 1840 3095 se
1874 3031 2134 3116 suisque
2168 3031 2646 3095 successoribus
2680 3031 3036 3117 stipulanti,
3071 3038 3134 3094 et
3168 3029 3337 3116 quod
3373 3030 3613 3094 dictum
3648 3029 4000 3095 Commune
4034 3038 4096 3094 et
4132 3029 4374 3094 Sindici

732 3139 1003 3225 predicti
1051 3139 1399 3203 defendent
1441 3139 1681 3203 dictum
1714 3139 2043 3202 dominum
2076 3138 2709 3225 Archipresbiterum
2743 3147 2806 3202 et
2843 3138 3210 3225 Capitulum
3245 3137 3454 3224 plebis
3489 3137 3909 3202 Montisbellii
3941 3146 4004 3201 et
4036 3137 4374 3201 ecclesiam

729 3249 935 3311 sancti
982 3247 1311 3311 Ambrosii
1368 3268 1407 3309 a
1473 3247 1761 3333 qnalibet
1823 3247 1953 3311 alia
1998 3268 2308 3333 persona,
2357 3268 2479 3333 que
2543 3246 2780 3310 dictam
2844 3247 3180 3311 ecclesiam
3243 3248 3447 3311 sancti
3498 3247 3829 3311 Ambrosii
3893 3246 3996 3309 vel
4060 3255 4372 3311 rectorem

732 3355 933 3441 ipsius
1002 3354 1392 3440 inquietaret
1453 3376 1565 3418 seu
1631 3355 2029 3441 questionem
2092 3362 2316 3419 contra
2380 3356 2585 3439 ipsam
2652 3361 2941 3418 moveret
3003 3376 3198 3440 super
3237 3356 3731 3441 juspatronatus
3782 3362 4091 3439 quantum
4141 3353 4225 3417 ad
4266 3355 4373 3438 jus

728 3462 1140 3549 presentandi
1205 3484 1316 3526 seu
1377 3462 1703 3548 elegendi,
1753 3470 1817 3526 et
1865 3461 2038 3547 quod
2085 3462 2325 3527 facient
2372 3463 2552 3526 illam
2600 3463 2909 3526 desistere
2957 3462 3040 3526 ab
3087 3463 3200 3525 illa
3247 3464 3693 3527 molestatione
3758 3485 3870 3526 seu
3929 3462 4194 3548 querela
4254 3461 4373 3525 sub

729 3592 899 3657 pena
946 3570 1259 3657 predicta,
1295 3570 1385 3633 ita
1433 3569 1603 3655 quod
1652 3591 1820 3656 pena
1867 3571 1929 3633 in
1982 3570 2155 3634 omni
2203 3569 2502 3656 Capitulo
2549 3577 2613 3633 et
2660 3592 2777 3656 pro
2827 3570 3117 3655 quolibet
3151 3570 3450 3658 Capitulo
3486 3571 3674 3634 toties
3706 3570 3836 3657 peti
3871 3570 4071 3656 possit
4105 3577 4166 3632 ct
4200 3569 4375 3654 exigi

729 3679 981 3763 quoties
1044 3678 1353 3742 commisa
1414 3677 1644 3759 fuerit,
1691 3698 1985 3763 penaque
2049 3677 2261 3740 soluta
2322 3678 2425 3741 vel
2492 3699 2651 3760 non,
2702 3677 2875 3741 dicta
2935 3679 3120 3742 firma
3173 3679 3301 3742 sint
3363 3686 3426 3742 et
3489 3687 3650 3742 rata.
3699 3677 4006 3741 Preterea
4069 3677 4376 3741 Nicolaus

733 3783 1004 3847 Oradini
1053 3783 1362 3865 notarius,
1414 3782 1712 3847 Sindicus
1744 3803 1860 3847 seu
1906 3783 2300 3846 Procurator
2347 3783 2888 3868 parochianorum
2939 3783 3137 3868 ipsius
3184 3783 3452 3847 ecclesie
3501 3783 3707 3847 sancti
3745 3783 4094 3865 Ambrosii,
4129 3782 4374 3846 habens

735 3890 816 3954 ad
866 3892 987 3955 hoc
1035 3891 1313 3977 speciale
1362 3891 1759 3973 mandatnm,
1794 3898 1864 3955 ut
1911 3891 1974 3954 in
2026 3891 2250 3955 charta
2300 3892 2538 3978 scripta
2572 3913 2765 3956 manu
2800 3891 3048 3956 Mathe-i
3078 3892 3333 3956 Alberti
3365 3892 3444 3955 de
3477 3892 3692 3956 Libris
3724 3892 3960 3955 notarii
3992 3891 4372 3972 continetur,

739 4019 776 4060 a
825 3998 1011 4063 dictis
1058 3998 1491 4085 parochianiS,
1532 3998 1670 4062 vice
1719 4020 1793 4062 ac
1841 3998 2098 4062 nomine
2148 3998 2434 4084 ipsorum
2474 3999 3035 4084 parochianorum,
3071 4000 3412 4082 consensit,
3447 3998 3621 4063 dedit
3671 4007 3733 4063 et
3781 3999 4028 4062 remisit
4072 4019 4375 4084 expresse

742 4127 928 4170 omne
971 4107 1079 4191 jus
1113 4113 1513 4193 patronatus,
1548 4107 1601 4170 si
1637 4106 1807 4192 quod
1841 4106 2083 4170 habent
2129 4108 2379 4171 ratione
2422 4108 2935 4193 juspatronatus,
2971 4116 3083 4171 aut
3130 4107 3607 4171 consuetudinis
3658 4107 3722 4171 in
3769 4106 4058 4194 predicta
4106 4106 4377 4170 ecclesia

735 4214 943 4278 sancti
988 4213 1356 4296 Ambrosii,
1405 4213 1576 4277 dicto
1638 4213 1895 4277 domino
1952 4213 2149 4278 Petro
2198 4214 2736 4301 archipresbitero
2786 4214 2992 4297 plebis
3040 4214 3462 4278 Montisbellii
3518 4214 3855 4300 stipulanti
3918 4222 3981 4279 et
4042 4213 4376 4300 recipienti

735 4322 875 4385 vice
923 4343 998 4385 ac
1049 4321 1304 4384 nomine
1352 4320 1520 4385 dicte
1568 4321 1774 4407 plebis
1820 4327 1885 4384 et
1932 4320 2200 4385 ecclesie
2248 4321 2459 4385 sancti
2504 4320 2834 4385 Ambrosii
2882 4322 3239 4403 antedicto,
3289 4322 3380 4385 ita
3431 4321 3603 4408 quod
3649 4322 3920 4386 liberam
3967 4321 4205 4385 habeat
4253 4321 4378 4384 ele-

733 4429 1006 4492 ctionem
1068 4428 1336 4492 rectoris
1385 4428 1447 4490 in
1496 4426 1667 4492 dicta
1714 4426 1986 4491 ecclesia
2035 4428 2244 4492 sancti
2292 4427 2660 4510 Ambrosii3
2708 4429 3088 4514 promittens
3138 4430 3200 4492 in
3249 4429 3543 4493 omnibus
3591 4438 3654 4492 et
3702 4450 3817 4514 per
3865 4428 4100 4510 omnia,
4148 4434 4212 4492 et
4257 4427 4376 4491 sub

740 4535 968 4599 eadem
1014 4556 1202 4621 pena,
1252 4533 1606 4598 secundum
1654 4533 1826 4619 quod
1876 4533 2120 4598 Sindici
2171 4534 2546 4599 Communis
2593 4535 2888 4599 Bononie
2935 4536 3205 4621 predicti
3253 4537 3682 4623 promiserunt
3716 4536 3972 4600 nomine
4008 4535 4377 4600 Communis

736 4642 1026 4707 Bononie
1074 4649 1146 4705 ut
1192 4642 1487 4728 superius
1546 4642 1928 4724 continetur,
1977 4642 2205 4706 eodem
2253 4642 2355 4706 die
2408 4642 2701 4737 Bononie
2750 4643 2815 4707 in
2865 4664 3122 4707 camera
3168 4643 3411 4708 domini
3456 4642 3717 4707 Andrec
3767 4643 4192 4729 infrascripti,
4233 4664 4377 4728 prc-

729 4749 1018 4814 sentibus
1081 4750 1353 4814 testibus
1416 4749 1790 4835 presbiteris
1853 4749 2202 4814 Fermento
2263 4757 2328 4814 et
2374 4750 2796 4815 Aldevrando
2844 4750 3241 4837 cappellanis
3290 4751 3578 4816 sacristie
3627 4750 3895 4815 ecclesie
3948 4752 4154 4814 sancti
4199 4750 4378 4814 Petri

732 4857 1142 4921 bononiensis
1192 4866 1256 4921 et
1304 4857 1760 4922 Carnelcvario
1810 4858 2064 4940 clericO,
2099 4858 2358 4923 domino
2408 4859 2712 4923 Gabriele
2761 4859 3084 4945 quondam
3132 4859 3373 4923 domini
3420 4859 3720 4923 Ubertini
3769 4860 4072 4945 episcopi,
4106 4859 4364 4923 domino

722 4965 1083 5029 Ariinundo
1132 4965 1372 5028 domini
1414 4964 1677 5029 Albrici
1724 4964 1803 5028 de
1854 4964 2090 5030 Sancto
2141 4966 2336 5030 Petro
2386 4975 2449 5030 et
2497 4967 2640 5030 aliis
2689 4966 3002 5053 pluribus,
3039 4967 3334 5030 dominus
3381 4966 3680 5031 Andreas
3727 4966 3985 5031 Reuzus
4019 4966 4363 5032 canonicus

724 5071 1135 5136 bononiensis
1178 5073 1404 5156 jacens
1454 5073 1519 5135 in
1563 5073 1730 5136 lecto
1795 5072 2118 5155 infirmus,
2169 5074 2470 5138 omnibus
2519 5082 2580 5137 et
2628 5074 2900 5160 singulis
2949 5074 3333 5160 supradictis
3395 5075 3755 5156 consensit,
3804 5083 3867 5138 et
3915 5095 3992 5138 ea
4040 5075 4254 5138 omnia
4302 5085 4365 5139 et

726 5179 983 5263 singula
1050 5179 1435 5265 approbavit
1482 5187 1545 5243 et
1593 5179 1956 5243 ratificavit.
2006 5179 2252 5244 Eodem
2302 5180 2404 5244 die
2455 5180 2517 5244 in
2567 5203 2822 5244 camera
2871 5181 3111 5244 domini
3169 5181 3413 5245 Prioris
3477 5182 3681 5245 sancti
3744 5180 4101 5245 Salvatoris
4166 5182 4362 5246 bono·

728 5286 987 5368 niensis,
1039 5286 1446 5372 presentibus
1493 5286 1765 5350 testibus
1812 5285 2071 5351 domino
2119 5287 2424 5351 Gabriele
2473 5295 2537 5351 et
2584 5288 2842 5351 domino
2889 5287 3248 5352 Arimnndo
3296 5288 3620 5375 predictiS,
3671 5289 3979 5374 magistro
4029 5288 4361 5353 Bernardo

725 5394 1049 5480 parmensi
1096 5401 1161 5457 et
1209 5395 1520 5479 magistro
1567 5393 1857 5458 Berardo
1914 5394 1993 5459 de
2043 5394 2418 5477 Camerino,
2468 5395 2764 5461 dominus
2828 5395 3014 5461 Oddo
3064 5396 3426 5483 prepositus
3473 5396 3806 5478 Faventie,
3856 5397 4201 5461 canonicus
4249 5396 4361 5461 bo·

727 5502 1072 5585 noniensis,
1102 5501 1328 5585 jacens
1375 5503 1440 5565 in
1488 5502 1656 5567 lecto
1704 5502 2013 5582 infirmus,
2065 5502 2359 5567 omnibus
2407 5503 2792 5589 supradictis
2841 5504 3182 5584 consensit,
3217 5511 3282 5567 et
3329 5525 3406 5567 ea
3455 5504 3667 5567 omnia
3718 5521 3780 5567 ct
3829 5504 4082 5589 singula
4133 5526 4364 5590 appro-

722 5607 902 5672 bavit
951 5615 1016 5672 et
1060 5609 1426 5674 ratificavit.
1460 5610 1707 5675 Eodem
1755 5632 1925 5675 anno
1973 5617 2038 5674 et
2085 5610 2433 5675 indictione
2481 5610 2791 5696 predicta,
2825 5611 2928 5674 die
2970 5610 3452 5696 decimaquarta
3487 5613 3764 5676 intrante
3798 5622 4094 5698 augusto,
4129 5612 4193 5674 in
4225 5612 4362 5674 sala

724 5715 951 5780 domus
1000 5717 1341 5803 presbiteri
1386 5717 1815 5803 Bombologni
1864 5717 2278 5805 infrascripti,
2313 5718 2719 5804 presentibus
2768 5717 3040 5782 testibus
3085 5715 3443 5804 presbitero
3478 5718 3825 5784 Guillelmo
3859 5719 4126 5784 ecclesie
4160 5720 4364 5783 sancti

722 5823 1048 5909 Prosperi,
1097 5823 1357 5888 domino
1407 5825 1714 5889 Gabriele
1763 5833 1827 5889 et
1874 5825 2131 5889 domino
2180 5826 2543 5890 Arimundo
2590 5826 2917 5913 predictis,
2968 5834 3030 5890 et
3077 5826 3347 5891 Nicolao
3396 5826 3686 5908 Oradini,
3729 5826 3991 5892 Matheo
4041 5827 4365 5913 quondam

721 5932 976 5996 Alberti
1024 5931 1103 5996 de
1151 5932 1366 5996 Libris
1414 5942 1479 5997 et
1526 5934 1670 5998 aliis
1717 5933 2045 6019 pluribus,
2094 5934 2390 5999 dominus
2456 5935 2775 6022 presbiter
2834 5935 3320 6020 Bombolognns
3370 5936 3869 6022 archipresbiter
3929 5935 4361 6017 bononiensis,

722 6039 1019 6103 omnibns
1069 6047 1133 6103 et
1181 6040 1452 6125 singulis
1499 6040 1885 6127 supradictis
1935 6041 2276 6124 consensit,
2311 6049 2375 6105 et
2423 6064 2499 6105 ea
2548 6042 2763 6106 omnia
2813 6049 2876 6106 et
2918 6042 3174 6127 singula
3207 6041 3590 6129 approbavit
3625 6051 3688 6106 et
3724 6042 4083 6106 ratificavit.
4119 6041 4364 6105 Eodem

722 6145 825 6209 die
872 6145 1166 6211 Bononie
1215 6148 1278 6210 in
1331 6146 1528 6212 Curia
1576 6148 1801 6212 domus
1859 6169 1973 6211 seu
2023 6148 2282 6235 hospitii
2333 6150 2659 6234 quondam
2705 6149 2946 6215 domini
2991 6150 3463 6216 Aldrevandini
3511 6149 3588 6214 de
3629 6148 4186 6235 PrendipartibuS,
4220 6169 4363 6235 pre·

723 6254 1010 6317 sentibus
1058 6254 1245 6318 dictis
1293 6254 1586 6338 testibus,
1636 6254 1933 6318 dominus
1982 6255 2227 6338 Tisius,
2276 6255 2540 6320 Electus
2588 6257 2913 6321 feltrensis
2961 6268 3023 6322 et
3071 6258 3473 6341 belunensis,
3525 6257 3868 6321 canonicus
3915 6256 4361 6336 bononiensis,

881 6487 960 6552 (ι)
1002 6486 1105 6538 sic.
