5542 7775
1221 659 1252 729 1
1275 660 1309 729 1
1325 662 1368 728 4
2787 676 3268 727 Honorinum

1211 834 1484 922 predicti
1527 833 1956 899 bononienses
2003 832 2260 897 fuerant
2308 833 2620 897 hactenus
2666 832 2959 917 ejusdem
3005 831 3295 896 Ecclesie
3344 832 3561 896 devoti
3602 831 3737 913 filii,
3772 838 3837 895 et
3868 852 4008 895 esse
4041 840 4355 918 perpetuo
4388 832 4858 918 proponebant,

1211 950 1275 1006 et
1322 941 1494 1027 quod
1542 941 1711 1005 idem
1758 940 2034 1026 populus
2083 940 2145 1004 in
2194 940 2457 1004 servitio
2504 940 2798 1023 ejusdem
2844 939 3134 1003 Ecclesie
3183 945 3408 1003 contra
3453 938 3788 1003 indevotos
3835 938 4035 1024 ipsius
4077 938 4462 1023 sangninem
4495 960 4684 1002 suum
4716 939 4861 1004 fun·

1210 1049 1363 1113 dere
1410 1056 1475 1113 et
1520 1048 1693 1112 bona
1739 1069 1858 1111 sua
1905 1068 2229 1133 exponere
2278 1047 2540 1110 minime
2589 1045 2954 1129 dubitarat,
3002 1047 3312 1132 populum
3373 1046 3582 1131 ipsum
3630 1045 4048 1130 dignaremur
4111 1045 4432 1132 respicere
4490 1046 4677 1110 oculo
4723 1047 4859 1134 pie-

1209 1157 1395 1237 tatis,
1445 1157 1633 1240 eique
1694 1155 1991 1219 redeunti
2045 1161 2110 1218 et
2156 1154 2471 1240 penitenti
2530 1155 2742 1217 sinum
2803 1161 2867 1216 et
2931 1153 3248 1239 gremium
3310 1152 3602 1237 ejusdem
3663 1152 3953 1216 Ecclesie
4016 1152 4515 1217 misericorditer
4580 1155 4867 1239 aperire,

1208 1263 1577 1348 dictumque
1623 1262 1935 1347 populum
1981 1259 2281 1344 dirigere,
2317 1268 2387 1324 ut
2435 1260 2663 1324 civitas
2705 1259 2995 1344 predicta
3027 1260 3147 1323 snb
3181 1259 3301 1323 alis
3334 1259 3593 1345 pietatis
3625 1266 3840 1323 nostre
3887 1265 3953 1322 et
3996 1258 4288 1343 ejusdem
4319 1258 4610 1339 Ecclesie
4643 1268 4860 1345 posset

1208 1372 1272 1434 in
1322 1370 1500 1455 pacis
1547 1368 1949 1454 plenitudine
1998 1375 2064 1431 et
2110 1366 2589 1452 pulchritudine
2637 1366 3009 1452 gubernari.
3059 1366 3369 1451 Idemque
3417 1366 3699 1430 sindicus
3732 1372 3795 1429 et
3828 1373 4207 1452 procurator
4246 1365 4496 1430 habens
4529 1366 4611 1430 ad
4644 1367 4860 1431 omnia

1207 1485 1273 1542 et
1316 1477 1577 1561 singula
1625 1474 2037 1562 infrascripta
2084 1473 2626 1559 recognoscenda,
2676 1474 3035 1555 tractanda,
3083 1472 3383 1559 petenda,
3431 1472 3875 1558 supplicanda,
3919 1472 4236 1554 facienda,
4269 1473 4725 1559 promittenda,
4752 1475 4858 1558 jn-

1205 1583 1449 1665 randa,
1499 1581 1889 1668 perficienda
1951 1590 2016 1645 et
2074 1580 2455 1667 complenda
2511 1580 2792 1666 speciale
2841 1579 3250 1661 mandatum,
3300 1578 3644 1643 sindicario
3691 1585 3756 1642 et
3802 1580 4246 1664 procuratorio
4309 1580 4564 1644 nomine
4621 1581 4858 1645 consti-

1206 1691 1527 1755 tuentium
1574 1688 1945 1753 eorumdem
1993 1687 2224 1752 devote
2282 1693 2347 1752 et
2414 1687 2742 1751 humiliter
2806 1686 3137 1751 confessus
3203 1685 3326 1750 fnit
3386 1692 3451 1750 et
3512 1686 3707 1749 etiam
3753 1686 4165 1769 recognovit,
4214 1686 4386 1772 quod
4435 1687 4576 1774 ipsa
4630 1688 4860 1751 civitas

1204 1798 1648 1879 bononiensis,
1699 1817 1773 1859 ac
1822 1796 2164 1860 comitatus
2209 1802 2274 1859 et
2321 1795 2648 1859 districtus
2695 1793 2988 1879 ejusdem
3034 1794 3225 1879 pleno
3268 1795 3415 1878 jure
3464 1793 3527 1856 in
3577 1793 4040 1878 temporalibus
4099 1792 4311 1878 quoad
4377 1793 4732 1858 dominium
4794 1804 4860 1858 et

1207 1928 1454 1971 merum
1503 1914 1568 1969 et
1624 1905 1898 1968 mixtum
1959 1903 2300 1989 imperium
2361 1910 2425 1967 et
2487 1901 2921 1967 omnimodam
2982 1900 3496 1986 jurisdictionem
3545 1900 3628 1964 ad
3675 1921 4008 1965 romanam
4057 1900 4419 1965 Ecclesiam
4467 1903 4530 1965 in
4578 1902 4859 1967 solidum

1208 2013 1640 2101 pertinebant,
1690 2034 1765 2076 ac
1811 2012 2007 2075 etiam
2054 2011 2499 2096 pertinuerant
2545 2010 2628 2074 ab
2676 2011 2971 2094 antiquo,
3016 2031 3090 2073 ac
3133 2009 3379 2094 juravit
3427 2009 3510 2072 ad
3556 2016 3742 2072 santa
3789 2008 3914 2073 Dei
3963 2009 4306 2093 evangelia
4354 2031 4394 2073 a
4439 2030 4509 2073 se
4558 2011 4857 2096 supradi-

1208 2122 1327 2199 ctis
1372 2119 1738 2185 nominibus
1786 2127 1850 2183 et
1897 2119 1963 2181 in
2012 2118 2262 2181 animas
2310 2117 2837 2181 constituentium
2885 2116 3340 2203 predictorum,
3390 2116 3811 2201 corporaliter
3853 2124 4081 2202 sponte
4130 2122 4324 2197 tacta,
4369 2116 4573 2180 dictos
4620 2118 4859 2182 consti-

1209 2238 1465 2293 tuentes
1513 2246 1977 2311 recognoscere
2026 2247 2142 2289 nos
2208 2232 2273 2288 et
2335 2246 2556 2289 omncs
2623 2245 2925 2288 romanos
2986 2223 3336 2288 Pontifices
3393 2244 3796 2287 successores
3858 2230 4111 2287 nostros
4173 2244 4362 2287 veros
4429 2245 4570 2287 esse
4634 2246 4860 2289 eorum

1205 2336 1519 2415 dominos,
1570 2355 1815 2419 nosque
1862 2340 1927 2396 et
1974 2353 2377 2397 successores
2425 2331 2685 2396 eosdem
2730 2353 2849 2417 pro
2898 2331 3067 2395 veris
3115 2353 3338 2395 eornm
3387 2330 3661 2394 dominis
3695 2331 3760 2393 in
3792 2338 4176 2416 perpetuum
4217 2330 4458 2395 habere
4502 2339 4566 2395 et
4613 2339 4856 2415 tenere,

1206 2466 1281 2507 ac
1330 2443 1551 2524 nobis,
1602 2449 1819 2506 nostro
1889 2446 1954 2504 et
2008 2461 2452 2504 successorum
2500 2446 2867 2503 nostrorum
2922 2446 2987 2502 et
3035 2437 3324 2522 ejusdem
3374 2459 3637 2502 romane
3685 2437 3975 2502 Ecclesie
4039 2438 4334 2520 nomine,
4383 2439 4861 2524 possessionem

1205 2560 1269 2615 et
1318 2551 1502 2636 quasi
1551 2549 1868 2629 civitatis,
1926 2547 2269 2611 comitatus
2318 2558 2381 2610 et
2429 2546 2795 2627 districtus,
2843 2567 2918 2608 ac
2965 2546 3127 2609 meri
3173 2551 3237 2608 et
3283 2545 3470 2608 mixti
3517 2545 3769 2630 imperij
3819 2552 3882 2608 et
3940 2545 4303 2609 omnimode
4363 2545 4858 2629 jurisdictionis,

1209 2679 1325 2722 nec
1373 2679 1500 2721 non
1550 2666 1913 2721 ceterorum
1954 2655 2198 2739 jurium
2246 2654 2545 2735 civitatiS,
2596 2654 2938 2717 comitatus
2986 2660 3052 2716 et
3098 2653 3425 2717 districtus
3471 2653 3863 2735 eorumdem,
3912 2653 4145 2738 quibus
4194 2674 4331 2734 nos,
4366 2674 4442 2717 ac
4491 2652 4665 2716 idem
4710 2674 4858 2738 pre-

1204 2766 1505 2830 decessor
1554 2771 1771 2828 noster
1816 2772 1880 2828 et
1928 2763 2155 2827 eadem
2204 2784 2472 2825 romana
2532 2761 2826 2825 Ecclesia
2891 2761 3256 2843 fueramuS,
3307 2767 3376 2823 ut
3434 2760 3854 2846 premittitur,
3903 2760 4196 2845 spoliati,
4245 2761 4435 2846 plene
4485 2768 4549 2824 et
4599 2761 4853 2846 integre

1206 2875 1545 2937 restituere
1595 2872 1864 2935 reddere
1913 2878 1977 2935 et
2023 2871 2444 2954 reintegrare.
2494 2868 2577 2932 Et
2640 2890 2724 2932 ex
2788 2876 2939 2932 tunc
3000 2868 3170 2931 idem
3218 2867 3500 2930 sindicus
3547 2874 3611 2930 et
3658 2874 4037 2953 procurator
4091 2888 4170 2930 ea
4218 2868 4433 2931 omnia
4482 2876 4546 2932 et
4593 2869 4854 2953 singula

1204 2981 1388 3045 nobis
1437 2988 1500 3044 et
1549 2979 1791 3043 eisdem
1840 2977 2318 3042 successoribus
2369 3000 2442 3040 ac
2490 2976 2699 3040 eidem
2744 2997 3011 3039 romane
3058 2975 3349 3039 Ecclesie
3397 2975 3596 3038 libere
3630 2974 3974 3038 sindicario
4007 2982 4071 3038 et
4104 2976 4548 3060 procuratorio
4592 2976 4850 3040 nomine

1206 3088 1576 3174 supradicto
1624 3086 1840 3150 verbis
1890 3086 2213 3171 expressis
2273 3085 2531 3149 omnino
2588 3083 2863 3163 dimisit,
2913 3104 3155 3168 nosque
3205 3089 3268 3145 et
3315 3103 3717 3145 successores
3764 3089 4015 3146 nostros
4064 3090 4126 3145 et
4174 3082 4467 3145 eamdem
4516 3104 4852 3147 romanam

1204 3195 1565 3259 Ecclesiam
1614 3194 1828 3257 verbis
1878 3192 2201 3278 expressis
2261 3192 2685 3276 reintegravit
2733 3200 2798 3255 et
2843 3190 3122 3254 restituit
3169 3188 3357 3274 plene
3414 3196 3478 3253 et
3539 3189 3739 3253 libere
3802 3189 3884 3252 ad
3952 3189 4191 3253 dietam
4251 3190 4720 3275 possessionem
4785 3196 4850 3254 et

1203 3304 1388 3388 quasi
1451 3312 1514 3366 et
1577 3301 1660 3364 ad
1716 3300 1931 3365 omnia
1978 3308 2042 3364 et
2088 3299 2345 3385 singula
2393 3300 2800 3385 supradicta3
2850 3308 2914 3364 et
2961 3300 3024 3362 in
3075 3298 3331 3383 signum
3379 3305 3443 3361 et
3489 3297 3746 3362 nomine
3794 3297 4156 3361 traditionis
4204 3297 4572 3381 hujusmodi
4627 3319 4850 3384 corpo-

1204 3411 1358 3474 ralis
1406 3409 1849 3496 possessionis,
1884 3416 1948 3472 et
1997 3409 2201 3494 quasi,
2236 3429 2311 3472 ac
2359 3408 2784 3471 restitutionis
2833 3413 2896 3470 et
2945 3406 3466 3491 reintegrationis
3513 3404 3948 3491 predictarum
3995 3405 4211 3468 claves
4244 3405 4524 3469 civitatis
4556 3405 4849 3488 ejusdem

1202 3517 1548 3582 sindicario
1598 3526 1661 3580 et
1709 3515 2150 3602 procuratorio
2200 3516 2456 3579 nomine
2514 3514 2884 3601 supradicto
2949 3514 3133 3577 nobis
3195 3514 3259 3576 in
3324 3513 3549 3577 eodem
3613 3512 3870 3598 publico
3935 3511 4311 3576 consistorio
4374 3511 4852 3597 presentialiter

1204 3626 1470 3691 tradidit
1525 3632 1589 3689 et
1636 3625 1899 3688 realiter
1946 3624 2323 3708 assignavit,
2361 3645 2436 3687 ac
2484 3623 2777 3708 promisit
2825 3622 3197 3685 solemniter
3244 3643 3320 3685 ac
3363 3620 3608 3705 juravit
3656 3620 3912 3684 nomine
3961 3627 4025 3683 et
4072 3619 4136 3682 in
4180 3620 4429 3682 animas
4460 3620 4851 3683 constituen-

1203 3736 1362 3799 tium
1409 3732 1866 3820 predictorum,
1917 3730 2087 3817 quod
2136 3731 2306 3794 infra
2354 3731 2766 3794 medietatem
2813 3738 2965 3794 tunc
3014 3729 3305 3816 proxime
3355 3727 3590 3808 future,
3640 3748 3808 3791 nunc
3856 3727 4147 3812 proxime
4195 3726 4522 3812 preterito,
4572 3726 4850 3810 quadra-

1198 3842 1442 3928 gesime
1491 3840 1644 3905 dicti
1692 3860 2065 3921 commune,
2116 3838 2505 3902 universitas
2551 3846 2617 3902 et
2665 3835 2940 3923 populus
2989 3835 3227 3901 dictam
3274 3835 3766 3921 possessionem,
3815 3842 3880 3898 et
3927 3834 4131 3919 quasi,
4178 3832 4463 3898 omnium
4511 3839 4574 3896 et
4622 3833 4846 3918 singu·

1201 3951 1409 4014 lorum
1455 3949 1893 4035 predictorum
1941 3946 2036 4010 illi
2076 3968 2196 4032 ‚seu
2245 3946 2372 4009 illis
2421 3946 2733 4032 personis,
2784 3966 2976 4030 quam
3027 3966 3141 4008 seu
3190 3965 3350 4029 quas
3399 3942 3480 4006 ad
3529 3942 3646 4006 hec
3695 3942 4172 4028 deputaremUS,
4208 3940 4489 4023 realiter,
4523 3942 4736 4026 plene,
4786 3949 4852 4006 et

1202 4059 1453 4142 integre
1500 4056 1866 4138 redderent,
1916 4055 2329 4119 restituerent
2374 4061 2438 4116 et
2487 4053 2897 4137 assignarent
2943 4059 3162 4116 nostro
3210 4059 3274 4115 et
3335 4050 3651 4115 dictorum
3717 4070 4159 4113 successorum
4221 4057 4286 4111 et
4343 4048 4510 4112 dicte
4557 4048 4849 4112 Ecclesie

1204 4165 1461 4229 nomine
1509 4162 1967 4248 recipiendam,
2002 4160 2370 4225 habendam
2418 4168 2481 4224 et
2529 4159 2875 4226 tenendam
2921 4160 3123 4223 libere
3172 4165 3237 4223 et
3283 4158 3526 4244 absque
3574 4157 4029 4243 impedimento
4079 4177 4502 4242 quocumque.
4544 4156 4852 4220 Promisit

1202 4272 1399 4336 etiam
1448 4271 1840 4351 solemniter,
1876 4277 1940 4333 et
1980 4270 2227 4354 juravit
2274 4268 2532 4332 nomine
2580 4275 2643 4331 et
2693 4268 2755 4331 in
2806 4267 3089 4331 animam
3137 4266 3661 4331 constituentium
3707 4264 4160 4350 predictorum,
4196 4263 4368 4349 quod
4414 4264 4481 4326 in
4519 4263 4848 4328 civitatem

1201 4380 1516 4460 eamdem,
1567 4381 1837 4464 ejusque
1886 4377 2259 4441 comitatum
2306 4385 2370 4439 et
2418 4375 2779 4439 districtum
2823 4374 3225 4439 Ludovicum
3274 4373 3351 4437 de
3399 4373 3703 4456 Bavaria,
3739 4372 3843 4436 vel
3890 4371 4179 4457 quemvis
4228 4371 4684 4457 imperatorem
4732 4393 4848 4435 seu

1202 4509 1420 4572 regem
1473 4507 1904 4565 romanorum,
1939 4485 2042 4547 vel
2091 4484 2170 4547 de
2218 4484 2502 4569 ipsorum
2552 4482 2853 4567 gentibus
2901 4481 3183 4566 aliquem
3221 4481 3326 4543 vel
3374 4481 3625 4565 aliquos
3674 4480 3975 4543 notabilis
4021 4478 4503 4564 proeminentie,
4539 4478 4846 4564 potentie,

1202 4617 1316 4659 seu
1364 4593 1724 4680 potestatis,
1775 4593 1853 4656 de
1902 4613 2030 4678 quo
2078 4591 2181 4654 vel
2229 4591 2461 4676 quibus
2507 4597 2726 4675 posset
2775 4588 3208 4652 verisimiliter
3267 4587 3550 4651 dubitari
3611 4608 3724 4650 seu
3778 4586 4063 4673 presumi
4125 4586 4551 4649 mutationem
4610 4592 4847 4668 status,

1198 4704 1303 4767 vel
1350 4702 1840 4787 occupationem
1888 4699 2166 4764 civitatis
2214 4697 2505 4782 ejusdem
2552 4696 2789 4760 debere
2839 4697 3211 4780 contingere
3261 4695 3570 4758 adversus
3617 4716 3733 4757 nos
3775 4701 3838 4757 et
3871 4692 4230 4757 Ecclesiam
4263 4701 4686 4756 memoratam
4719 4714 4864 4762 non

1200 4811 1709 4890 introducerent,
1745 4830 1872 4872 non
1921 4812 2323 4870 assumerent
2370 4826 2487 4868 nec
2535 4804 2895 4889 reciperent
2942 4803 3185 4890 absque
3224 4802 3486 4866 licentia
3521 4801 3703 4866 Sedis
3738 4801 4112 4887 Apostolice
4146 4800 4465 4885 specialia,
4499 4821 4616 4884 per
4647 4800 4848 4885 ipsius

1197 4919 1420 4983 literas
1469 4916 1947 4981 concessionem
1995 4913 2252 4977 lieentie
2301 4911 2671 4996 hujusmodi
2719 4911 3085 4996 specialiter
3131 4911 3602 4995 exprimentcS,
3652 4931 3726 4972 ac
3775 4908 4189 4971 nihilominus
4237 4906 4405 4970 idem
4453 4906 4735 4970 sindicus
4784 4915 4848 4971 et

1197 5033 1578 5113 procurator
1623 5022 1969 5087 sindicario
2025 5028 2090 5085 et
2136 5019 2580 5107 procuratorio
2629 5018 2886 5083 nomine
2936 5018 3329 5100 eorumdem,
3365 5025 3554 5103 prout
3600 5017 3787 5102 plene
3819 5021 4073 5102 poterat
4107 5036 4192 5078 ex
4224 5015 4460 5079 virtute
4494 5014 4847 5078 sindicatus

1196 5142 1260 5198 et
1308 5131 1737 5219 procuratorij
1787 5131 1887 5193 sui
1932 5151 2049 5215 per
2095 5149 2243 5192 eum
2290 5127 2475 5191 nobis
2524 5126 2746 5208 oblati,
2784 5126 2954 5211 quod
3002 5126 3066 5189 in
3115 5126 3377 5189 archivo
3427 5123 3715 5208 ejusdem
3757 5144 4021 5187 romane
4053 5122 4343 5186 Ecclesie
4392 5122 4664 5186 facimus
4696 5143 4846 5186 con-

1195 5240 1464 5322 servari,
1500 5239 1583 5303 ad
1632 5245 1858 5301 sancta
1904 5236 2031 5300 Dei
2077 5235 2441 5320 evangelia,
2478 5256 2593 5320 per
2632 5255 2782 5297 eum
2828 5240 3022 5314 tacta,
3059 5232 3358 5295 videlicet
3406 5237 3634 5317 quarto
3683 5229 3824 5294 idus
3874 5229 4153 5294 octobris
4200 5229 4611 5315 pontificatus
4643 5229 4848 5292 nostri

1196 5370 1365 5413 anno
1414 5356 1644 5432 quarto
1686 5347 2061 5431 juramenta
2109 5343 2295 5407 nobis
2343 5342 2625 5428 prestitit
2672 5341 2738 5403 in
2795 5340 2916 5404 hac
2980 5340 3222 5403 forma:
3282 5364 3312 5396 «
3360 5338 3494 5424 Eyo
3544 5338 3868 5402 Rotundus
3913 5337 4220 5422 quondam
4264 5337 4492 5420 fratris
4539 5335 4850 5400 Johannis

1199 5458 1274 5521 cle
1320 5455 1642 5538 Fantucijs
1687 5456 1831 5518 ciris
1875 5452 2275 5533 bononiensia,
2307 5450 2584 5514 sindicus
2623 5456 2677 5512 et
2711 5455 3086 5533 procurator
3129 5448 3405 5528 civitati-3,
3452 5448 3809 5526 communia
3856 5445 4271 5508 universitatis
4316 5451 4370 5508 et
4402 5444 4624 5528 populi
4666 5442 4847 5507 bono-

1196 5567 1446 5646 niensiS,
1470 5565 1763 5647 promitto
1804 5569 1857 5625 et
1886 5562 2044 5641 juro
2089 5562 2333 5623 nomine
2377 5566 2431 5622 et
2478 5560 2543 5621 in
2591 5559 2836 5621 animas
2879 5557 3368 5620 constituentium
3405 5555 3848 5638 predictorum,
3881 5553 4043 5638 quod
4073 5554 4300 5634 cit-itas,
4333 5573 4671 5634 commune,
4705 5554 4846 5615 uni·

1195 5675 1447 5737 versitas
1493 5679 1547 5734 et
1582 5670 1854 5755 populus
1898 5668 2300 5748 bononiensis,
2348 5687 2419 5729 cc
2463 5670 2782 5729 comitatus
2827 5671 2880 5729 et
2926 5665 3237 5728 districtus
3283 5662 3572 5746 ejusdem,
3607 5683 3712 5725 nec
3757 5682 3880 5725 non
3927 5661 4272 5724 communia
4318 5667 4372 5723 et
4419 5660 4846 5723 universitates

1195 5780 1500 5843 dictorum
1559 5779 1877 5841 comitatus
1924 5783 1977 5838 et
2022 5775 2337 5838 districtus
2381 5773 2456 5836 ab
2499 5773 2612 5836 hac
2657 5773 2811 5836 hora
2857 5774 2922 5835 in
2968 5779 3149 5836 antea
3190 5771 3399 5853 fideles
3444 5777 3497 5833 et
3543 5769 3874 5833 obedientes
3920 5775 4102 5832 erunt
4146 5766 4313 5831 beato
4361 5766 4564 5848 Petr0,
4611 5773 4846 5850 aposto·

1194 5889 1398 5952 lorum
1434 5887 1734 5971 principi,
1768 5891 1820 5948 et
1867 5882 2025 5946 cobis
2069 5884 2446 5946 sanctissimo
2480 5882 2660 5966 patri
2692 5888 2744 5944 et
2777 5881 3020 5944 domino
3052 5887 3256 5943 nostro
3286 5879 3531 5942 domino
3563 5877 3889 5940 Benedicto
3907 5897 4080 5959 papa
4113 5874 4486 5956 duodecitn0‚
4519 5875 4849 5958 vestrisque

1195 5992 1631 6058 successoribus
1675 5993 1959 6056 canonice
2004 5988 2410 6068 intrantibuS,
2456 5996 2777 6073 sancteque
2823 6008 3074 6051 romane
3117 5986 3418 6069 Ecclesie;
3464 5992 3518 6048 et
3565 6006 3687 6048 non
3735 5990 3917 6048 erunt
3964 5985 4028 6046 in
4075 5982 4321 6045 consilio
4366 5988 4476 6045 aut
4521 6002 4846 6062 consensu,

1188 6105 1279 6168 rel
1319 6103 1505 6186 facte,
1555 6101 1716 6186 quod
1760 6101 1945 6163 vitam
1980 6097 2262 6183 perdatis
2306 6104 2415 6160 aut
2462 6094 2827 6178 membrum,
2859 6102 2968 6158 aut
3012 6096 3347 6178 capiamini
3391 6093 3558 6155 inula
3605 6093 3873 6176 captione
3888 6115 3910 6174 ,·
3949 6091 4289 6171 consiliunt,
4323 6088 4487 6173 quod
4525 6090 4608 6152 eis
4651 6088 4847 6151 credi·

1195 6213 1328 6276 turi
1374 6212 1532 6293 estis,
1568 6230 1690 6294 per
1736 6228 1834 6272 ros
1877 6214 1989 6271 aut
2024 6227 2145 6290 per
2188 6206 2508 6277 nuncium,
2554 6225 2661 6267 seu
2707 6204 2918 6266 literas
2961 6202 3046 6264 ad
3090 6209 3354 6265 vestrum
3388 6201 3476 6263 «vel
3507 6200 3661 6263 dicte
3693 6197 3956 6262 Ecclesie
3987 6198 4286 6261 damnum
4328 6198 4583 6260 scienter
4613 6197 4850 6258 nemini

1182 6319 1467 6405 pandent
1484 6341 1508 6402 ,·
1539 6325 1591 6381 et
1623 6318 1676 6380 si
1720 6317 2002 6380 sciverint
2041 6313 2187 6398 fieri
2231 6313 2323 6376 cel
2358 6313 2697 6396 procurari
2741 6332 2846 6374 seu
2892 6311 3151 6373 tractari
3194 6308 3437 6394 aliquid
3476 6307 3638 6392 quod
3665 6308 3742 6370 sit
3773 6307 3840 6369 in
3875 6312 4137 6368 restrum
4174 6305 4260 6368 vel
4289 6303 4554 6367 Ecclesie
4572 6303 4849 6386 predicte

1194 6428 1518 6509 damnum,
1566 6424 1728 6488 illud
1761 6445 1885 6509 pro
1918 6443 2094 6507 posse
2140 6420 2491 6505 impedient,
2525 6427 2578 6483 et
2619 6420 2674 6483 si
2712 6418 3008 6502 impedire
3036 6438 3158 6480 non
3188 6423 3425 6500 possent
3457 6415 3618 6478 illud
3651 6413 3806 6478 robis
3836 6434 3908 6476 ac
3937 6411 4371 6477 successoribus
4402 6412 4613 6475 vestris
4643 6417 4697 6474 et
4729 6411 4848 6493 ipsi

1188 6534 1455 6598 Ecclesie
1498 6531 1845 6618 siqnificare
1889 6528 2217 6593 curabunt.
2256 6526 2565 6610 Papatum
2616 6544 2942 6588 romanum
2991 6531 3044 6587 et
3077 6523 3308 6608 reyalia
3348 6523 3543 6586 sancti
3577 6520 3768 6602 Petri,
3786 6520 3946 6602 jura
3980 6526 4034 6582 et
4049 6518 4512 6602 jurisdictiones
4542 6524 4760 6599 vestra,
4793 6523 4848 6580 et
