5542 7775
1284 564 1315 633 1
1336 563 1433 633 28
2863 577 3347 629 MONUMENTA

1277 737 1522 824 gentijs
1569 746 1633 801 et
1679 737 1910 821 gratijs
1958 735 2343 821 supradictis
2390 734 2676 821 gaudere
2724 734 2892 798 sicut
2945 740 3094 798 ante
3151 733 3471 820 predictos
3518 754 3822 798 excessus
3871 742 3936 798 et
3982 734 4242 821 culpas,
4290 756 4407 820 per
4451 758 4561 801 eos
4608 737 4918 803 adversus

1275 846 1564 932 prefatos
1624 845 1948 930 Legatum
1996 851 2061 909 et
2121 863 2457 908 romanam
2503 842 2865 906 Ecclesiam
2911 849 3338 928 perpetratos,
3388 862 3462 905 ac
3509 863 3849 927 processus
3897 842 4219 928 predictos
4266 843 4459 928 potiri
4508 852 4805 931 poterant
4849 854 4917 912 et

1278 953 1585 1037 gaudere,
1620 973 1749 1017 non
1797 950 2201 1015 obstantibus
2248 949 2756 1036 quibuscumque
2806 949 3146 1034 contrarijs
3193 950 3260 1012 in
3306 948 3493 1012 dictis
3523 949 4064 1014 reconciliationis
4095 950 4387 1034 ejusdem
4428 954 4532 1016 vel
4580 953 4914 1038 quibusvis

1276 1060 1427 1146 alijs
1472 1059 1676 1124 literis
1722 1058 1959 1122 nostris
2008 1057 2360 1137 contentis,
2408 1077 2526 1143 per
2572 1077 2697 1142 que
2742 1056 2993 1120 nullum
3049 1055 3457 1142 presentibus
3517 1055 4048 1142 impedimentum
4093 1056 4311 1122 afferri
4357 1059 4462 1122 vel
4509 1060 4913 1126 obstaculum

1275 1169 1574 1232 volumus
1630 1166 1951 1251 interponi
2016 1163 2357 1250 quominus
2426 1163 2929 1246 declarationes,
2978 1162 3450 1228 moderationes
3513 1172 3578 1228 et
3639 1163 4078 1250 suppletiones
4139 1164 4510 1250 hujusmodi
4569 1174 4635 1232 et
4697 1168 4913 1234 omnia

1273 1282 1576 1341 contenta
1639 1272 2044 1360 presentibus
2106 1271 2311 1336 literis
2374 1270 2635 1357 plenum
2698 1278 3176 1356 consequantur
3229 1270 3530 1335 effectum
3575 1278 3640 1335 et
3688 1271 4134 1335 inconcussam
4179 1272 4462 1336 habeant
4509 1274 4912 1360 firmitatem,

1276 1382 1576 1448 omnibus
1618 1389 1680 1445 et
1730 1380 2001 1465 singulis
2047 1378 2111 1442 in
2159 1378 2403 1444 eisdem
2448 1378 2651 1442 literis
2699 1378 3016 1442 contentis
3065 1378 3603 1443 reconciliationis
3664 1378 3953 1463 ejusdem
4021 1380 4357 1461 contentis,
4408 1390 4726 1466 quatenus
4785 1405 4914 1448 non

1276 1490 1542 1554 obviant
1586 1487 2028 1575 presentibus,
2078 1486 2183 1550 vel
2227 1486 2352 1550 nisi
2399 1492 2717 1572 quatenus
2779 1507 2897 1571 per
2951 1485 3115 1549 alias
3162 1486 3385 1549 literas
3431 1494 3684 1550 nostras
3732 1485 3978 1572 aliquid
4024 1487 4313 1551 extiterit
4359 1488 4796 1573 immutatum,
4841 1492 4912 1559 in

1274 1619 1390 1662 suo
1438 1598 1667 1661 robore
1716 1595 2061 1658 duraturis.
2110 1593 2325 1657 Tenor
2372 1600 2589 1657 autem
2636 1592 2789 1657 dicti
2837 1592 3189 1657 sindicatus
3238 1614 3352 1657 seu
3398 1594 3827 1679 procuratorij
3875 1594 4025 1657 talis
4073 1602 4205 1658 est:

1464 1731 1493 1761 ‹
1542 1704 1623 1768 In
1678 1704 1914 1767 Christi
1960 1703 2229 1783 nomine,
2275 1722 2491 1783 amen,
2539 1709 2592 1764 et
2633 1702 2891 1785 yloriose
2937 1700 3143 1765 Marie
3205 1700 3514 1786 Viryinis,
3560 1703 3776 1765 matris
3819 1702 3987 1785 eius,·
4033 1704 4368 1767 nativitatis
4420 1705 4688 1787 ejusdem
4745 1728 4914 1771 anno

1274 1815 1593 1877 millesimo
1637 1812 2045 1876 trecentesimo
2089 1809 2575 1895 quadrayesimO,
2608 1809 2937 1873 indictione
2985 1816 3212 1891 octat-a,
3245 1809 3344 1872 die
3389 1816 3608 1893 quarto
3653 1811 3878 1873 mensis
3920 1811 4140 1894 aprilis
4154 1833 4177 1893 ,·
4225 1810 4528 1877 Generale
4577 1813 4912 1879 Consilium

1281 1919 1637 1985 Communis
1681 1926 1735 1982 et
1776 1918 1990 2002 populi
2033 1919 2290 1980 civitatis
2334 1914 2758 1998 Bononiensis,
2805 1924 3229 2000 representans
3272 1917 3724 1980 universitatem
3773 1916 3928 1980 dicte
3969 1919 4226 1981 civitatis
4257 1925 4310 1982 et
4356 1919 4669 1984 districtus
4699 1923 4912 2007 ipsius,

1274 2036 1328 2092 et
1374 2030 1435 2092 in
1488 2048 1606 2112 quo
1649 2048 1752 2091 seu
1790 2047 1912 2110 per
1956 2024 2119 2110 quod
2162 2044 2388 2108 maqna
2434 2030 2487 2087 et
2534 2026 2925 2108 quantumw‘s
2969 2023 3178 2086 ardua
3223 2026 3461 2108 neyotia
3505 2023 3653 2087 dicti
3701 2022 4056 2087 Communis
4100 2031 4154 2087 et
4197 2026 4419 2109 populi
4479 2028 4914 2115 cujuscumque

1271 2136 1666 2215 conditionis,
1726 2141 1949 2196 nature
2007 2132 2097 2195 cel
2146 2130 2443 2215 ponderis
2502 2132 2798 2213 existant,
2865 2133 3046 2193 etiam
3109 2132 3163 2193 si
3222 2131 3297 2194 de
3353 2131 3720 2194 alienatione
3779 2131 3871 2195 rel
3929 2131 4320 2196 distractione
4373 2134 4913 2221 qualiumcumque

1271 2241 1566 2306 bonorum
1620 2262 1725 2306 seu
1755 2241 2011 2324 jurium
2058 2240 2249 2323 ipsius
2291 2239 2568 2319 civitatiS,
2613 2240 2931 2301 comitatus
2981 2238 3067 2301 rel
3110 2238 3422 2301 districtus
3466 2245 3772 2323 aqeretur,
3817 2246 4186 2321 tractantur,
4232 2243 4691 2325 examinantur,
4739 2244 4910 2308 ordi-

1274 2358 1512 2414 nantur
1554 2358 1607 2414 et
1653 2350 2089 2428 terminantur,
2123 2353 2177 2410 et
2222 2347 2501 2427 tractari,
2534 2347 2903 2427 examinari,
2943 2346 3230 2409 ordinari
3273 2353 3326 2409 et
3372 2347 3699 2409 terminari
3740 2354 4198 2429 consuet-erunt,
4245 2354 4299 2410 et
4346 2351 4674 2414 terminata
4723 2350 4913 2415 robur

1260 2464 1631 2543 perpetuum
1678 2454 1897 2519 habere
1939 2461 2261 2518 censentur
2298 2461 2350 2517 et
2395 2452 2613 2517 habere
2658 2460 3117 2533 consuererunt,
3163 2453 3351 2516 simul
3392 2452 3481 2515 ad
3525 2452 3928 2537 infrascripta
3973 2455 4321 2538 tractanda,
4366 2456 4742 2540 ordinanda,
4787 2466 4910 2523 ter-

1272 2565 1572 2629 minanda
1619 2572 1671 2628 et
1710 2563 2066 2649 perayenda
2109 2563 2449 2646 specialiter
2489 2560 2693 2625 habita
2740 2563 2986 2626 licentia
3038 2561 3532 2647 Conyreyationis
3571 2563 3762 2646 nasius
3798 2561 4054 2646 Consilij
4079 2585 4120 2626 a
4148 2566 4524 2628 sanctissimo
4557 2568 4623 2629 in
4661 2566 4911 2632 Christo

1258 2680 1443 2757 patre
1506 2679 1559 2735 et
1608 2672 1876 2735 Domino
1936 2677 2175 2749 nostro,
2222 2669 2468 2732 domino
2529 2668 2854 2732 Benedicta
2909 2669 3120 2731 (lirina
3169 2669 3558 2753 procidentia
3595 2690 3766 2753 papa
3810 2669 4160 2734 duodecimo
4173 2720 4189 2753 ,
4237 2672 4312 2735 de
4358 2694 4480 2756 qua
4525 2681 4754 2737 constat
4787 2695 4911 2759 per

1260 2780 1513 2863 papales
1558 2780 1790 2859 literas,
1832 2777 2001 2841 bulla
2034 2778 2257 2861 papali
2290 2777 2588 2860 pendenti
2630 2775 2929 2857 bullatas,
2974 2778 3274 2839 convocati
3317 2783 3370 2840 et
3415 2776 3784 2840 coadunati:
3831 2777 4096 2841 videlicet
4141 2778 4356 2842 nobilis
4403 2781 4572 2844 miles
4615 2781 4903 2846 dominus

1262 2885 1460 2972 Niqer
1521 2888 1597 2951 de
1658 2886 1929 2950 Ruscatis
1989 2886 2063 2949 de
2110 2884 2334 2948 Brixia
2356 2935 2371 2965 ,
2424 2884 2689 2947 Potestas
2734 2886 2991 2948 ciritatis
3037 2883 3345 2966 Bononie,
3393 2884 3680 2947 dominius
3725 2883 4061 2948 Jacobinus
4106 2886 4181 2949 de
4227 2886 4453 2971 Reqio,
4505 2891 4651 2952 rices
4690 2911 4907 2975 yerens

1279 2994 1601 3079 Capitanei
1631 2995 1783 3057 dicte
1815 2994 2071 3057 ciritatis
2102 3000 2155 3056 et
2176 2994 2416 3076 populi,
2450 2992 2524 3055 de
2568 3013 2860 3055 consensu
2906 2999 2960 3055 et
3011 2993 3312 3055 voluntate
3356 2992 3778 3055 Antianorum
3810 2999 3864 3055 et
3900 2991 4232 3056 Consulum
4267 2996 4614 3059 eorumdem
4653 2999 4908 3061 ciritatis

1266 3109 1319 3166 et
1361 3103 1576 3186 populi
1610 3101 1912 3186 presentis
1958 3103 2180 3165 mensis
2231 3101 2481 3184 aprilis,
2530 3107 2583 3162 et
2626 3101 2743 3183 ipsi
2789 3099 2974 3182 ijdem
3021 3100 3285 3162 Antiani
3304 3149 3322 3181 ,
3369 3101 3539 3162 omni
3582 3101 3940 3163 auctoritate
3986 3122 4107 3185 qua
4148 3101 4543 3187 funyunctur
4585 3105 4773 3167 simul
4819 3106 4908 3169 rel

1262 3209 1505 3273 divisim
1554 3211 1617 3272 in
1656 3209 1893 3292 palatio
1938 3228 2086 3271 noro
2132 3208 2278 3272 dicti
2329 3206 2683 3271 Communis
2725 3227 2870 3270 sono
2914 3227 3360 3290 campanarum
3405 3208 3598 3290 ipsius
3634 3205 3989 3270 Communis
4037 3228 4282 3292 voceque
4323 3230 4656 3292 precanum
4695 3232 4904 3295 prece·

1266 3315 1565 3397 dentibus,
1598 3324 1665 3379 ut
1708 3317 1897 3379 moris
1941 3322 2045 3396 est,
2077 3317 2421 3399 conyreyati
2456 3335 2576 3398 pro
2623 3313 3041 3397 infrascriptis
3087 3312 3354 3376 Sindicis
3399 3314 3483 3376 ad
3515 3312 3918 3398 infrascripta
3953 3315 4383 3377 constituendis
4415 3323 4467 3379 et
4498 3317 4907 3404 ordinandis,-

1264 3426 1327 3487 in
1375 3445 1494 3509 quo
1540 3423 1781 3508 quidem
1835 3422 2099 3486 Consilio
2146 3421 2562 3504 interfuerunt
2621 3421 3042 3504 infrascripti,
3092 3422 3198 3505 qui
3242 3420 3317 3484 de
3360 3441 3620 3484 numero
3665 3422 4082 3485 Antianorum
4132 3429 4186 3485 et
4238 3420 4574 3486 Consulum
4629 3432 4684 3488 et
4746 3424 4905 3489 Con·

1262 3533 1644 3595 siliariorum
1686 3531 1931 3613 faciunt
1978 3530 2147 3592 ultra
2193 3536 2314 3592 tres
2348 3536 2562 3612 partes
2608 3529 3050 3609 Atilianorum,
3104 3526 3438 3592 Consulum
3486 3535 3541 3590 et
3591 3527 4100 3592 Consiliariorum
4147 3529 4609 3613 predictorum,
4653 3535 4906 3597 nomina

1265 3660 1528 3724 quorum
1574 3640 1995 3701 Antianorum
2059 3644 2113 3700 et
2181 3636 2689 3700 Consiliariorum
2713 3685 2730 3717 ,
2794 3637 2902 3720 qui
2961 3635 3412 3718 interfuerunt,
3458 3643 3602 3699 sunt
3662 3635 3766 3699 hec
3785 3659 3806 3698 .·
3865 3636 4153 3700 dominus
4209 3635 4498 3701 Thadeus
4557 3640 4702 3702 olim
4758 3640 4906 3706 bone

1263 3747 1548 3809 memorie
1592 3746 1827 3809 domini
1874 3743 2093 3827 Romej
2135 3744 2209 3808 de
2260 3743 2531 3827 Pepolis,
2578 3744 2866 3805 dominus
2911 3741 3224 3806 Mattheus
3284 3743 3596 3827 quondam
3642 3743 3877 3806 domini
3921 3742 4343 3827 Bartholomej
4385 3746 4459 3809 de
4522 3745 4751 3829 Ursi-73,
4796 3748 4904 3811 do·

1261 3855 1469 3917 minus
1516 3851 1721 3917 Lucas
1784 3852 2019 3917 domini
2072 3851 2415 3935 Bertolucij
2454 3851 2529 3916 de
2578 3851 2779 3915 Pretis
2827 3899 3106 3915 .....
3131 3887 3136 3894 ·
3157 3899 3574 3915 .......
3622 3850 3737 3932 (¹),
3782 3851 4071 3915 dominus
4115 3850 4432 3917 Johannes
4483 3853 4901 3938 Caldarinus,

1260 3961 1466 4025 doctor
1510 3960 1887 4024 decretorum
1913 4010 1931 4042 ,
1964 3959 2252 4023 dominus
2283 3959 2599 4023 Johannes
2642 3960 2717 4022 de
2769 3958 3108 4041 Gusbertis,
3139 3960 3340 4042 leyum
3372 3959 3613 4040 doctor,
3646 3959 3931 4022 dominus
3975 3958 4360 4024 Laurentius
4404 3962 4640 4026 domini
4685 3962 4903 4028 Jacobi

1261 4069 1336 4133 de
1380 4068 1788 4152 Butriyarijs,
1821 4068 2023 4151 leyum
2071 4067 2311 4146 doctor,
2357 4068 2643 4131 dominus
2696 4066 2916 4130 Petrus
2961 4067 3036 4131 de
3081 4065 3647 4148 Baxacomatribus,
3679 4067 3880 4151 leyum
3912 4067 4152 4150 doctor,
4199 4068 4487 4133 dominus
4535 4070 4902 4138 Dinarellus

1259 4175 1334 4237 de
1388 4173 1809 4257 GhixillerIJs‚
1855 4174 2144 4237 dominus
2207 4171 2499 4237 Nicolaus
2557 4174 2631 4236 de
2693 4173 3099 4258 Azzoquidis,
3132 4173 3418 4236 dominus
3468 4172 3806 4237 Rainerius
3848 4174 3923 4237 de
3974 4172 4383 4257 Oddofredis,
4431 4177 4716 4242 dominus
4763 4179 4904 4243 Ma·

1258 4282 1505 4344 ⁸colinus
1566 4282 1641 4345 de
1699 4288 1895 4344 castro
1954 4281 2166 4345 Sancti
2228 4280 2431 4362 Petri,
2492 4281 2780 4344 dominus
2833 4280 3151 4344 Johannes
3209 4280 3284 4343 de
3347 4279 3704 4344 Presbiteris
3752 4281 4136 4365 jusperitus,
4197 4283 4484 4347 dominus
4545 4286 4905 4350 Alexander

1263 4388 1429 4473 Lapi
1473 4388 1714 4472 juder,
1786 4389 2074 4452 dominus
2144 4387 2469 4472 Philippus
2524 4389 2600 4452 de
2660 4388 3082 4471 Foschemrijs
3157 4388 3360 4472 leyum
3419 4388 3655 4469 doctor,
3708 4387 3947 4452 Paulus
4003 4389 4079 4452 de
4142 4387 4456 4473 Liazarejs
4524 4392 4902 4458 decretomim

1264 4496 1471 4560 doctor
1475 4544 2295 4559 .............
2343 4497 2461 4579 (2),·
2506 4496 2846 4580 ibidemque
2879 4495 3121 4580 prefati
3167 4494 3454 4577 Potestas,
3517 4494 3900 4580 Vicesqerens
3956 4495 4345 4580 Capitaneus,
4393 4498 4468 4562 de
4511 4520 4802 4564 consensu
4850 4510 4904 4566 et

1271 4604 1571 4668 roluntate
1614 4604 1914 4667 dictorum
1956 4603 2347 4667 dominorum
2379 4604 2799 4666 Antianorum
2849 4610 2905 4666 et
2955 4601 3311 4684 Consulum,
3346 4610 3400 4666 et
3433 4604 3550 4687 ipsi
3593 4602 3750 4666 idem
3799 4605 4066 4666 Antiani
4095 4611 4148 4667 et
4184 4603 4475 4669 Consules
4504 4606 4580 4670 de
4610 4629 4900 4672 consensu

1263 4718 1315 4775 et
1360 4712 1661 4774 voluntate
1698 4710 2207 4774 Consiliariorum
2242 4709 2459 4774 ibidem
2492 4712 2896 4792 eminentium,
2923 4717 2976 4774 et
3009 4712 3124 4794 ipsi
3153 4730 3361 4774 omnes
3396 4709 3771 4792 Consiliarii‚
3803 4731 3939 4773 cum
3971 4713 4328 4777 auctoritate
4359 4720 4411 4776 et
4441 4735 4730 4779 consensu
4753 4738 4902 4799 pre-

1256 4819 1557 4882 dictorum
1604 4817 1939 4900 Potestatis‚
1988 4816 2419 4901 Vicesyerentis
2476 4816 2797 4901 Capitanei
2837 4824 2890 4880 et
2937 4818 3356 4881 Antianorum
3403 4824 3456 4881 et
3508 4816 3844 4880 Consulum
3878 4818 4321 4901 predictorum,
4369 4828 4423 4883 et
4466 4823 4654 4884 simul
4697 4844 4903 4887 onmes

1250 4925 1518 5010 predicti
1561 4932 1878 5009 tamquam
1941 4924 2316 4989 Universitas
2361 4931 2413 4988 et
2466 4923 2800 4988 Commune
2845 4924 3000 4988 dicte
3044 4926 3301 4988 civitatis
3331 4932 3385 4987 et
3405 4925 3628 5008 populi
3657 4946 3728 4987 ac
3757 4925 4070 4988 districtus
4101 4927 4312 5009 ipsius,
4345 4935 4396 4990 et
4444 4925 4902 4994 Universitatem

1255 5039 1441 5096 totam
1487 5032 1820 5096 secundum
1870 5053 2064 5096 mores
2110 5039 2164 5095 et
2208 5033 2397 5116 leqem
2444 5031 2873 5115 municipalem
2922 5021 3177 5095 civitatis
3222 5038 3276 5095 et
3309 5032 3531 5115 populi
3575 5030 4064 5114 bononiensium,
4115 5040 4181 5096 ut
4226 5032 4540 5116 dicebant,
4588 5057 4901 5120 represen-

1260 5147 1476 5222 tanteS,
1525 5146 1579 5203 et
1623 5147 1938 5224 tamquam
1980 5140 2263 5224 yenerale
2314 5138 2653 5201 Consilium
2701 5140 3048 5203 eorumdem
3094 5139 3180 5202 ad
3225 5141 3474 5202 invicem
3528 5140 3977 5221 concordantes,
4015 5140 4317 5222 fecerunt,
4362 5143 4802 5207 constituerunt
4850 5152 4904 5208 et

1253 5247 1705 5310 ordinaverunt
1752 5249 2021 5331 ipsorum
2086 5254 2141 5309 et
2185 5246 2339 5310 dicte
2383 5247 2668 5326 ciritatiS,
2723 5244 3078 5309 Communis
3125 5254 3179 5310 et
3215 5247 3455 5330 populi,
3500 5267 3572 5309 ac
3632 5245 4052 5310 Unirersitatis
4087 5247 4360 5331 predicte
4409 5247 4704 5322 Sindicos,
4747 5249 4900 5314 Pro-

1264 5361 1577 5418 curatores
1622 5362 1674 5417 et
1724 5352 1998 5416 Nuncios
2041 5354 2344 5437 speciales,
2376 5353 2617 5417 dilectos
2663 5360 2716 5415 et
2760 5352 3139 5417 honorabiles
3184 5356 3334 5417 eires
3381 5361 3434 5417 et
3476 5352 3922 5417 ambariatores
3964 5374 4106 5418 suos
4147 5356 4212 5418 in
4260 5353 4454 5419 Curia
4485 5356 4720 5420 domini
4737 5379 4902 5441 pape

1262 5468 1317 5524 et
1359 5468 1705 5524 sacrosante
1754 5481 2002 5523 romane
2048 5459 2310 5524 Ecclesie
2355 5460 2673 5523 dominum
2724 5458 2980 5524 Petrum
3023 5461 3099 5524 de
3145 5460 3510 5545 Bompetris,
3558 5461 3756 5544 leyum
3806 5461 4126 5542 doctorem,
4174 5470 4226 5526 et
4281 5464 4644 5547 mayistrum
4691 5462 4901 5528 Bona-

1267 5575 1582 5631 rentura‘m
1629 5566 1932 5650 Jacobini,
1978 5567 2246 5631 absentes
2291 5575 2604 5651 tamquam
2644 5575 2975 5651 presentes,
3025 5570 3110 5631 ita
3156 5575 3358 5631 tamen
3405 5568 3569 5652 quod
3615 5570 3731 5652 ipsi
3789 5569 3879 5631 vel
3941 5589 4150 5632 eorum
4208 5570 4367 5632 alter
4411 5591 4543 5633 una
4594 5592 4732 5634 cum
4778 5572 4902 5636 alio

1251 5696 1373 5759 per
1418 5677 1577 5759 ipsos
1625 5676 1687 5738 in
1736 5676 2055 5739 concordia
2100 5674 2515 5739 constituendo
2559 5675 2644 5736 ad
2678 5675 2981 5758 predicta,
3013 5677 3067 5739 si
3110 5676 3195 5738 ad
3238 5674 3345 5739 hoc·
3389 5675 3738 5739 devenerint
3785 5676 3991 5756 simul,
4025 5683 4077 5739 et
4125 5696 4244 5739 non
4293 5676 4536 5740 divisim
4580 5680 4810 5760 possint
4848 5687 4901 5743 et

1262 5780 1515 5845 debeant
1561 5786 1775 5867 exequi
1820 5783 2242 5866 infrascripta,
2273 5783 2612 5866 specialiter
2655 5782 2740 5844 ad
2786 5804 2847 5846 se
2873 5784 3362 5868 presentandum
3413 5782 3758 5846 nominibus
3798 5781 4017 5867 quibus
4045 5803 4258 5866 supra,
4291 5805 4492 5846 coram
4527 5787 4900 5849 sanctissimo

1248 5896 1434 5973 patre
1481 5897 1533 5953 et
1580 5890 1823 5952 dommo
1869 5889 2194 5953 Benedicto
2237 5890 2447 5952 divina
2482 5890 2874 5973 prore'dentia
2911 5912 3082 5974 papa
3118 5891 3469 5953 duodecimo
3507 5890 3871 5973 prefateque
3904 5910 4153 5953 romane
4183 5888 4446 5954 Ecclesie
4486 5911 4722 5954 summo
4743 5913 4900 5975 pon-

1258 5996 1433 6079 tifice,
1482 6006 1535 6062 et
1591 5998 2233 6062 reverendissimamm
2268 6004 2530 6081 patrum
2578 5998 2970 6060 dominorum
3023 5997 3459 6062 Cardinalium
3508 5997 3696 6060 Sacro
3747 5996 4008 6082 Colleyio
4053 6004 4107 6060 et
4154 5998 4218 6059 in
4267 6017 4642 6083 quocumque
4691 5997 4899 6061 Consi·-

1256 6105 1336 6168 lio
1381 6126 1485 6169 seu
1543 6105 1910 6169 Consistorio
1944 6105 2192 6190 publico
2242 6106 2329 6168 rel
2364 6106 2610 6188 privato
2653 6105 2888 6188 prefati
2931 6108 3296 6170 sanctissimi
3327 6108 3535 6191 patris
3583 6106 3671 6169 rel
3708 6105 3875 6186 alibi,
3897 6112 4092 6188 prout
4134 6107 4509 6168 sanctissimo
4541 6107 4721 6190 patri
4762 6106 4899 6190 pla-

1255 6215 1471 6296 cuerit,
1504 6222 1557 6276 et
1589 6213 1674 6276 ad
1706 6215 1897 6297 ipsius
1926 6212 2337 6276 omnimodam
2370 6212 2757 6292 voluntatem,
2791 6219 2844 6276 et
2875 6212 2960 6275 acl
2987 6213 3474 6296 approbandum,
3511 6212 3944 6295 ratificandum
3978 6219 4032 6276 et
4062 6212 4558 6294 confirmandum
4589 6215 4652 6276 in
4688 6234 4900 6276 eorum

1421 6446 1467 6509 (1
1515 6449 1570 6496 et
1611 6448 1663 6508 2)
1705 6443 2012 6496 Occurrunt
2051 6443 2454 6512 quamplurima
2491 6443 2601 6494 alia
2640 6443 2879 6506 nomina,
2918 6457 3058 6510 quae
3097 6440 3379 6495 brevitatis
3416 6459 3583 6495 causa
3620 6442 3961 6494 omittuntur.
