5542 7775
1192 630 1221 698 1
1241 631 1282 700 2
1295 630 1335 699 2
2760 647 3243 698 memsam

1185 803 1305 868 sub
1339 825 1742 889 quacumque
1776 803 2117 867 verborum
2153 803 2360 868 forma
2408 809 2778 885 noscantur,
2813 802 3007 865 etiam
3050 802 3372 866 recidisse.
3409 802 3506 866 Ac
3540 803 3802 888 insuper
3834 823 4055 866 omnes
4088 803 4379 888 magistri
4413 810 4478 867 et
4510 803 4825 887 doctores,

1187 911 1294 996 qui
1344 918 1494 974 ante
1543 919 1795 996 tempus
1843 910 2280 996 suspensionis
2328 910 2699 994 hujusmodi
2745 930 2862 995 per
2911 930 3025 972 nos
3065 907 3234 972 facte
3268 915 3493 973 contra
3534 909 3774 995 primos
3807 930 4144 996 processus
4175 931 4292 995 per
4323 931 4460 993 nos,
4497 913 4830 977 occasione

1187 1018 1623 1102 predictorum
1656 1038 2038 1082 excessuum
2070 1017 2346 1099 habitos,
2386 1017 2488 1080 vel
2538 1023 2683 1102 post
2727 1017 2982 1102 lapsum
3029 1015 3317 1100 ejusdem
3365 1016 3572 1080 medie
3622 1016 4116 1101 quadragesime
4161 1017 4456 1102 proxime
4504 1020 4827 1103 proterite,

1187 1125 1251 1187 iu
1300 1146 1427 1209 qua
1478 1125 1795 1188 dictarum
1841 1146 2154 1210 penarum
2204 1131 2267 1187 et
2314 1124 2780 1188 sententiarum
2823 1123 3157 1208 suspensio
3189 1144 3307 1208 per
3337 1143 3454 1187 nos
3487 1123 3985 1188 misericorditer
4016 1123 4189 1187 facta
4221 1131 4484 1210 propter
4516 1125 4833 1191 dictorum

1184 1232 1681 1296 bononiensium
1726 1230 2229 1295 inobedientiam
2262 1238 2326 1294 et
2361 1230 2752 1295 obstinatam
2785 1250 3008 1293 eorum
3043 1229 3106 1293 in
3142 1229 3328 1293 malis
3359 1232 3910 1316 perseverantiam
3943 1231 4288 1317 expiravit,
4323 1232 4564 1317 legere,
4598 1232 4829 1298 docere

1186 1340 1253 1402 in
1300 1338 1535 1403 scholis
1583 1338 1689 1402 vel
1736 1338 2143 1423 magistrales
2192 1346 2374 1402 actus
2423 1338 2487 1401 in
2534 1336 2703 1401 dicto
2754 1336 2982 1401 Studio
3032 1337 3096 1399 in
3142 1335 3369 1400 eadem
3416 1337 3714 1419 civitate,
3765 1338 3866 1401 vel
3912 1338 4109 1401 etiam
4156 1338 4222 1401 in
4278 1339 4419 1423 ejus
4480 1339 4829 1425 suburbijs,

1185 1446 1350 1510 sicut
1398 1445 1660 1531 quidam
1707 1467 1927 1509 eorum
1978 1445 2420 1509 fraudolenter
2461 1445 2929 1531 presumpsisse
2962 1443 3282 1525 dicuntur,
3317 1444 3798 1529 quomodolibet
3829 1466 4155 1527 exercere,
4189 1466 4307 1509 nec
4341 1466 4468 1510 non
4501 1447 4829 1512 scholares

1187 1563 1252 1618 et
1298 1554 1629 1618 studentes
1671 1553 1734 1617 in
1777 1552 1948 1616 dicto
1998 1552 2224 1616 Studio
2274 1553 2338 1615 in
2386 1551 2612 1616 eadem
2660 1551 2922 1615 civitate
2972 1552 3073 1614 vel
3122 1552 3264 1635 ejus
3297 1551 3625 1636 suburbijs
3659 1553 3913 1617 scholas
3947 1553 4187 1616 intrare
4220 1553 4323 1616 vel
4358 1554 4610 1640 aliquos
4648 1561 4830 1619 actus

1186 1661 1607 1726 scholasticos
1656 1661 1720 1723 in
1768 1660 2011 1724 eisdem
2060 1660 2296 1723 scholis
2358 1660 2461 1724 vel
2509 1660 2666 1723 locis
2716 1658 2861 1721 aliis
2910 1679 3239 1740 exercere,
3299 1657 3687 1744 disputando
3749 1660 3850 1723 vel
3908 1660 4185 1745 legendo
4247 1660 4350 1724 vel
4412 1662 4541 1725 alio
4605 1664 4832 1747 quovis

1188 1768 1376 1832 modo
1425 1774 1975 1854 presumpserunt,
2026 1767 2432 1830 incurrerunt
2477 1765 3165 1829 excommunicationis
3212 1765 3598 1828 sententiam
3646 1766 3785 1851 ipso
3832 1766 4042 1847 fact03
4078 1788 4194 1831 nec
4240 1788 4369 1831 non
4418 1768 4826 1850 universitas,

1187 1875 1464 1962 populus
1513 1881 1578 1938 et
1626 1894 1963 1937 commune
2024 1895 2100 1937 ac
2157 1874 2618 1937 constituentes
2680 1872 2951 1958 prefati,
3000 1872 3066 1935 in
3115 1893 3389 1957 quorum
3436 1872 3684 1935 animas
3737 1872 3945 1937 dictus
4005 1873 4290 1938 sindicus
4337 1881 4401 1938 et
4445 1883 4828 1961 procurator

1187 1982 1534 2046 sindieario
1585 1990 1650 2045 et
1696 1982 2138 2067 procuratorio
2189 1981 2443 2045 nomine
2492 1979 2864 2044 eorumdem
2912 1979 3165 2064 prefata
3212 1979 3492 2065 prestitit
3535 1980 3924 2063 juramenta,
3977 1981 4039 2043 in
4090 1988 4339 2044 reatum
4387 1982 4662 2068 perjurii
4702 1982 4831 2046 sint

1189 2090 1491 2176 prolapsi.
1540 2089 1985 2153 Prenominati
2032 2110 2186 2153 vero
2236 2110 2351 2174 pro
2398 2089 2752 2169 Potestate,
2804 2088 3182 2173 capitaneo,
3233 2108 3350 2151 nec
3413 2108 3538 2151 non
3589 2087 3893 2151 Thadeus
3948 2087 4028 2151 de
4074 2087 4342 2174 Pepulis
4390 2111 4506 2175 pro
4555 2089 4826 2154 Conser-

1188 2205 1408 2262 vatore
1457 2220 1524 2261 se
1572 2208 1892 2283 gerentes,
1927 2205 1991 2261 et
2038 2197 2248 2282 quivis
2296 2197 2405 2260 alii
2441 2218 2556 2282 pro
2588 2195 2930 2277 Barisello,
2964 2196 3005 2260 J
3011 2196 3324 2277 udicibus,
3359 2195 3783 2280 Consiliarijs,
3818 2196 4142 2279 Antianis‚
4177 2196 4563 2261 Rectoribus
4595 2205 4659 2261 et
4692 2199 4826 2262 offi-

1187 2306 1479 2385 cialibus,
1517 2326 1921 2390 quocumque
1970 2304 2226 2367 nomine
2274 2311 2677 2385 censeantur,
2713 2324 2783 2366 se
2830 2309 3151 2388 gerentes,
3200 2324 3284 2366 ex
3332 2324 3408 2367 eo
3457 2302 3628 2387 quod
3676 2302 3981 2388 predictis
4028 2303 4510 2386 monitionibus,
4559 2305 4828 2390 requisi·

1187 2413 1468 2477 tionibus
1517 2420 1581 2475 et
1630 2412 1954 2475 mandatis
2004 2412 2172 2475 infra
2219 2411 2576 2496 predictum
2622 2411 2968 2474 terminum
3014 2409 3289 2474 duorum
3354 2410 3668 2473 mensium
3717 2431 3833 2495 per
3881 2431 3997 2474 nos
4044 2411 4138 2474 eis
4183 2412 4612 2497 peremptorie
4669 2413 4828 2476 assi-

1188 2528 1454 2605 gnatum
1505 2519 1970 2583 contumaciter
2018 2540 2144 2582 non
2194 2528 2515 2603 parentes,
2552 2519 2765 2581 omnia
2807 2530 2870 2580 et-
2918 2518 3175 2602 singula
3207 2516 3499 2603 predicta
3532 2517 3761 2599 officia,
3796 2538 3921 2602 que
3973 2518 4398 2581 communiter
4440 2519 4542 2582 vel
4575 2518 4830 2583 divisim

1186 2629 1251 2691 in
1302 2627 1555 2713 prefata
1602 2627 1898 2709 civitate,
1948 2648 2063 2689 seu
2112 2627 2569 2689 communitate
2617 2625 2930 2688 hactenus
2979 2630 3314 2709 gesserant
3361 2630 3426 2687 et
3472 2631 3934 2707 exercuerant,
3984 2632 4049 2688 et
4111 2632 4399 2710 tempore
4460 2626 4832 2710 hujusmodi

1190 2742 1555 2798 nostrorum
1605 2756 2020 2819 processuum
2071 2733 2384 2817 gerebant
2433 2740 2497 2796 ct
2544 2731 2936 2795 exercebant
2983 2753 3021 2794 a
3054 2753 3122 2795 se
3157 2731 3313 2817 ipsis
3347 2752 3473 2795 non
3509 2731 3912 2815 abdicarunt,
3948 2731 4328 2816 abjecerunt
4360 2740 4424 2796 et
4456 2733 4838 2797 dimiserunt

1189 2842 1301 2905 illa
1368 2841 1736 2905 nullatenus
1802 2841 2191 2927 resumpturi
2254 2861 2365 2903 seu
2414 2839 2659 2924 gesturi
2721 2839 2825 2902 vel
2888 2839 3235 2902 exercituri
3297 2839 3540 2923 absque
3605 2839 3899 2923 ejusdem
3962 2838 4147 2903 Sedis
4210 2839 4470 2903 licentia
4531 2840 4838 2926 speciali,

1185 2969 1421 3034 penam
1472 2948 1850 3033 privationis
1898 2948 2258 3028 feudorum,
2310 2947 2621 3009 bonorum
2670 2954 2733 3010 et
2776 2946 3019 3029 jurium
3069 2945 3373 3027 omnium,
3418 2967 3540 3030 que
3589 2946 3671 3009 ab
3719 2946 3947 3009 eadem
3993 2967 4283 3030 romana,
4331 2947 4433 3010 vel
4492 2948 4636 3011 aliis
4701 2948 4838 3033 qui·

1188 3056 1585 3140 buscumque
1634 3055 1939 3118 tenebant
1988 3055 2295 3136 ecclesiis,
2347 3075 2463 3116 uec
2513 3075 2635 3116 non
2687 3054 3194 3139 privilegiorum,
3240 3053 3789 3138 indulgentiarum
3835 3062 3900 3117 et
3947 3054 4305 3139 gratiarum
4356 3054 4447 3118 eis
4482 3054 4564 3118 ab
4597 3055 4824 3118 eadem

1192 3164 1358 3227 Sede
1408 3163 1527 3226 sub
1577 3163 1807 3248 quavis
1855 3163 2063 3227 forma
2109 3183 2578 3243 concessorum,
2614 3161 2910 3225 similiter
2946 3183 3014 3225 se
3062 3162 3405 3225 incurrisse
3455 3169 3820 3226 noscantur.
3855 3162 4208 3227 Processus
4258 3185 4511 3249 quoque
4561 3185 4677 3248 per
4724 3185 4834 3227 eos

1192 3282 1415 3335 contra
1468 3270 1851 3334 monitiones
1899 3277 1963 3333 et
2010 3269 2316 3333 mandata
2362 3269 2737 3353 hujusmodi
2781 3268 3023 3341 habiti,
3074 3276 3137 3331 et
3185 3269 3502 3333 sententie
3548 3291 3664 3354 per
3709 3291 3820 3333 eos
3866 3270 3998 3333 late
4047 3271 4293 3334 nullam
4341 3271 4674 3334 obtineant
4725 3291 4833 3356 pe-

1192 3379 1363 3442 nitus
1412 3378 1801 3459 firmitatem,
1837 3377 1949 3441 sed
1996 3378 2123 3441 sint
2171 3377 2429 3440 omnino
2478 3377 2687 3458 vacui,
2722 3377 2888 3439 cassi
2936 3383 3001 3439 et
3048 3376 3293 3458 inanes,
3328 3377 3537 3461 sitque
3578 3377 3670 3439 eis
3703 3383 4046 3462 propterea
4077 3384 4172 3442 tot
4213 3378 4588 3441 excessibus
4639 3385 4833 3462 atque

1192 3486 1397 3572 culpis
1447 3485 1778 3571 respersis,
1828 3492 1891 3548 et
1939 3484 2225 3548 reatibus
2274 3484 2572 3565 irretitis,
2621 3491 2842 3569 totque
2891 3484 3075 3569 penis
3123 3491 3186 3547 et
3234 3484 3567 3548 sententiis
3615 3484 3810 3569 digno
3857 3484 4147 3548 Ecclesie
4189 3485 4435 3569 judicio
4483 3485 4831 3565 innodatis,

1191 3592 1493 3677 quamdiu
1532 3593 1593 3655 in
1631 3592 2001 3677 hujusmodi
2046 3591 2505 3673 inobedientia,
2540 3592 2945 3655 contumacia
2977 3598 3040 3653 et
3075 3590 3482 3655 indevotione
3514 3592 4006 3677 permanserint,
4042 3599 4419 3656 cunctorum
4450 3592 4830 3656 devotorum

1187 3700 1473 3764 fidelium
1522 3701 1911 3786 participum
1958 3698 2487 3763 subtrahendum.

1369 3808 1773 3895 Precipimus
1822 3808 2139 3872 universis
2187 3814 2253 3870 et
2300 3807 2571 3893 singulis
2621 3806 3180 3890 Christifidelibus,
3229 3815 3292 3871 et
3339 3806 3706 3893 specialiter
3753 3808 4035 3893 regibus,
4086 3808 4584 3890 marchionibus,
4635 3808 4830 3871 comi·

1190 3918 1382 3996 tibus,
1418 3917 1789 3998 baronibUS,
1824 3916 2391 3981 communitatibus
2438 3922 2503 3979 et
2550 3915 3099 3998 universitatibus,
3135 3938 3210 3980 ac
3258 3916 3546 4002 personis
3587 3916 4025 4001 singularibus
4058 3917 4413 3999 civitatum,
4448 3923 4826 3998 castrorum,

1190 4025 1488 4088 villarum
1539 4032 1602 4088 et
1651 4024 1922 4088 aliorum
1987 4045 2534 4108 quorumcumque
2597 4024 2920 4104 locorum,
2970 4031 3034 4086 et
3098 4045 3428 4087 monemus
3489 4022 3748 4086 eosdem
3806 4045 3885 4086 ne
3931 4023 4220 4109 predicto
4269 4023 4534 4087 Thadeo
4583 4023 4662 4087 de
4709 4024 4830 4087 Pe·

1190 4133 1358 4218 pulis
1406 4154 1473 4195 se
1523 4153 1639 4216 pro
1687 4139 2163 4212 conservatore,
2213 4130 2569 4215 ceterisque
2617 4130 2909 4215 personis
2957 4152 3072 4215 pro
3121 4130 3452 4194 Potestate
3515 4151 3628 4193 seu
3691 4129 4047 4216 Capitaneo
4103 4131 4207 4194 vel
4257 4131 4401 4193 aliis
4450 4130 4833 4194 officialibus

1189 4262 1259 4303 se
1307 4239 1702 4322 gerentibuS,
1753 4259 2155 4323 quocumque
2205 4238 2461 4301 nomine
2510 4245 2915 4320 censeantur,
2952 4245 3223 4323 pareant
3253 4236 3358 4301 vel
3406 4237 3763 4320 intendant,
3799 4238 3902 4301 vel
3949 4237 4042 4301 eis
4090 4238 4155 4301 in
4203 4238 4573 4322 hujusmodi
4607 4259 4830 4302 eorum

1192 4346 1629 4411 inobedientia
1677 4352 1743 4409 et
1789 4344 2195 4408 contumacia
2242 4345 2733 4430 persistentibus
2782 4352 3068 4431 prestent
3114 4344 3449 4426 auxilium,
3499 4344 3836 4408 consilium
3883 4344 3989 4409 vel
4051 4344 4343 4408 favorem
4406 4345 4662 4431 publice
4725 4345 4830 4408 vel

1191 4454 1476 4534 occulte,
1536 4473 1698 4516 neve
1758 4474 1953 4537 super
2015 4453 2094 4536 ijs
2157 4453 2559 4534 societatem,
2636 4452 3146 4536 conjurationem
3210 4459 3322 4515 aut
3383 4451 3569 4515 fedus
3631 4452 3894 4538 aliquod
3956 4453 4160 4515 iniant
4221 4473 4367 4516 cum
4428 4452 4691 4517 eisdem.
4768 4453 4837 4516 Si

1193 4562 1302 4647 qui
1351 4569 1567 4624 autem
1617 4569 1841 4624 contra
1886 4567 2193 4646 precepta
2241 4569 2302 4623 et
2354 4560 2765 4624 inhibitiones
2822 4560 3187 4644 hujusmodi
3235 4581 3352 4645 per
3398 4581 3466 4623 se
3515 4560 3619 4623 vcl
3668 4561 3867 4623 alium
3914 4582 4028 4624 seu
4076 4561 4273 4643 alios,
4325 4549 4836 4646 quibuscumque

1189 4668 1358 4750 dole,
1396 4675 1532 4731 arte
1568 4668 1671 4730 vel
1720 4668 2195 4731 machinatione
2244 4668 2534 4748 fecerint,
2570 4668 3031 4752 cujuscumque
3080 4667 3322 4731 fuerint
3367 4667 3850 4752 preeminentie,
3900 4668 4255 4752 dignitatis,
4291 4667 4675 4732 conditionis
4723 4677 4834 4731 aut

1192 4784 1418 4856 status,
1454 4775 2137 4839 excommunicationis
2185 4776 2525 4856 sententia,
2561 4796 2755 4859 quam
2803 4796 2886 4838 ex
2935 4796 3104 4838 nunc
3150 4775 3217 4838 in
3264 4774 3410 4838 illos
3459 4775 3744 4857 ferimus,
3782 4775 3920 4860 ipso
3968 4775 4139 4840 facto
4188 4797 4255 4839 se
4304 4775 4603 4839 noverint
4650 4775 4831 4839 inno·

1190 4884 1412 4952 datos:
1449 4883 1741 4946 civitates
1791 4904 2045 4968 quoque
2093 4889 2157 4946 et
2203 4882 2694 4946 communitates
2743 4882 3085 4967 quaslibet,
3121 4904 3244 4966 que
3294 4888 3516 4945 contra
3566 4891 3870 4968 precepta
3915 4889 3981 4946 et
4027 4883 4411 4947 monitiones
4460 4881 4834 4966 hujusmodi

1193 4991 1702 5076 quibuscumque
1752 4989 2009 5070 fraude,
2059 4989 2242 5071 dolo,
2291 4989 2588 5073 ingenio,
2638 4996 2813 5070 arte,
2863 4989 2966 5051 vel
3013 4989 3489 5052 machinatione
3537 4989 3758 5053 venire
3807 4990 4350 5076 presumpserint,
4401 4989 4838 5054 ecclesiastice

1194 5098 1509 5162 sententie
1559 5095 1901 5178 interdicti,
1938 5118 2128 5181 quam
2177 5118 2261 5160 ex
2309 5118 2477 5160 nunc
2527 5097 2591 5160 in
2640 5097 2784 5159 illos
2831 5096 3116 5177 ferimuS,
3151 5097 3448 5159 volumus
3482 5096 3841 5180 subjacere.
3875 5098 4122 5183 Aperte
4156 5119 4411 5183 quoque
4445 5097 4836 5182 predicimus

1194 5205 1600 5292 patriarchis,
1652 5204 2173 5290 archiepiscopis,
2222 5204 2561 5290 episcopis,
2612 5203 2956 5267 abbatibus
3005 5211 3070 5268 et
3115 5204 3262 5289 alijs
3311 5203 3632 5268 inferioris
3680 5204 3919 5289 gradus
3968 5205 4256 5291 prelatis,
4291 5205 4462 5291 quod
4510 5206 4566 5268 si
4614 5212 4836 5269 contra

1192 5313 1609 5377 monitionem
1658 5318 1721 5375 et
1768 5321 2073 5397 precepta
2129 5319 2349 5375 nostra
2417 5311 2731 5396 premissa
2794 5312 2897 5374 vel
2945 5332 3166 5374 eorum
3216 5310 3478 5396 aliquod
3525 5313 3744 5375 venire
3791 5312 4288 5394 attentaverint,
4339 5334 4453 5376 nos
4501 5334 4612 5376 eos
4662 5313 4836 5375 omui

1190 5420 1624 5484 ecclesiastice
1674 5419 2010 5504 dignitatis
2059 5418 2324 5500 honore,
2359 5427 2605 5483 ceteros
2653 5425 2871 5482 autem
2917 5417 3184 5482 clericos
3231 5440 3357 5482 non
3406 5419 3782 5504 prelationis
3831 5419 4129 5501 officium,
4165 5419 4279 5483 sed
4320 5420 4670 5503 dignitates
4703 5418 4834 5483 for·

1191 5528 1382 5608 sitan,
1434 5527 1537 5589 vel
1586 5534 1990 5612 personatus,
2036 5532 2147 5589 aut
2194 5527 2323 5589 alia
2372 5526 2597 5611 quevis
2645 5525 3084 5589 ecclesiastica
3133 5526 3444 5590 beneficia
3492 5526 3856 5589 obtinentes
3904 5527 4297 5590 etobtentis
4342 5527 4602 5612 privare
4651 5548 4837 5590 cura-

1190 5636 1400 5698 bimus
1464 5643 1526 5697 et
1589 5632 1908 5696 inhabiles
1969 5633 2238 5696 reddere
2301 5632 2383 5695 ad
2440 5632 2569 5695 alia
2633 5632 3019 5714 obtinenda,
3071 5641 3260 5718 prout
3317 5633 3500 5696 nobis
3548 5633 3702 5696 facti
3762 5633 4040 5718 qualitas
4104 5641 4414 5719 suggeret
4474 5641 4537 5698 et
4581 5634 4834 5718 justitia

1193 5741 1509 5805 suadebit.
1558 5740 1775 5804 Laicis
1822 5761 1976 5803 vero
2025 5741 2485 5824 cujuscumque
2533 5739 3017 5825 preeminentie,
3068 5739 3435 5825 dignitatis,
3486 5740 3868 5803 conditionis
3929 5749 4042 5804 aut
4103 5749 4310 5804 status
4367 5740 4832 5804 denunciamus

1194 5870 1522 5935 expresse,
1571 5848 1741 5933 quod
1791 5849 1845 5910 si
1893 5856 2117 5911 contra
2180 5848 2598 5910 monitionem
2646 5855 2709 5910 et
2755 5857 3064 5932 precepta
3129 5855 3348 5911 nostra
3413 5847 3781 5932 hujusmodi
3827 5869 3945 5933 per
3990 5869 4057 5911 se
4109 5849 4209 5911 vel
4259 5849 4460 5911 alium
4507 5870 4622 5912 seu
4672 5849 4833 5912 alios

1193 5964 1435 6020 temere
1486 5955 1831 6037 veniendO,
1882 5977 1960 6017 ea
2008 5976 2135 6018 non
2186 5954 2554 6018 curaverint
2601 5953 2981 6036 observare,
3032 5975 3147 6017 nos
3193 5961 3371 6018 tante
3418 5955 3798 6018 temeritatis
3863 5954 4202 6019 audaciam
4250 5977 4379 6019 non
4427 5955 4833 6020 intendentes

1193 6065 1556 6149 relinquere
1622 6063 2038 6149 impunitam,
2089 6063 2259 6148 ipsos
2307 6062 2515 6125 feudis
2564 6071 2626 6126 ct
2676 6063 2823 6145 alijs
2891 6062 3185 6125 omnibus
3249 6084 3372 6147 que
3421 6084 3460 6125 a
3524 6062 3811 6149 predicta
3874 6084 4142 6126 romana
4206 6073 4270 6128 et
4333 6064 4481 6148 alijs
4546 6065 4868 6156 ecclesijs·

1192 6194 1265 6236 ac
1317 6171 1609 6257 personis
1657 6170 2110 6235 ecclesiasticis
2158 6170 2447 6234 obtinere
2498 6178 2867 6251 noscuntur,
2917 6169 3194 6255 privare,
3229 6177 3292 6233 et
3339 6170 3654 6232 vassallos
3702 6191 3946 6252 eorum,
3981 6171 4034 6233 si
4084 6192 4245 6255 quos
4293 6170 4556 6253 habent,
4593 6192 4632 6234 a
4679 6172 4833 6234 flde-

1185 6280 1388 6343 litatis
1429 6279 1801 6363 juramento
1851 6298 1978 6363 quo
2029 6284 2329 6340 tenentur
2375 6277 2638 6358 eisdem,
2688 6277 2957 6340 reddere
2992 6277 3246 6363 penitus
3296 6276 3647 6358 absolutos,
3682 6285 3746 6340 et
3795 6277 3957 6341 alias
4005 6285 4231 6341 contra
4276 6278 4448 6364 ipsos
4482 6278 4837 6342 secundum

1180 6388 1503 6472 justitiam
1551 6386 1921 6473 procedere,
1957 6384 2098 6448 Deo
2147 6395 2430 6466 auctore,
2466 6384 2856 6467 curabimus,
2892 6393 3082 6470 prout
3128 6406 3351 6449 eorum
3401 6384 3587 6470 culpe
3631 6386 3972 6469 exegerint
4003 6393 4067 6449 et
4100 6387 4454 6450 viderimus
4504 6386 4836 6471 expedire.

1184 6495 1319 6559 Nos
1369 6495 1633 6580 insuper
1680 6492 2261 6573 confederationes,
2312 6514 2425 6555 seu
2474 6491 2924 6576 colligationes
2973 6492 3314 6577 quaslibet,
3364 6492 3419 6555 si
3467 6513 3589 6577 que
3639 6493 3793 6556 dicti
3840 6492 4251 6576 universitas,
4300 6495 4728 6558 communitas
4774 6505 4838 6558 et
