5542 7775
1261 544 1359 616 32
2830 563 3312 614 nonuunxu

2995 985 3147 1051 XV.

2746 1220 2937 1303 1220,
2985 1220 3026 1280 5
3067 1218 3402 1302 februarii.

2206 1450 2312 1515 Ex
2358 1450 2588 1516 eodem
2633 1451 2917 1538 Reyisiro
2966 1452 3215 1535 GrossO,
3262 1451 3375 1517 lib.
3421 1451 3515 1534 1.,
3564 1473 3619 1516 c.
3669 1453 3792 1515 331
3848 1445 3930 1516 r.⁰

1424 1681 1772 1747 Millesimo
1819 1681 2258 1747 ducentesimo
2304 1682 2618 1767 vigesimo
2637 1731 2654 1765 ,
2701 1682 2808 1748 die
2856 1683 3079 1769 quinto
3140 1682 3423 1747 intrante
3483 1682 3812 1748 februario
3830 1731 3847 1765 ,
3888 1681 4246 1767 jndictione
4300 1688 4530 1747 octava
4549 1731 4565 1763 ,
4609 1683 4684 1767 jn
4739 1682 4880 1747 sala

1246 1789 1476 1877 palatii
1523 1789 1916 1873 Communis,
1963 1790 2032 1855 in
2078 1811 2207 1877 qua
2249 1789 2550 1856 Potestas
2596 1791 2932 1856 consuevit
2976 1812 3123 1855 cum
3170 1789 3368 1856 Curia
3412 1791 3778 1872 convenire,
3810 1789 4217 1878 presentibus
4262 1789 4522 1856 domino
4568 1790 4877 1873 Beccaro,

1246 1905 1313 1964 et
1357 1898 1617 1965 domino
1661 1897 2133 1964 Jldrebandino
2179 1898 2627 1986 Prendipartis
2667 1906 2732 1964 et
2779 1899 2924 1963 aliis
2969 1899 3293 1986 pluribus,
3341 1898 3639 1964 dominus
3683 1898 4141 1963 Lambertinus
4185 1897 4430 1966 Azouis
4477 1897 4750 1963 Gardini
4795 1898 4880 1963 ad

1246 2012 1472 2072 sancta
1515 2005 1644 2072 Dei
1688 2006 2034 2093 evangelia
2074 2006 2344 2092 juravit,
2393 2005 2747 2072 secundum
2793 2007 3070 2072 formam
3119 2006 3391 2090 Statuti,
3440 2005 3612 2092 quod
3660 2027 3789 2071 non
3834 2006 4009 2091 leget
4053 2004 4134 2069 de
4176 2003 4466 2090 Legibus
4511 2013 4699 2071 extra
4743 2005 4872 2072 Bo·

1245 2114 1504 2180 noniam
1566 2114 1671 2178 vel
1732 2114 1875 2198 ejus
1934 2113 2351 2195 Districtum,
2400 2120 2466 2177 et
2526 2113 2699 2199 quod
2760 2134 2889 2178 non
2935 2115 3059 2178 erit
3103 2114 3170 2178 in
3215 2113 3520 2179 conscilio
3568 2113 3671 2178 vel
3718 2113 4043 2198 adjutorio
4099 2119 4172 2176 ut
4239 2110 4542 2178 Studium
4584 2112 4875 2179 Bononie

1246 2219 1581 2287 auferatur
1622 2221 1730 2286 vel
1776 2220 2193 2286 diminuatur.

1423 2326 1542 2411 (L.
1576 2328 1621 2409 †
1653 2327 1748 2410 S.)
1794 2327 1939 2414 Ego
1987 2327 2336 2394 Zacharias
2384 2328 2465 2393 de
2515 2328 2736 2392 Strata
2782 2327 3039 2412 Majori,
3074 2327 3424 2415 imperialis
3470 2328 3641 2393 Aule
3687 2335 3754 2392 et
3798 2349 3968 2392 nunc
4016 2328 4322 2393 Comunis
4367 2327 4531 2393 Bon.
4566 2328 4874 2409 notarius,

1242 2435 1535 2523 predicta
1578 2435 1838 2522 publice
1883 2436 2133 2522 scripsi.
4063 2453 4071 2460 ·

2967 2700 3157 2765 XVI.

2686 2934 2882 3016 1220,
2928 2931 3017 2996 23
3057 2931 3429 3017 septembris.

2349 3166 2457 3232 Ex
2504 3167 2787 3253 Reqioero
2838 3167 3087 3250 Grosw,
3132 3166 3245 3231 lib.
3294 3166 3385 3248 I.,
3435 3187 3490 3230 c.
3540 3169 3662 3231 351
3716 3189 3769 3231 r.

1411 3399 1606 3465 Anno
1638 3400 1884 3466 domini
1915 3401 2256 3466 millesimo
2286 3400 2726 3466 ducentesimo
2758 3398 3094 3486 vigesimo,
3127 3398 3476 3465 indictione
3508 3407 3760 3482 octava,
3787 3399 3892 3464 die
3919 3407 4150 3465 octavo
4181 3409 4461 3466 exeunte
4492 3404 4871 3489 septembri,

1230 3509 1298 3573 in
1343 3508 1615 3596 pallatio
1662 3508 2035 3574 Communis
2079 3508 2406 3592 Bononie,
2454 3509 2521 3573 in
2565 3508 2895 3595 presentia
2939 3506 3203 3572 testium
3265 3513 3641 3593 rogatorum
3703 3515 3769 3572 et
3826 3514 4235 3590 vocatorum,
4282 3507 4585 3574 videlicet
4625 3509 4874 3577 domini

1228 3616 1463 3682 Jacobi
1522 3617 1768 3700 Pizoli‚
1816 3615 2060 3682 domini
2107 3616 2357 3681 Juliani
2402 3615 2483 3681 de
2531 3615 2852 3682 Odderico
2898 3614 3392 3697 Boniconscilii,
3440 3613 3684 3679 domini
3728 3614 3962 3680 Jacobi
4007 3615 4088 3680 de
4134 3615 4497 3702 Enrigitto,
4543 3617 4743 3683 Janni
4788 3620 4871 3685 (16

1228 3724 1526 3808 Albert0,
1577 3724 1740 3791 Sero
1775 3724 1995 3811 judice
2043 3745 2213 3790 nunc
2262 3723 2636 3790 Communis
2679 3723 2998 3805 Bononie,
3044 3721 3392 3807 Angelello
3438 3722 3689 3788 notario
3735 3722 3815 3787 (16
3864 3722 4288 3789 Carboncello
4335 3731 4402 3789 et
4445 3725 4754 3808 aliorum,
4803 3727 4868 3792 in

1230 3855 1505 3922 quorum
1549 3832 1880 3922 presentia
1923 3832 2103 3898 venit
2149 3831 2446 3898 dominus
2492 3830 2878 3897 Bonefatius
2925 3829 3252 3918 quondam
3305 3829 3476 3895 filius
3535 3828 3780 3896 domini
3837 3829 4142 3897 Odderici
4199 3830 4660 3899 Boniconscilii
4718 3840 4869 3901 ante

1229 3942 1563 4008 dominum
1606 3940 1939 4023 Frassum,
1974 3939 2262 4026 judicem
2308 3938 2553 4004 domini
2599 3938 2934 4004 Guillelmi
2979 3937 3059 4002 de
3104 3936 3437 4019 Pusterla,
3484 3937 3708 4002 volens
3753 3959 3982 4024 regere
4028 3939 4313 4003 studium
4357 3940 4596 4025 legum,
4643 3963 4869 4028 corpo-

1228 4049 1455 4114 raliter
1494 4049 1744 4134 juravit
1788 4069 2008 4113 coram
2053 4047 2342 4134 predicto
2389 4046 2649 4111 domino
2694 4045 2957 4129 Frass0,
2999 4043 3219 4129 judice
3277 4043 3630 4109 Potestatis
3651 4095 3668 4127 ‚
3716 4045 3807 4109 ita
3872 4046 4219 4111 observare
4267 4054 4332 4111 et
4386 4048 4602 4113 facere
4662 4058 4734 4112 ut
4801 4050 4866 4113 in

1231 4158 1490 4223 Statuto
1535 4156 1617 4222 de
1664 4155 1941 4221 dominis
1986 4154 2243 4241 Legum
2286 4154 2671 4220 sentinetur.

1404 4264 1907 4329 Prenominatus
1955 4261 2252 4327 dominus
2298 4260 2577 4325 Frassus
2623 4260 2914 4348 predicta
2960 4259 3156 4325 scribi
3200 4257 3555 4323 mandavit.

1406 4371 1551 4459 Ego
1598 4371 1923 4456 Ugolinus
1966 4368 2376 4452 Ymolensis,
2423 4367 2550 4433 Dei
2596 4369 2812 4454 gratia
2858 4367 3210 4454 imperialis
3257 4364 3427 4430 Aule
3475 4365 3800 4450 notarius,
3845 4367 4110 4432 interfui
4155 4368 4459 4454 predictis
4506 4377 4571 4434 et
4617 4370 4864 4456 scripsi.

2940 4744 3162 4809 XVII.

2696 4978 2891 5061 1220,
2939 4977 3024 5041 24
3071 4977 3417 5043 decembris.

2200 5210 2304 5275 Ex
2351 5211 2581 5276 eodem
2625 5210 2910 5297 Reyistro
2956 5210 3203 5293 Grosw,
3254 5210 3365 5274 lib.
3414 5210 3508 5292 I.,
3557 5232 3612 5275 c.
3660 5211 3787 5274 377
3839 5231 3901 5275 v.

1399 5445 1748 5511 Millesimo
1795 5443 2234 5509 ducentesimo
2283 5443 2616 5528 vigesimo,
2662 5442 2767 5506 die
2803 5441 2977 5526 jovis
3023 5448 3252 5507 octavo
3297 5447 3575 5506 exeunte
3611 5442 3973 5523 decembre,
4000 5441 4359 5526 jndictione
4391 5448 4642 5507 octava.
4692 5442 4864 5507 Con·

1221 5561 1495 5639 gregato
1543 5550 1864 5617 Conscilio
1912 5549 2255 5616 Credentie
2301 5550 2492 5615 solito
2538 5571 2717 5614 more
2763 5549 2848 5614 ad
2894 5570 3123 5613 sonum
3171 5569 3504 5634 campane,
3546 5547 3854 5613 mandato
3900 5549 4273 5631 Potestatis,
4323 5549 4570 5613 scilicet
4615 5548 4862 5613 domini

1223 5659 1559 5725 Guilielmi
1605 5658 1685 5723 de
1729 5657 2069 5739 Pusterla,
2117 5656 2338 5721 retulit
2382 5655 2680 5721 dominus
2741 5656 3177 5721 Guizardinus
3232 5656 3450 5741 legum
3497 5653 3724 5720 doctor
3788 5656 4019 5719 iterum
4077 5656 4491 5719 transmissus
4552 5676 4698 5720 cum
4743 5677 4863 5720 un-

1224 5767 1435 5833 decim
1485 5764 1904 5853 Sapjentibus
1967 5764 2052 5829 ad
2110 5764 2441 5829 dominum
2484 5762 2914 5850 Episcopum,
2961 5762 3132 5849 quod
3186 5763 3483 5828 dominus
3539 5761 3901 5849 Episcopus
3966 5762 4057 5827 sic
4118 5762 4212 5826 eis
4277 5761 4640 5849 respondit,
4690 5763 4863 5848 quod

1220 5873 1547 5940 homicida
1590 5871 1845 5938 restitui
1891 5871 2127 5936 debeat
2171 5871 2240 5935 in
2284 5870 2474 5936 domo
2520 5891 2640 5935 sua
2685 5871 2969 5957 propria,
3005 5891 3085 5934 ea
3131 5876 3347 5934 tamen
3395 5869 3781 5953 conditione,
3815 5869 3986 5956 quod
4029 5868 4334 5956 quicquid
4383 5890 4579 5956 super
4620 5889 4700 5933 eo
4747 5890 4860 5934 ne·

1220 5982 1399 6068 gotio
1447 5981 1692 6047 factum
1737 5987 1837 6044 est
1883 6000 1968 6044 ex
1999 5986 2183 6066 parte
2218 5977 2611 6061 Communis,
2644 5986 2710 6043 et
2740 6000 2857 6063 pro
2891 5977 3253 6061 Communi,
3287 5983 3350 6042 et
3387 5999 3472 6042 ex
3500 5983 3686 6065 parte
3719 5976 3964 6042 domini
3992 5976 4320 6063 Episcopi,
4356 5983 4422 6041 et
4452 5996 4569 6062 pro
4602 5976 4862 6042 domino

1216 6089 1565 6177 Episcopo,
1599 6088 1851 6152 nullum
1897 6086 2096 6151 faciat
2139 6084 2578 6173 prejuditium,
2610 6085 2717 6150 vel
2756 6086 2867 6170 jus
2913 6085 3226 6171 acquirat,
3260 6085 3396 6149 sive
3447 6083 3834 6170 acquisitum
3880 6082 4122 6148 habeat
4165 6082 4506 6148 Communi
4552 6084 4657 6148 vel
4701 6082 4860 6169 Epi·

1217 6218 1434 6285 scopo.
1481 6195 1568 6261 Et
1614 6194 1785 6259 idem
1831 6194 1913 6260 de
1960 6192 2418 6277 [re]stitutione
2478 6200 2545 6257 et
2604 6192 3008 6258 relaxatione
3067 6191 3385 6257 homicide
3430 6190 3741 6278 predicti,
3789 6191 3987 6255 etiam
4032 6189 4206 6277 quod
4250 6190 4550 6256 Potestas
4606 6190 4860 6255 nullum

1216 6304 1507 6392 requirat
1551 6301 1857 6389 deinceps
1903 6300 2145 6367 laicum
2189 6299 2295 6364 vel
2339 6299 2680 6383 clericum,
2729 6306 2797 6365 et
2842 6306 3066 6365 contra
3119 6297 3463 6385 requisitos
3512 6319 3639 6363 non
3686 6297 3995 6384 procedat
4041 6319 4158 6384 pro
4205 6297 4378 6362 dicto
4423 6296 4705 6382 negotio,
4754 6296 4860 6361 vel

1218 6411 1558 6477 occasione
1604 6410 1801 6495 hujus
1848 6408 2113 6495 negotii.
2160 6406 2246 6472 Et
2292 6406 2587 6472 dominus
2631 6406 2992 6494 Episcopus
3038 6405 3343 6470 liberabit
3404 6413 3468 6470 et
3530 6405 3825 6470 absolvet
3879 6426 4100 6470 omnes
4153 6425 4497 6492 personas,
4546 6425 4706 6490 que,
4755 6424 4858 6467 oc-
