5542 7775
1320 641 1354 709 1
1371 639 1412 709 6
1424 638 1466 709 2
2890 655 3367 707 MONUMENTA

1314 819 1447 893 tue,
1496 811 1835 899 presertim
1885 832 2029 874 cum
2077 809 2460 874 beneficium
2507 809 2663 872 satis
2723 830 2998 895 parvum
3055 816 3118 873 et
3179 816 3373 874 tenue
3435 809 3679 873 habeas
3742 809 3988 873 scilicet
4034 811 4206 897 quod
4266 811 4535 877 honeste
4598 810 4958 875 substenta-

1318 918 1479 983 tioni
1527 925 1635 983 tue
1684 939 1811 982 non
1860 917 2113 999 sufficit,
2147 923 2445 1003 prompto
2494 915 2705 980 studio
2752 915 3096 980 subvenire
3146 937 3465 980 curamus.
3505 916 3718 999 Unde,
3753 937 3900 979 cum
3930 915 4372 982 lincolniensis
4403 917 4678 982 ecclesia
4710 917 4958 981 nullum

1322 1025 1405 1090 ad
1451 1046 1718 1112 presens
1766 1025 2140 1111 episcopum
2186 1023 2445 1105 habeat,
2481 1044 2725 1108 nosque
2775 1044 2902 1087 non
2951 1026 3015 1086 in
3063 1032 3317 1109 partem
3349 1022 3820 1104 sollicitudinis,
3856 1022 3968 1087 sed
4001 1023 4067 1088 in
4101 1023 4570 1110 plenitudinem
4601 1025 4959 1111 potestatis,

1314 1133 1467 1198 licet
1514 1132 1853 1215 immeriti,
1903 1154 1940 1196 a
1986 1131 2267 1197 Domino
2316 1152 2536 1195 sumus
2586 1130 2835 1211 vocati,
2884 1137 2948 1194 te
2997 1130 3289 1214 ejusdem
3346 1130 3615 1195 ecclesie
3679 1131 4071 1195 authoritate
4135 1131 4312 1197 beati
4370 1131 4554 1197 Petri
4614 1138 4679 1196 et
4740 1137 4960 1196 nostra

1315 1241 1696 1305 canonicum
1742 1239 2172 1322 instituimus,
2222 1246 2286 1303 et
2331 1238 2608 1325 primam
2654 1237 3052 1323 prebendam
3101 1259 3296 1323 quam
3343 1238 3408 1301 in
3464 1259 3543 1302 ea
3603 1258 3839 1302 vacare
3900 1238 4279 1324 contigerit,
4330 1261 4408 1303 ea
4456 1260 4586 1326 qua
4633 1238 4963 1325 fungimur

1315 1353 1659 1435 potestate,
1708 1346 2150 1412 concedimus:
2200 1352 2558 1410 statuentes
2605 1351 2677 1408 ut
2724 1344 2779 1408 si
2827 1344 3167 1431 episcopus
3229 1345 3335 1409 vel
3396 1345 3563 1409 alius
3611 1344 3917 1431 quislibet
3964 1353 4190 1410 contra
4234 1346 4357 1412 hoc
4403 1347 4626 1411 venire
4673 1367 4960 1432 presum-

1313 1455 1537 1541 pserit,
1587 1455 1727 1540 ejus
1776 1454 1842 1518 in
1889 1453 2011 1518 hac
2059 1460 2244 1541 parte
2292 1452 2536 1517 factum
2584 1451 2798 1515 nullas
2845 1452 3016 1515 vires
3065 1451 3375 1534 obtineat,
3422 1451 3534 1516 sed
3582 1473 3837 1517 cassum
3882 1459 3948 1517 et
3993 1474 4271 1517 vacuum
4319 1453 4576 1540 penitus
4622 1452 4959 1535 habeatur,

1315 1583 1433 1626 nec
1480 1561 1809 1627 concessio
1857 1561 1992 1625 sive
2042 1560 2325 1641 donatio,
2375 1560 2526 1646 quia
2569 1560 2708 1644 jam
2757 1558 2840 1622 ab
2890 1558 3018 1624 alio
3068 1559 3278 1641 facta,
3328 1558 3446 1623 tibi
3496 1559 3559 1623 in
3609 1560 3730 1624 hoc
3779 1559 4024 1646 aliquid
4069 1560 4272 1646 possit
4318 1567 4772 1626 nocumentum
4817 1581 4961 1647 prc-

1317 1676 1512 1733 stare.
1564 1669 1987 1734 Decernimus
2035 1689 2212 1753 erg0,
2261 1673 2333 1731 ut
2380 1666 2540 1731 nulli
2587 1666 2756 1731 hauc
2807 1672 3025 1731 nostre
3074 1667 3527 1750 concessionis,
3577 1672 3699 1731 etc.
3727 1666 3805 1730 (1)

3065 1935 3182 2001 IV.

2921 2134 3109 2195 Anno
3161 2132 3353 2195 1162.

2414 2327 2517 2391 Ex
2566 2327 2793 2391 eodem
2842 2336 3036 2410 tom0,
3087 2327 3226 2391 doc.
3275 2327 3426 2410 IV„
3478 2349 3531 2391 c.
3579 2327 3769 2391 XIX.
3820 2350 3870 2391 r.

1492 2524 1873 2589 Alexander
1919 2545 2089 2610 papa
2136 2522 2264 2587 III.
2300 2524 2377 2587 (2)
2427 2523 2694 2587 Dec-,ano
2743 2530 2807 2587 et
2856 2523 3156 2609 Capitulo
3204 2522 3629 2587 lincolniensi.

1495 2631 1818 2706 Quoniam
1866 2630 1949 2695 ad
1996 2637 2285 2694 nostrum
2336 2638 2585 2717 spectat
2635 2630 2914 2694 officium
2961 2631 3117 2694 viris
3175 2629 3460 2695 honestis
3509 2637 3573 2694 et
3618 2630 3892 2694 literatis
3941 2631 4007 2695 in
4055 2629 4330 2695 ecclesia
4375 2629 4501 2695 Dei
4549 2630 4763 2695 locum
4812 2652 4965 2696 con-

1318 2760 1552 2825 gruum
1601 2738 1936 2822 assignare
1986 2745 2049 2801 et
2098 2759 2319 2801 corum
2368 2737 2721 2823 provisioni
2768 2738 2984 2800 animo
3025 2737 3250 2804 libenti
3303 2737 3654 2819 intendere,
3690 2737 3995 2803 dilectum
4028 2737 4231 2801 filium
4264 2744 4552 2802 nostrum
4586 2738 4969 2823 magistrum

1316 2845 1400 2911 D.
1450 2845 1661 2908 virum
1709 2844 1967 2927 utilem,
2019 2844 2381 2926 literatum,
2432 2844 2772 2930 providum
2836 2866 2910 2908 ac
2977 2845 3362 2925 discretum,
3412 2853 3475 2909 et
3524 2867 3650 2909 non
3697 2845 3906 2910 solum
3954 2844 4399 2927 canonicatui,
4449 2845 4563 2909 sed
4613 2845 4972 2932 episcopali

1317 2952 1549 3035 etiam,
1599 2952 1666 3015 in
1715 2959 2027 3038 quantum
2078 2973 2192 3015 nos
2240 2951 2786 3037 comprehendere
2844 2953 3202 3038 potuimus,
3253 2953 3556 3016 idoneum
3603 2953 3934 3038 dignitati,
3983 2951 4273 3017 Ecclesie
4320 2958 4536 3017 vestre
4585 2952 4970 3017 canonicum

1316 3059 1746 3124 aucthoritate
1796 3059 2151 3145 apostolica
2199 3058 2673 3141 constituimus,
2709 3065 2773 3122 et
2808 3059 2928 3145 ipsi
2974 3060 3249 3145 primam
3297 3059 3714 3146 prebendam,
3751 3081 3946 3146 quam
3994 3060 4060 3123 in
4108 3059 4338 3123 eadem
4385 3058 4680 3123 Ecclesia
4726 3080 4964 3124 vacare

1317 3167 1668 3253 continget,
1704 3187 1781 3229 ea
1830 3187 1957 3251 qua
2005 3165 2337 3251 fungimur
2384 3173 2703 3251 potestate
2754 3167 3207 3232 concessimus.
3241 3167 3432 3232 Unde
3483 3168 3786 3253 quoniam
3834 3167 3913 3231 de
3962 3167 4127 3231 tanti
4173 3166 4297 3231 viri
4345 3166 4666 3232 consortio
4715 3167 4968 3231 debetis

1318 3296 1446 3339 non
1494 3275 1813 3339 immerito
1861 3274 2207 3361 plurimum
2256 3274 2592 3359 gratulari,
2628 3275 2967 3361 presertim
3015 3298 3158 3338 cum
3207 3298 3322 3362 per
3361 3297 3510 3339 cum
3541 3275 3830 3340 Ecclesie
3863 3282 4076 3339 vestre
4112 3275 4576 3360 magisterium,
4617 3297 4812 3362 quam
4845 3276 4970 3362 ipsi

1316 3404 1432 3469 per
1471 3382 1833 3447 Ecclesiam
1864 3382 2163 3445 videatur
2210 3382 2515 3445 collatum
2566 3382 2785 3464 fuisse,
2819 3382 3246 3446 Universitati
3279 3391 3492 3447 vestre
3532 3404 3650 3468 per
3683 3383 4036 3469 apostolica
4069 3383 4310 3468 scripta
4343 3382 4755 3469 precipiendo
4788 3404 4970 3447 man-

1317 3489 1546 3552 damus
1594 3497 1659 3553 et
1707 3489 1773 3553 in
1821 3489 2058 3552 virtute
2108 3488 2470 3552 obedientie
2520 3489 2940 3573 injungimus,
2991 3495 3061 3552 ut
3109 3510 3254 3553 eum
3304 3512 3448 3553 cum
3495 3489 3578 3552 ad
3625 3511 3739 3553 vos
3787 3490 4059 3572 venerit,
4098 3490 4165 3553 in
4214 3489 4481 3553 fratrem
4529 3496 4593 3554 et
4650 3510 4970 3554 concano-

1325 3598 1560 3679 nicum,
1611 3596 1784 3662 omni
1834 3595 2360 3678 contradictione,
2411 3596 2720 3660 dilatione
2769 3602 2835 3659 et
2882 3596 3317 3683 appellatione
3362 3596 3741 3683 postposita,
3791 3596 4153 3683 recipiatis3
4202 3603 4265 3661 et
4314 3596 4409 3659 illi
4455 3603 4702 3661 certum
4749 3597 4966 3661 locum

1320 3704 1385 3768 in
1436 3705 1631 3769 choro
1681 3710 1745 3768 et
1792 3703 2076 3789 capitulo
2125 3703 2551 3788 assignantcS,
2587 3703 2796 3789 ipsum
2847 3703 2926 3766 de
2975 3704 3184 3789 prima
3232 3704 3583 3790 prebenda,
3634 3725 3758 3791 que
3806 3704 3872 3767 in
3917 3703 4212 3768 Ecclesia
4257 3710 4474 3768 vestra
4521 3725 4757 3768 vacare
4805 3725 4961 3769 con-

1323 3813 1535 3900 tinget
1596 3812 1987 3878 authoritate
2052 3818 2271 3876 nost-ra
2328 3812 2722 3896 investiatis,
2772 3817 2838 3875 et
2886 3811 3049 3896 aliis,
3098 3812 3152 3876 si
3202 3834 3324 3899 que
3373 3813 3582 3877 solent
3629 3814 3693 3877 in
3742 3812 4218 3901 prebendarum
4264 3811 4663 3877 investituris
4711 3813 4790 3877 de
4835 3811 4966 3876 Ec-

1317 3922 1511 3986 clesie
1560 3928 1774 3985 vestre
1822 3920 2285 3985 consuetudine
2335 3920 2852 3983 solemnitatibus
2902 3919 3227 4002 adhibitis,
3262 3921 3743 3985 concessionem
3789 3929 4073 3985 nostram
4119 3919 4491 4007 precipiatis
4539 3919 4622 3985 ab
4671 3920 4973 3985 omnibus

1320 4028 1863 4114 irrefragabiliter
1910 4028 2265 4092 observari.
2316 4027 2384 4091 Si
2436 4034 2652 4090 autem
2699 4026 2937 4112 aliquis
3000 4028 3338 4113 episcopus
3397 4027 3500 4091 vel
3549 4027 3715 4091 alius
3764 4027 4068 4113 quislibet
4114 4034 4340 4092 contra
4385 4026 4509 4091 hoc
4555 4027 4779 4091 venire
4826 4049 4979 4114 prc-

1321 4136 1690 4223 sumpserit,
1728 4141 1791 4199 et
1823 4134 2243 4221 prebendam,
2278 4156 2421 4199 cum
2470 4134 2820 4217 vacaverit,
2856 4133 2967 4197 alii
3015 4134 3364 4198 concedere
3397 4134 3500 4198 vel
3550 4135 3883 4220 assignare
3929 4135 4296 4218 tentaverit,
4333 4135 4475 4219 ejus
4522 4135 4589 4199 in
4632 4134 4752 4198 hac
4783 4142 4974 4221 parte

1320 4244 1566 4308 factum
1614 4244 1827 4307 nullas
1875 4242 2045 4306 vires
2093 4242 2383 4308 obtinere
2433 4242 2750 4325 velumuS,
2790 4241 2904 4306 sed
2953 4242 3202 4305 irritum
3250 4251 3312 4306 et
3361 4264 3637 4306 vacuum
3685 4264 3949 4329 prorsus
3995 4241 4242 4325 haberi,
4287 4263 4496 4328 neque
4543 4242 4806 4308 donatio
4852 4264 4974 4306 seu

1322 4350 1677 4432 concessiO,
1713 4350 1865 4436 quia
1907 4350 2044 4434 jam
2094 4349 2177 4412 ab
2225 4350 2353 4414 alio
2404 4350 2597 4432 facta,
2633 4350 2693 4413 ei
2738 4349 2806 4413 in
2852 4349 2974 4414 hoc
3022 4349 3550 4434 impedimentum
3599 4349 3880 4436 aliquod,
3916 4349 4052 4414 sive
4095 4355 4550 4414 nocumentum
4581 4349 4784 4436 possit
4822 4371 4973 4435 prc-

1319 4465 1514 4522 stare.
1563 4457 1832 4522 Interim
1882 4479 2036 4522 vcro
2085 4478 2199 4520 vos
2247 4457 2547 4544 precibus
2597 4457 2832 4521 nostris
2880 4456 3178 4520 volumus
3226 4465 3528 4520 exoratos
3575 4456 3800 4520 haberi
3849 4464 3920 4520 ut
3958 4457 4410 4543 prenominato
4442 4455 4527 4522 D.
4562 4455 4826 4544 aliquod
4855 4456 4973 4522 bc-

1319 4565 1618 4630 neficium
1666 4587 1953 4629 annuum
1998 4586 2113 4651 pro
2161 4565 2337 4628 beati
2383 4564 2564 4628 Petri
2631 4570 2697 4628 et
2759 4571 2980 4628 nostra
3043 4564 3406 4628 reverentia
3468 4572 3532 4627 et
3596 4564 3863 4628 obtentu
3924 4564 4258 4628 literature
4322 4570 4387 4629 et
4448 4563 4792 4651 probitatis
4852 4586 4973 4628 sue

1318 4672 1676 4737 liberaliter
1723 4672 2111 4754 concedatis,
2163 4678 2227 4735 et
2274 4671 2478 4737 donec
2525 4671 2922 4758 prebendam
2971 4692 3205 4736 vacare
3254 4671 3636 4756 contigerit,
3680 4671 4043 4756 assignetis,
4093 4679 4164 4735 ut
4212 4693 4327 4737 nos
4381 4671 4708 4736 devotioni
4754 4679 4973 4736 vestre

1319 4782 1707 4868 multiplices
1757 4781 2011 4846 interim
2060 4780 2306 4865 gratias
2353 4786 2690 4844 teneamur
2736 4780 3095 4862 exsolvere,
3129 4788 3192 4843 et
3225 4800 3450 4865 preces
3484 4801 3558 4843 ac
3590 4778 3986 4866 pe[ti]tiones
4026 4786 4294 4863 vestras,
4331 4802 4478 4844 cum
4517 4779 4970 4866 opportunitas

1318 4911 1389 4953 se
1439 4889 1767 4973 obtulerit,
1801 4888 2163 4975 promptius
2211 4897 2277 4952 et
2323 4888 2647 4952 efficacius
2695 4887 3028 4952 exaudire.
3062 4887 3139 4951 In
3188 4886 3310 4951 hoc
3360 4886 3529 4950 enim
3578 4886 3824 4973 aliquid
3871 4886 4237 4952 donationis
4281 4887 4348 4951 in
4395 4909 4545 4953 eum
4591 4888 4761 4952 facte
4794 4909 4970 4953 com-

1317 4996 1700 5083 probabitur
1747 4996 2052 5060 indicium
2102 5003 2167 5059 et
2213 4995 2580 5059 necessitati
2631 5016 2745 5058 sue
2796 4995 3263 5080 qualecumque
3311 4993 3669 5057 subsidium
3715 4993 4083 5059 conferetur
4131 5042 4749 5062 ..........

3103 5264 3185 5328 V.

2934 5462 3122 5525 Anno
3172 5461 3362 5524 1162.

2461 5656 2563 5721 Ex
2614 5657 2841 5722 eodem
2887 5662 3081 5738 tome,
3131 5657 3268 5721 doc.
3317 5656 3437 5740 V.,
3487 5655 3597 5720 fol.
3648 5657 3727 5721 21
3781 5677 3834 5720 r.

1494 5856 1879 5921 Alexander
1927 5876 2097 5941 papa
2147 5854 2273 5918 ΠΙ.
2308 5855 2386 5918 (3)
2432 5854 2700 5919 Decauo
2748 5863 2813 5919 et
2862 5854 3161 5941 Capitulo
3208 5853 3415 5918 sancti
3457 5853 3651 5917 Pauli
3698 5852 4154 5918 londoniensis.

1499 5964 1902 6029 Constitutus
1951 5964 2017 6026 in
2065 5963 2392 6048 presentia
2442 5969 2660 6026 nostra
2711 5963 2983 6027 dilectus
3031 5962 3199 6026 filius
3235 5968 3452 6026 noster
3484 5961 3797 6047 magister
3836 5960 3950 6043 D.,
3988 5959 4334 6025 canonicus
4365 5965 4601 6043 vester,
4635 5960 4736 6023 vir
4766 5959 4965 6040 utilis,

1313 6073 1643 6156 literatus,
1675 6071 1985 6158 providus
2035 6077 2098 6134 et
2147 6069 2462 6134 discretus
2510 6076 2574 6133 ct
2622 6071 2809 6134 nobis
2858 6070 2938 6135 ob
2987 6070 3392 6134 literaturam
3441 6076 3503 6134 et
3550 6069 3940 6156 probitatem
3988 6089 4172 6131 suam
4220 6089 4407 6132 carus
4456 6068 4702 6155 pariter
4747 6074 4812 6131 et
4856 6088 4965 6130 ac·

1315 6187 1560 6268 ceptus,
1596 6180 1861 6244 auribus
1909 6178 2144 6243 nostris
2192 6177 2569 6263 diligentius
2616 6178 2940 6242 intimavit
2986 6177 3176 6264 quod,
3213 6198 3356 6241 cum
3399 6177 3466 6240 in
3513 6175 3808 6241 Ecclesia
3839 6181 4055 6239 vestra
4086 6174 4481 6262 prebendam
4513 6175 4670 6240 satis
4703 6182 4964 6239 tenuem

1476 6433 1554 6496 (1)
1595 6430 1901 6483 Sam-tionis
1939 6429 2176 6482 formula
2214 6430 2269 6481 in
2309 6429 2496 6483 codice
2537 6429 2893 6482 desideratur.
2930 6429 3036 6493 (M.)
3362 6430 3439 6494 (8)
3479 6427 3561 6478 Ex
3600 6428 3719 6479 cod.
3757 6427 3920 6479 vatic.
3959 6443 4011 6478 n.
4051 6429 4210 6492 6024,
4247 6424 4343 6478 fol.
4386 6427 4505 6477 152.

1475 6523 1554 6587 (2)
1595 6520 1677 6572 Ex
1716 6520 1835 6574 cod.
1874 6520 2039 6573 vatic.
2078 6537 2227 6572 num.
2268 6522 2426 6584 6024,
2464 6518 2559 6571 fol.
2603 6521 2721 6570 152.
