5542 7775
1300 625 1399 695 24
2879 644 3357 694 MONUMENTA

3056 1099 3173 1196 lv.

2833 1332 3026 1412 1186,
3077 1333 3160 1394 15
3209 1333 3388 1394 iunii.

1292 1566 1396 1631 Ex
1444 1565 1707 1630 archivo
1755 1566 1961 1629 sancti
2010 1564 2345 1651 Stephani,
2395 1585 2563 1628 nunc
2611 1564 2674 1628 in
2721 1563 3075 1628 Tabulario
3123 1563 3300 1628 Max.
3350 1563 3749 1644 bononiensi,
3793 1571 3946 1627 sect.
3992 1589 4020 1618 «
4076 1563 4439 1627 Demaniale
4486 1588 4547 1646 »,
4598 1586 4769 1628 num.
4817 1544 4918 1660 5¹33.

1472 1873 1588 1954 (L.
1623 1873 1667 1955 †
1703 1872 1806 1953 S.)
1854 1872 1933 1935 In
1983 1871 2222 1935 Christi
2268 1870 2544 1934 nomine.
2596 1868 2790 1932 Anno
2837 1867 3126 1951 ejusdem
3175 1867 3514 1931 millesimo
3562 1865 3661 1931 C.⁰
3711 1865 4006 1932 lxxxv1.⁰
4054 1867 4398 1933 indictione
4445 1889 4615 1950 1111.,
4659 1869 4919 1935 domino

1291 1981 1681 2068 imperatore
1728 1978 2072 2043 Frederico
2121 1985 2185 2042 et
2231 1978 2362 2042 filio
2396 1978 2537 2062 ejus
2570 1996 2724 2059 rege
2758 1973 3097 2058 H[en]rico
3135 1975 3579 2060 regnantibus,
3613 1974 3832 2038 XVII.
3871 1974 4183 2038 kalendas
4224 1975 4393 2059 julii,
4428 1976 4530 2040 die
4579 1977 4918 2044 dominice.

1290 2087 1455 2153 Cum
1493 2088 1572 2151 lis
1607 2095 1672 2152 et
1704 2085 2141 2151 controversia
2174 2092 2534 2149 verteretur
2567 2084 2735 2149 inter
2769 2082 3097 2147 dominum
3145 2082 3523 2147 Gonterium
3555 2082 3959 2146 Leonensem
3992 2082 4313 2166 abbatem,
4348 2084 4607 2149 domino
4641 2085 4918 2152 Osberto

1288 2198 1502 2284 priore
1536 2196 1614 2261 de
1646 2196 1954 2260 Panzano
1987 2196 2128 2279 ejus
2162 2201 2575 2280 procuratore
2625 2195 2687 2258 in
2732 2216 2928 2258 causa
2962 2193 3299 2273 existente,
3335 2199 3399 2255 et
3431 2190 3758 2254 dominum
3790 2189 4166 2254 Rainerium
4201 2192 4502 2256 abbatem
4536 2195 4740 2258 sancti
4777 2195 4917 2259 Ste-

1288 2305 1489 2391 phani
1535 2304 1614 2368 de
1648 2304 1921 2369 ecclesia
1968 2302 2173 2366 sancti
2218 2301 2423 2365 Blasii
2469 2302 2548 2366 de
2596 2302 2860 2387 Vogulo
2909 2323 3055 2364 cum
3101 2300 3233 2363 suis
3282 2298 3709 2385 pertinentjis,
3756 2319 3972 2361 coram
4020 2297 4277 2362 domino
4325 2299 4634 2366 Rainerio
4680 2302 4916 2367 bonon.

1286 2412 1846 2498 archipresbitero,
1897 2417 1961 2474 et
2009 2410 2318 2494 magistro
2364 2408 2645 2473 Martino
2694 2408 3040 2473 mutinensi
3096 2406 3492 2492 praeposito,
3541 2415 3606 2470 et
3653 2405 3909 2469 domino
3958 2405 4230 2471 Alberto
4278 2407 4488 2493 priore
4544 2412 4751 2474 sancti
4798 2411 4917 2475 Ce-

1286 2520 1460 2601 sarii,
1510 2518 2044 2605 cognoscentibus
2091 2539 2173 2580 ex
2222 2516 2633 2601 delegatjone
2682 2516 2922 2580 domini
2969 2515 3219 2579 Urbani
3265 2513 3486 2599 Papae
3530 2512 3657 2577 III.
3708 2513 3917 2587 Quam
3966 2513 4303 2577 ecclesiam
4351 2537 4499 2578 cum
4543 2517 4674 2580 suis
4721 2519 4918 2604 perti-

1288 2628 1526 2712 nentjis
1575 2627 1782 2690 dictus
1829 2625 2004 2712 prior
2052 2623 2307 2688 nomine
2356 2623 2665 2688 ecclesiae
2699 2622 2906 2686 sancti
2948 2621 3283 2686 Benedicti
3317 2620 3576 2707 petebat
3608 2627 3673 2684 et
3705 2620 3941 2705 injuste
3976 2620 4058 2682 ab
4097 2621 4331 2685 abbate
4366 2624 4571 2686 sancti
4607 2624 4919 2711 Stephani

1286 2745 1667 2821 occupatam
1714 2732 2064 2797 asserebat.
2099 2731 2511 2817 Quapropter
2559 2730 2669 2794 lite
2720 2737 3100 2811 contestata,
3142 2727 3564 2815 possessionis
3611 2739 3675 2791 et
3723 2728 4048 2791 fructuum
4093 2729 4566 2813 restitutjonem
4612 2732 4920 2818 exigebat

1286 2843 1351 2907 in
1381 2843 1519 2927 jam
1552 2841 1738 2905 dictis
1765 2839 2128 2924 judicibus3
2164 2847 2436 2923 uterque
2469 2838 2672 2902 abbas
2709 2845 2771 2901 et
2808 2837 2982 2923 prior
3016 2836 3417 2901 concorditer
3452 2835 4047 2921 compromiserunt.
4079 2835 4214 2922 Ipsi
4247 2859 4400 2901 vero
4426 2837 4679 2922 judices
4720 2841 4918 2905 talem

1285 2948 1695 3015 concordiam
1729 2949 1876 3033 jure
1909 2945 2364 3030 transactjonis
2397 2945 2563 3009 inter
2596 2967 2706 3009 eos
2740 2945 3053 3027 fecerunt,
3101 2943 3401 3010 videlicet
3454 2945 3625 3035 quod
3671 2944 3879 3009 dictus
3926 2945 4220 3012 dominus
4266 2944 4492 3009 Abbas
4539 2946 4916 3031 Leonensis,

1283 3057 1439 3121 dicti
1483 3055 1730 3120 Prioris
1778 3075 2115 3136 consensu,
2149 3052 2464 3117 concessit
2503 3052 2671 3117 dicto
2719 3053 2976 3118 domino
3025 3053 3270 3118 Abbati
3311 3057 3518 3120 sancti
3552 3053 3866 3140 Stephani
3899 3061 3963 3118 et
3996 3054 4137 3138 ejus
4171 3055 4646 3118 successoribus
4678 3055 4916 3120 dictam

1284 3162 1623 3228 ecclesiam
1685 3160 1890 3225 sancti
1953 3159 2157 3224 Blasii
2219 3181 2365 3223 cum
2412 3158 2543 3222 suis
2590 3159 2996 3246 pertinentjis
3048 3159 3111 3223 in
3157 3169 3538 3247 perpetuum
3587 3161 3699 3224 tali
3762 3168 4018 3224 tenore:
4076 3159 4266 3234 Quod
4329 3160 4624 3224 dominus
4685 3162 4913 3226 Abbas

1282 3269 1491 3334 sancti
1540 3267 1854 3355 Stephani
1899 3275 1963 3332 et
2010 3268 2151 3351 ejus
2198 3288 2598 3331 successores
2659 3267 2895 3331 debent
2957 3267 3195 3331 dictam
3249 3268 3588 3332 ecclesiam
3634 3268 3840 3332 sancti
3886 3267 4090 3331 Blasii
4138 3268 4489 3331 secundum
4535 3269 4742 3333 sancti
4790 3270 4914 3334 Be·

1283 3377 1522 3442 nedicti
1581 3376 1904 3460 regulam,
1954 3397 2103 3439 cum
2164 3381 2345 3438 tanto
2408 3395 2673 3438 numero
2737 3375 3199 3438 monachorum
3262 3382 3326 3439 et
3395 3375 3774 3440 clericorum
3843 3382 4098 3457 tenere,
4148 3381 4221 3438 ut
4281 3374 4569 3439 divinum
4638 3377 4916 3442 officium

1281 3483 1634 3549 secundum
1680 3482 1853 3546 illius
1899 3482 2026 3546 loci
2071 3481 2449 3546 facultatem
2512 3482 2714 3568 possit
2788 3481 3076 3567 expleri3
3126 3481 3448 3547 reddendo
3513 3482 3900 3564 annualiter,
3951 3483 4205 3546 nomine
4269 3504 4496 3547 census
4560 3483 4696 3547 sive
4758 3506 4914 3569 pen·

1282 3591 1480 3655 sionis
1528 3611 1643 3676 pro
1686 3592 1826 3676 jam
1871 3589 2044 3654 dicta
2101 3590 2374 3654 ecclesia
2422 3598 2486 3654 et
2532 3590 2672 3674 ejus
2720 3591 3156 3676 pertinentjis,
3204 3589 3288 3653 X.
3337 3589 3551 3654 soldos
3612 3589 3978 3676 imperiales
4041 3589 4106 3653 in
4152 3597 4536 3677 perpetuum
4580 3592 4645 3653 in
4695 3613 4913 3657 mense

1284 3698 1516 3763 martio
1580 3699 1646 3762 in
1708 3704 1886 3762 curte
1948 3696 2274 3780 Panzani,
2338 3703 2403 3761 et
2460 3718 2655 3760 unam
2716 3697 3153 3782 albergariam
3219 3697 3490 3782 singulis
3560 3698 3746 3760 annis
3807 3697 4050 3761 Abbati
4116 3697 4474 3779 Leonensi,
4536 3698 4640 3762 vel
4700 3699 4912 3763 Priori

1284 3828 1430 3872 cum
1476 3806 1697 3870 decem
1758 3804 2141 3891 equitaturis
2202 3825 2345 3869 sero
2406 3811 2471 3868 et
2531 3803 2801 3891 prandio
2858 3804 3031 3890 apud
3076 3804 3427 3890 Vogulum,
3476 3811 3541 3868 et
3601 3804 3657 3868 si
3720 3804 3884 3867 alius
3933 3825 4156 3868 eorum
4202 3804 4492 3887 huncine,
4535 3827 4678 3869 cum
4729 3811 4913 3870 1111.⁰‘

1280 3915 1684 4000 equitaturis,
1732 3935 1850 3978 nec
1897 3913 2223 3978 dividatur
2269 3913 2667 3998 albergaria,
2718 3933 2836 3975 nec
2883 3912 3266 3998 duplicetur,
3319 3934 3435 3977 nec
3482 3913 3689 3993 detur,
3738 3913 3791 3975 si
3839 3934 3982 3976 eam
4030 3934 4158 3975 non
4205 3913 4497 3997 exegerit
4545 3936 4670 3977 uno
4720 3936 4911 3996 ann0,

1280 4022 1453 4108 quod
1498 4038 1633 4086 non·
1672 4022 1874 4108 possit
1920 4028 2138 4107 petere
2187 4020 2251 4083 in
2299 4019 2593 4105 sequenti
2635 4019 2819 4083 duas.
2878 4020 3089 4094 Quam
3152 4019 3488 4084 ecclesiam
3535 4042 3680 4084 cum
3726 4020 3858 4084 suis
3904 4019 4310 4106 pertinentjis
4358 4020 4564 4084 dictus
4614 4021 4911 4086 dominus

1278 4128 1505 4194 Abbas
1564 4129 1921 4193 Leonensis
1984 4150 2100 4214 pro
2172 4148 2241 4191 se
2311 4127 2571 4212 suisque
2632 4127 3111 4191 successoribus
3176 4127 3610 4213 suprascripto
3672 4127 3919 4191 Abbati
3983 4127 4188 4191 sancti
4252 4127 4564 4213 Stephani
4633 4135 4698 4191 et
4768 4131 4910 4214 ejus

1279 4236 1755 4301 successoribus
1801 4236 1883 4299 ab
1932 4235 2107 4299 omni
2159 4234 2417 4299 homine
2478 4233 2839 4319 disbrigare
2902 4242 2967 4297 et
3036 4255 3182 4298 cum
3249 4234 3497 4297 ratione
3545 4233 3889 4298 defendere
3939 4233 4231 4318 promisit
4289 4234 4407 4297 tali
4462 4235 4686 4299 modo:
4738 4237 4911 4321 quod

1277 4344 1504 4408 Abbas
1567 4343 1773 4407 sancti
1837 4342 2151 4428 Stephani
2215 4350 2562 4427 antequam
2617 4341 2885 4427 incipiat
2945 4362 3250 4422 causam,
3299 4340 3354 4403 si
3410 4362 3448 4404 a
3510 4362 3834 4427 quoquam
3883 4341 3942 4404 ei
3991 4342 4426 4406 controversia
4475 4342 4553 4406 de
4595 4343 4910 4426 jamdicta

1278 4449 1551 4515 ecclesia
1600 4456 1663 4514 et
1711 4451 1853 4534 ejus
1900 4449 2307 4536 pertinentjis
2364 4456 2719 4529 moveatur,
2770 4449 3102 4512 nominare
3164 4447 3398 4511 debeat
3455 4448 3857 4513 Leonensem
3905 4448 4229 4513 Abbatcm
4291 4456 4356 4512 et
4412 4448 4472 4512 ei
4519 4449 4908 4515 denunciare

1278 4566 1349 4622 ut
1410 4558 1664 4640 veniat,
1713 4558 1818 4621 vel
1881 4556 2094 4620 mittat
2153 4556 2236 4620 ad
2305 4557 2447 4640 ejus
2508 4555 2969 4620 defensionem.
3032 4555 3117 4619 Et
3177 4555 3531 4619 Leonensis
3593 4554 3819 4619 Abbas
3881 4556 4072 4620 debet
4129 4555 4383 4637 venire,
4449 4556 4551 4620 vel
4613 4557 4905 4640 mittere,

1278 4665 1580 4752 expensis
1627 4670 1846 4728 tamen
1908 4663 2186 4728 Abbatis
2233 4663 2440 4727 sancti
2489 4662 2838 4748 Stephani,
2889 4663 3024 4748 ipse
3072 4670 3136 4726 et
3199 4663 3308 4747 qui
3371 4684 3516 4726 cum
3582 4684 3658 4727 eo
3723 4662 4015 4726 venerint
4079 4663 4216 4726 sine
4278 4662 4505 4727 fraude
4566 4673 4908 4750 postquam

1278 4773 1363 4838 ad
1417 4793 1678 4836 causam
1733 4770 2166 4857 pervenerint.
2215 4770 2301 4833 Et
2353 4769 2579 4834 Abbas
2634 4770 2840 4834 sancti
2890 4770 3203 4856 Stephani
3258 4769 3449 4834 debet
3503 4770 3742 4834 habere
3790 4791 3939 4833 suos
3988 4768 4335 4834 advocatos
4383 4770 4585 4834 bonos
4630 4773 4906 4858 propriis

1284 4880 1608 4966 expensis.
1640 4877 1727 4943 Et
1774 4879 1827 4942 si
1874 4876 2101 4941 Abbas
2149 4878 2356 4941 sancti
2403 4877 2717 4963 Stephani
2763 4898 2843 4940 ea
2890 4898 3055 4962 quae
3103 4899 3296 4962 super
3342 4877 3512 4941 facto
3554 4877 3782 4961 judicii
3831 4875 4003 4940 dicta
4050 4883 4219 4960 sunt,
4269 4899 4397 4942 non
4445 4878 4904 4963 observaverit,

1281 4986 1696 5051 nihilominus
1743 4992 2040 5049 teneatur
2086 4984 2171 5048 ad
2217 4984 2614 5070 praedictum
2659 5005 2922 5048 censum
2953 4991 3016 5047 et
3048 4984 3480 5070 albergariam
3513 4984 3888 5070 parandam.
3925 4983 3978 5047 E
4029 4990 4253 5047 contra
4286 5006 4560 5070 quoque,
4595 4986 4648 5048 si
4681 4986 4906 5051 Abbas

1278 5094 1656 5177 Leonensis,
1691 5114 1856 5179 quae
1905 5093 2075 5157 dicta
2122 5101 2269 5157 sunt
2313 5093 2392 5157 de
2440 5092 2812 5157 defensione
2854 5113 2978 5157 non
3016 5092 3257 5175 feccrit,
3291 5093 3516 5157 Abbas
3556 5094 3760 5156 sancti
3797 5091 4107 5178 Stephani
4157 5114 4282 5156 non
4324 5099 4622 5157 teneatur
4654 5095 4903 5159 solvere

1280 5201 1518 5267 dictam
1549 5202 1923 5287 pensionem
1958 5210 2023 5264 et
2070 5202 2526 5287 albergariam,
2561 5223 2677 5265 nec
2723 5200 2920 5263 aliam
2951 5223 3184 5287 penam
3229 5203 3518 5288 patjatur
3564 5202 3891 5265 alteruter.
3933 5200 4018 5263 Et
4064 5200 4290 5263 Abbas
4338 5201 4544 5264 sancti
4594 5201 4908 5287 Stephani

1279 5310 1526 5375 nullam
1575 5308 2021 5391 collusionem,
2058 5309 2433 5394 nullumque
2481 5316 2740 5395 pactum
2790 5330 2933 5372 cum
2967 5308 3182 5394 aliquo
3215 5308 3406 5372 faciet
3448 5309 3525 5372 de
3559 5308 3994 5394 suprascripta
4031 5308 4303 5371 ecclesia
4337 5308 4417 5371 ad
4452 5308 4906 5373 detrimentum

1276 5396 1633 5481 Leonensis
1666 5413 2018 5477 Ecclesiae.
2046 5414 2320 5500 Insuper
2352 5414 2558 5478 dictus
2591 5412 2885 5478 dominus
2911 5413 3136 5477 Abbas
3166 5414 3520 5478 Leonensis
3553 5420 3617 5478 et
3648 5413 3837 5477 Prior
3867 5434 3983 5498 pro
4019 5435 4109 5494 se,
4135 5413 4394 5498 suisque
4428 5414 4905 5480 successoribus

1277 5523 1570 5587 fecerunt
1616 5521 1810 5583 finem
1858 5521 2294 5606 suprascripto
2345 5520 2601 5584 domino
2634 5520 2878 5583 Abbati
2912 5519 3116 5583 sancti
3151 5519 3462 5606 Stephani
3496 5526 3559 5583 et
3602 5521 3741 5604 ejus
3775 5517 4250 5583 successoribus
4284 5518 4362 5582 de
4396 5519 4710 5583 fructibus
4743 5542 4903 5605 quos

1276 5630 1360 5694 ab
1408 5649 1483 5693 eo
1533 5627 1876 5714 petebant,
1927 5634 1991 5691 et
2037 5627 2348 5711 violentja
2396 5650 2590 5713 quam
2645 5627 2944 5691 dicebant
2990 5627 3109 5690 sibi
3159 5627 3296 5691 fore
3354 5627 3632 5709 illatam3
3684 5648 3917 5712 penam
3974 5626 4049 5689 L.
4099 5625 4411 5689 librarum
4474 5626 4904 5713 imperialium

1276 5736 1505 5801 ambae
1555 5740 1771 5820 partes
1822 5734 1988 5797 inter
2034 5756 2102 5797 se
2150 5735 2272 5798 sibi
2321 5735 2595 5799 invicem
2642 5735 3043 5821 stipulanteS,
3094 5736 3147 5798 si
3193 5733 3523 5820 praedicta
3572 5734 3786 5798 omnia
3834 5755 3958 5796 non
4009 5733 4426 5797 observarent
4473 5741 4537 5797 et
4585 5740 4727 5797 rata
4776 5756 4901 5799 non

1275 5844 1611 5924 haberent,
1660 5850 1851 5928 pacto
1898 5842 2334 5928 suprascripto
2383 5850 2523 5906 rato
2571 5849 2872 5906 manente
2919 5848 3064 5927 post
3112 5863 3344 5927 penam
3391 5842 3688 5906 solutam.

1450 5950 1691 6013 Actum
1738 5947 1827 6031 i[n
1877 5948 2114 6031 c]astro
2162 5949 2440 6012 Badiani
2485 5948 2779 6013 feliciter.

1448 6057 1670 6141 Hujus
1716 6056 1811 6120 rei
1858 6064 2052 6120 testes
2101 6056 2361 6121 fuerunt
2408 6057 2703 6121 dominus
2750 6056 2956 6120 Pilius
2996 6057 3161 6140 juris
3220 6066 3619 6143 praeceptor,
3665 6057 3961 6120 dominus
4006 6056 4240 6120 Petrus
4288 6055 4366 6119 de
4412 6055 4744 6137 Ferraria,
4788 6055 4901 6119 do-

1272 6165 1481 6229 minus
1528 6163 1678 6248 Ugo
1724 6169 1788 6227 et
1834 6162 2187 6227 Ubertinus
2236 6163 2314 6227 de
2362 6164 2690 6246 Panzano,
2740 6163 3098 6250 praesbiter
3145 6163 3430 6247 ArdiciO,
3464 6164 3823 6250 praesbiter
3869 6162 4206 6247 Martinus,
4256 6162 4616 6249 praesbiter
4661 6162 4897 6246 Majus,

1269 6272 1311 6338 J
1317 6273 1604 6337 ohannes
1636 6270 1917 6353 Pizolus,
1950 6271 2309 6357 praesbiter
2349 6271 2798 6358 Ildeprandus,
2834 6270 3147 6335 Girardus
3195 6271 3272 6335 de
3317 6271 3631 6354 Badiano,
3665 6270 3986 6356 Ugolinus
4019 6270 4385 6352 Adelasiae,
4420 6269 4803 6334 Buualellus
4835 6280 4901 6333 et

1268 6379 1624 6460 Fantonus,
1658 6377 1991 6442 Johannes
2040 6378 2385 6463 Pegolotti,
2418 6378 2799 6443 Acharisius
2847 6377 2925 6441 de
2972 6378 3385 6460 MontebeliO,
3430 6378 3762 6443 «Iohannes
3807 6378 4053 6464 Lupus,
4088 6376 4358 6441 domnus
4408 6376 4734 6461 Gibertus,
4767 6398 4900 6440 ma-

1267 6488 1471 6573 gister
1516 6485 1890 6550 Bernardus
1938 6494 2003 6549 et
2035 6486 2330 6550 dominus
2363 6486 2562 6550 Wido
2613 6485 2883 6550 Crassus
2916 6485 3103 6550 dator
3134 6492 3395 6550 tenutae
3429 6494 3493 6549 et
3534 6507 3651 6549 sua
3693 6485 4072 6550 auctoritate
4121 6485 4392 6549 liberam
4437 6484 4677 6547 habeat
4721 6491 4900 6570 pote·
