5542 7775
1226 655 1377 725 252
2796 677 3276 727 MONUMENTA

1221 831 1384 894 siam
1431 830 1689 914 [sancti]
1733 830 2093 916 Laurentij,
2128 830 2464 896 ecclesiam
2497 831 2702 895 sancti
2735 831 3092 914 Michaelis,
3127 853 3250 917 que
3283 838 3431 896 sunt
3465 831 3529 895 in
3561 831 3884 896 Medicina
3917 854 4063 897 cum
4095 833 4390 897 omnibus
4421 833 4853 920 predictarum

1219 938 1638 1002 ecclesiarum
1697 938 2137 1025 pertinentiis3
2187 945 2424 1002 terram
2473 938 2668 1002 etiam
2725 960 2871 1002 cum
2935 938 3230 1003 domibus
3285 945 3349 1003 et
3410 939 3548 1002 sine
3609 937 3938 1022 domibus,
3987 961 4110 1025 que
4157 946 4255 1003 est
4301 940 4471 1005 circa
4518 941 4855 1005 ecclesiam

1219 1046 1425 1109 sancti
1471 1045 1652 1110 Petri
1699 1045 1898 1109 vestri
1944 1046 2374 1131 episcopatus,
2409 1045 2654 1109 scilicet
2699 1066 2736 1109 a
2785 1045 3075 1127 meridie,
3108 1067 3375 1132 vespere
3414 1054 3478 1110 et
3518 1046 3973 1132 septemtrione
4006 1047 4251 1133 positis,
4287 1054 4493 1112 terras
4536 1069 4659 1134 que
4707 1056 4855 1113 sunt

1211 1152 1378 1236 juris
1425 1151 1715 1216 Ecclesie
1763 1160 1973 1216 vestre
2022 1151 2088 1215 in
2136 1152 2636 1238 septemptrione
2683 1152 2927 1238 positas
2973 1151 3143 1216 infra
3183 1174 3434 1216 murum
3469 1152 3746 1217 civitatis
3780 1153 3844 1216 in
3877 1153 4017 1217 loco
4066 1154 4175 1239 qui
4217 1153 4536 1239 hospitale
4568 1162 4852 1237 vocatur,

1218 1267 1282 1324 et
1329 1265 1518 1323 extra
1565 1280 1816 1323 murum
1850 1279 2054 1344 usque
2089 1258 2172 1321 ad
2204 1259 2377 1322 viam
2407 1259 2613 1323 sancti
2648 1259 2896 1323 Thome
2928 1259 3225 1346 apostoli,
3259 1268 3324 1324 et
3354 1281 3394 1324 a
3424 1260 3663 1347 platea,
3695 1281 3820 1346 que
3852 1260 4064 1347 pergit
4096 1260 4177 1323 ad
4211 1260 4483 1325 eandem
4517 1261 4853 1325 ecclesiam

1217 1388 1421 1452 usque
1470 1366 1552 1430 ad
1599 1366 1829 1449 rivum,
1866 1366 1975 1451 qui
2022 1365 2256 1429 dicitur
2302 1364 2528 1450 Avisa,
2563 1387 2750 1430 omne
2799 1366 3233 1431 domnicatum
3274 1367 3442 1452 quod
3492 1367 3744 1432 habetis
3776 1374 3841 1432 et
3873 1368 4124 1448 tenetis,
4158 1374 4287 1431 tres
4337 1388 4591 1454 quoque
4638 1375 4853 1454 partes

1217 1473 1718 1538 decimationum
1764 1474 1960 1537 totius
2008 1479 2219 1537 vestre
2267 1473 2509 1560 plebis,
2558 1473 2804 1537 scilicet
2868 1474 3076 1538 sancti
3136 1474 3317 1538 Petri
3377 1475 3814 1562 episcopatus,
3864 1497 4010 1540 cum
4072 1475 4367 1539 omnibus
4429 1475 4731 1561 primitiis
4792 1484 4856 1539 et

1219 1581 1653 1645 oblationibus
1702 1580 1995 1644 vivorum
2043 1587 2105 1644 et
2153 1585 2573 1663 mortuorum,
2608 1588 2672 1644 et
2719 1580 3021 1667 quicquid
3072 1580 3137 1644 in
3184 1587 3408 1645 sancta
3458 1588 3673 1646 vestra
3718 1582 4069 1669 episcopali
4110 1581 4383 1646 ecclesia
4422 1581 4707 1665 offertur,
4741 1604 4855 1646 seu

1215 1689 1281 1752 in
1331 1689 1522 1752 altari
1570 1695 1681 1752 aut
1730 1689 1794 1752 in
1841 1688 2211 1775 pavimento
2259 1689 2541 1774 ponitur,
2574 1688 3068 1753 decimationem
3114 1689 3309 1752 totius
3355 1689 3561 1775 plebis
3610 1690 3689 1754 de
3721 1689 3955 1772 Buida,
3989 1698 4285 1776 preterea
4318 1689 4855 1774 quemadmodum

1217 1795 1384 1860 bone
1433 1797 1737 1860 memorie
1785 1795 1865 1859 G.
1913 1795 2327 1859 bononiensis
2374 1797 2712 1883 episcopus
2762 1796 2846 1859 ab
2895 1796 3134 1860 honere
3201 1817 3661 1883 expensarum,
3712 1818 3872 1883 quas
3919 1797 4226 1861 solebatis
4274 1796 4487 1861 facere
4532 1797 4599 1860 in
4644 1796 4854 1861 eundo

1215 1904 1601 1969 Ravennam
1639 1904 1723 1967 ad
1755 1904 2072 1989 synodum
2121 1911 2186 1967 et
2227 1903 2575 1986 redeundo,
2608 1926 2722 1968 vos
2758 1903 3055 1987 absolvit,
3091 1904 3256 1968 sicut
3303 1904 3367 1968 in
3415 1905 3738 1969 autentico
3786 1905 4024 1991 scripto
4072 1904 4306 1969 exinde
4354 1904 4525 1969 facto
4574 1905 4857 1969 noscitur

1216 2011 1550 2093 contineri,
1583 2033 1699 2075 vos
1746 2012 2129 2075 auctoritate
2177 2011 2534 2097 apostolica
2582 2012 3000 2093 absolvimus,
3035 2018 3099 2075 et
3148 2011 3543 2098 inposterum
3583 2019 3715 2076 tam
3762 2033 3897 2094 vos,
3933 2033 4126 2098 quam
4175 2033 4575 2077 successores
4608 2019 4854 2075 vestros

1214 2119 1545 2183 absolutos
1593 2139 1853 2182 manere
1912 2139 2267 2183 censemus.
2317 2118 2742 2182 Decernimus
2792 2140 2968 2203 ergo,
3017 2126 3088 2183 ut
3135 2119 3294 2183 nulli
3345 2119 3601 2183 omnino
3649 2119 3978 2183 hominum
4027 2120 4220 2182 liceat
4266 2119 4587 2205 prefatam
4630 2119 4854 2183 Eccle-

1216 2227 1378 2290 siam
1428 2235 1668 2290 temere
1718 2226 2117 2312 perturbare,
2152 2233 2265 2289 aut
2312 2226 2451 2289 eius
2500 2227 2937 2311 possessiones
2984 2226 3260 2307 auferre,
3302 2228 3405 2290 vel
3454 2227 3707 2291 ablatas
3754 2227 4052 2309 retinere,
4087 2227 4397 2308 minuere,
4432 2247 4545 2290 seu
4594 2226 4855 2311 quibus-

1213 2335 1374 2399 libet
1421 2334 1872 2397 vexationibus
1919 2333 2220 2418 fatigare,
2256 2333 2368 2396 sed
2402 2334 2616 2398 onmia
2649 2334 2904 2418 integra
2951 2342 3015 2397 et
3061 2333 3313 2397 illibata
3361 2342 3821 2398 conserventur
3867 2356 4091 2400 eorum
4136 2356 4254 2421 pro
4304 2355 4574 2419 quorum
4621 2334 4854 2419 guber·

1216 2442 1476 2505 natione
1541 2463 1615 2504 ac
1678 2441 2188 2504 substentatione
2253 2462 2558 2504 concessa
2621 2448 2806 2523 sunt,
2863 2441 3085 2504 usibus
3142 2441 3521 2505 omnimodis
3578 2428 3951 2528 profutura,
4001 2442 4185 2505 salva
4248 2441 4433 2505 Sedis
4481 2440 4856 2527 Apostolice

1215 2549 1599 2612 auctoritate
1662 2556 1727 2611 ct
1785 2547 2199 2611 bononiensis
2247 2546 2553 2633 Episcopi
2616 2547 2925 2611 canonica
2982 2547 3256 2632 justitia.
3324 2548 3391 2611 Si
3455 2569 3583 2633 qua
3646 2548 3844 2633 igitur
3907 2549 3968 2612 in
4033 2548 4320 2612 futurum
4383 2548 4853 2629 ecclesiastica,

1212 2655 1608 2720 secularisve
1655 2676 1932 2740 persona
1979 2655 2146 2717 hanc
2193 2661 2409 2718 nostre
2459 2655 2930 2719 constitutionis
2976 2655 3282 2741 paginam
3332 2655 3559 2737 sciens,
3593 2663 3817 2719 contra
3863 2677 4007 2719 eam
4053 2664 4295 2719 temere
4328 2655 4548 2718 venire
4582 2662 4854 2741 tempta-

1213 2763 1400 2845 verit,
1437 2762 1738 2843 secundo,
1773 2763 2043 2826 tertiove
2079 2763 2487 2844 commonita,
2523 2762 2576 2825 si
2611 2783 2738 2825 non
2773 2774 3021 2825 reatum
3056 2783 3239 2825 suurn
3276 2783 3561 2847 congrua
3602 2762 4037 2827 satisfactione
4087 2762 4460 2843 correxerit,
4494 2762 4854 2849 potestatis,

1213 2871 1605 2955 honorisque
1638 2869 1737 2932 sui
1770 2870 2084 2953 dignitate
2118 2876 2357 2952 careat,
2391 2891 2697 2955 reamque
2732 2891 2800 2932 se
2849 2869 3064 2933 divino
3107 2869 3352 2954 judicio
3400 2870 3678 2933 existere
3725 2870 3804 2934 de
3842 2877 4213 2956 perpetrata
4247 2870 4585 2955 iniquitate
4618 2890 4854 2954 cogno-

1213 2985 1389 3059 scat,
1440 2985 1504 3040 et
1567 2997 1607 3040 a
1667 2977 2099 3040 sacratissimo
2163 2997 2428 3063 corpore
2494 2999 2569 3040 ac
2639 2976 2955 3061 sanguine
3020 2976 3144 3061 Dej
3208 2984 3272 3040 et
3332 2976 3595 3041 Domini
3659 2976 4081 3062 redemptoris
4145 2977 4346 3040 nostri
4392 2976 4553 3041 Jesu
4616 2975 4856 3040 Christi

1214 3085 1428 3149 aliena
1479 3085 1609 3166 fiat,
1652 3092 1845 3169 atque
1893 3085 1956 3146 in
2006 3092 2295 3147 extremo
2359 3084 2656 3147 examine
2705 3083 2991 3147 districte
3038 3084 3266 3147 ultioni
3316 3084 3670 3169 subjaceat.
3719 3084 3980 3148 Cunctis
4029 3092 4243 3148 autem
4273 3083 4501 3169 „eidem
4547 3084 4687 3147 loco
4735 3101 4855 3147 Sua

1207 3193 1360 3277 jura
1409 3192 1817 3255 servantibus
1864 3192 1947 3253 sit
1993 3191 2137 3254 Pax
2189 3190 2441 3255 Domini
2494 3192 2693 3255 nostri
2741 3191 2901 3255 Jesu
2954 3190 3211 3274 Christi,
3246 3192 3546 3277 quatinus
3595 3198 3659 3255 et
3704 3191 3808 3255 hic
3853 3191 4133 3255 fructum
4179 3192 4345 3256 bone
4394 3191 4663 3255 actionis
4709 3200 4897 3276 per-'

1214 3300 1477 3386 cipiant,
1527 3307 1592 3363 et
1638 3298 1808 3384 apud
1859 3299 2217 3362 districtum
2261 3299 2545 3384 judicem
2594 3299 2841 3385 premia
2890 3307 3108 3362 eterne
3155 3299 3332 3384 pacis
3381 3299 3730 3363 inveniant.
3877 3297 4110 3363 Amen.
4248 3298 4482 3362 Amen.
4619 3300 4854 3363 Amen.

4378 3549 4836 3675 Monam-ammas)

4378 3635 4532 3671 Bane
4572 3634 4804 3671 vanarn

1337 3569 1606 3650 (Botula
1651 3568 1695 3650 †
1730 3568 2087 3652 pontificia)
2123 3567 2264 3653 Ego
2298 3568 2694 3651 Alexander,
2730 3568 3060 3633 Catholice
3092 3567 3382 3632 Ecclesie
3416 3568 3774 3654 episcopus,
3809 3568 4179 3654 subscripsi.
4345 3560 4373 3677 (

1153 3921 1156 3924 .
1206 3838 1250 3921 †
1283 3837 1426 3924 Ego
1458 3835 1826 3920 Hubaldus,
1862 3836 2182 3923 presbiter
2214 3858 2354 3901 car·
2464 3837 2508 3920 †
2554 3836 2698 3923 Ego
2759 3836 3133 3902 Bernardus
3187 3837 3598 3921 PortuensiS,
3712 3836 3756 3919 †
3800 3835 3944 3922 Ego
4001 3836 4297 3918 Ardicio,
4346 3835 4653 3902 diaconus
4715 3858 4853 3901 car·

1332 3945 1564 4008 dinalis
1631 3945 1802 4008 tituli
1859 3951 2080 4008 sancte
2131 3944 2353 4008 Crucis
2587 3952 2652 4009 et
2699 3952 2919 4009 sancte
2966 3945 3201 4010 Rufine
3242 3946 3602 4032 episcopus,
3838 3944 4072 4008 dinalis
4099 3944 4304 4007 sancti
4329 3943 4674 4026 Theodori,
4702 3945 4852 4008 sub-

1330 4052 1395 4114 in
1444 4051 1820 4132 Ierusalem,
1871 4051 2243 4137 subscripsi.
2581 4051 2952 4139 subscripsi.
3833 4052 4081 4138 scripsi.

1205 4159 1249 4241 †
1281 4158 1425 4242 Ego
1458 4159 1499 4224 J
1506 4158 1814 4241 ohannes,
1848 4158 2170 4245 presbiter
2214 4180 2352 4223 car·
3712 4160 3756 4242 †
3785 4159 3930 4244 Ego
3962 4159 4182 4245 Hugo,
4218 4159 4526 4224 diaconus
4560 4160 4856 4224 cardina-

1328 4266 1563 4329 dinalis
1607 4266 1776 4329 tituli
1816 4273 2038 4330 sancte
2071 4266 2355 4329 Anasta·
3836 4267 3915 4331 lis
3993 4268 4201 4331 sancti
4261 4266 4597 4331 Eustachii
4661 4268 4857 4351 juxta

1331 4373 1446 4455 sie,
1496 4373 1867 4459 subscripsi.
3836 4374 4151 4460 templum
4209 4374 4532 4461 Agrippe,
4577 4374 4857 4438 subscri-

1206 4480 1250 4562 †
1281 4479 1426 4563 Ego
1475 4480 1806 4562 Albertus‚
1852 4480 2172 4567 presbiter
2218 4501 2354 4543 car·
3836 4482 3958 4568 psi.

1332 4588 1567 4651 dinalis
1593 4587 1764 4651 tituli
1792 4588 2000 4672 sanctj
2019 4586 2356 4650 Laurentii

1334 4695 1399 4758 in
1439 4693 1710 4778 Lucina,
1744 4694 2117 4780 subscripsi.

1211 4803 1255 4885 †
1286 4803 1429 4887 Ego
1470 4802 1664 4886 Boso,
1699 4803 2018 4889 presbiter
2061 4801 2358 4866 cardina-

1328 4911 1408 4973 lis
1457 4919 1682 4975 sancte
1731 4909 2138 4974 Pudentiane
2187 4908 2359 4972 tituli

1327 5017 1651 5100 PastoriS,
1700 5017 2074 5102 subscripsi.

1205 5125 1249 5207 †
1280 5125 1424 5210 Ego
1475 5126 1732 5207 Petrus,
1781 5125 2101 5211 presbiter
2148 5123 2352 5187 cardi-

1328 5233 1494 5296 nalis
1542 5232 1710 5296 tituli
1765 5232 1974 5295 sancti
2020 5231 2357 5295 Laurentii

1329 5342 1395 5405 in
1444 5342 1752 5424 DamasO,
1802 5341 2173 5426 subscripsi.

1202 5449 1247 5532 †
1278 5449 1423 5535 Ego
1470 5449 1511 5514 J
1518 5449 1825 5530 ohanneS,
1860 5448 2178 5535 presbiter
2210 5469 2349 5512 car-

1328 5557 1563 5620 dinalis
1612 5555 2044 5620 tituli‘sancti
2107 5555 2349 5637 Marci,

1327 5663 1699 5750 subscripsi.

1184 5771 1251 5854 χ1·
1277 5772 1421 5856 Ego
1456 5771 1848 5852 Theodinus,
1869 5770 2185 5857 presbiter
2213 5791 2354 5835 car-

1327 5878 1563 5942 dinalis
1612 5879 1817 5942 sancti
1864 5877 2133 5959 Vitalis,
2183 5876 2355 5940 tituli

1326 5986 1618 6068 Vestine,
1668 5985 2042 6071 subscripsi.

1377 6309 1623 6373 Datum
1669 6307 2032 6372 Beneventi
2096 6327 2211 6392 per
2273 6326 2537 6369 manum
2586 6304 2919 6385 Gratiani,
2968 6309 3187 6366 sancte
3235 6323 3500 6366 romane
3547 6300 3835 6365 Ecclesie
3884 6300 4262 6365 subdiaconi
4308 6306 4373 6363 et
4420 6298 4692 6383 notarij,
4744 6317 4851 6362 111.

1197 6416 1516 6481 kalendas
1557 6415 1874 6502 januarii,
1910 6414 2259 6479 indictione
2302 6414 2391 6497 j.,
2433 6411 2894 6477 incarnationis
2943 6410 3260 6475 dominice
3309 6430 3480 6473 anno
3528 6402 3645 6473 M.⁰
3677 6403 3762 6472 0.⁰
3791 6404 3948 6473 Lx.⁰
3978 6401 4195 6490 v115.⁰,
4236 6405 4644 6493 pontificatus
4691 6424 4853 6472 vero

1198 6523 1418 6588 domni
1464 6523 1828 6607 Alexandrj
1880 6542 2047 6607 pape
2097 6522 2188 6606 iij.
2237 6541 2406 6584 anno
2455 6519 2723 6583 decimo.
