5542 7775
2089 652 2471 702 Arranmx
2524 651 2829 702 ALTERA
4135 627 4280 697 291

752 815 975 880 XVII.
1022 815 1338 881 kalendas
1396 819 1784 885 novembris,
1836 825 2014 895 Obiit
2076 838 2362 923 dompnu

627 923 908 990 Michael
956 927 1281 1012 quondam
1328 933 1505 1017 prior
1552 944 1786 1003 noster.
1840 941 2129 1008 MOOLI.

752 1033 948 1100 XIII.
998 1037 1178 1103 Obiit
1218 1041 1526 1126 magister
1557 1042 1901 1133 Philippus
1934 1052 2230 1135 astensis,
2266 1052 2394 1116 fra-

627 1152 726 1208 ter
778 1151 1014 1210 noster.

755 1254 875 1320 IX.
902 1254 1082 1320 Obiit
1113 1254 1429 1342 dompnus
1456 1257 1498 1323 J
1501 1280 1743 1326 oannes
1777 1262 1856 1328 de
1883 1264 2189 1330 Tebaldis
2220 1267 2397 1352 prior

629 1371 866 1427 noster.
916 1362 1337 1429 MOOLXIV.

750 1470 869 1535 VI.
920 1470 1098 1535 Obiit
1146 1471 1347 1538 frater
1385 1472 1739 1558 Marianus,
1774 1499 2122 1544 conversus
2156 1488 2394 1564 noster,

623 1580 702 1643 de
754 1589 953 1665 peste.
1004 1579 1440 1645 MODXLIX.

1297 1688 1359 1752 N
1363 1708 1711 1756 ostBEa.

750 1793 942 1858 VIII.
970 1793 1133 1858 idus.
1166 1793 1345 1859 Obiit
1372 1795 1801 1880 Chanacinus,
1838 1801 2124 1864 notarius
2156 1810 2393 1885 noster,

623 1902 690 1965 111
737 1902 940 1987 prelio
988 1901 1335 1986 Zapullini.
1383 1903 1834 1970 MOCCXXV.
1862 1893 1875 1902 ”

744 2008 899 2072 VII.
947 2008 1125 2072 Obiit
1166 2008 1463 2074 dominus
1498 2009 1828 2076 Gerardus
1861 2013 2052 2078 beate
2086 2015 2393 2080 memorie

626 2116 1037 2181 bononiensis
1055 2115 1434 2203 Episcopus,
1453 2118 1645 2183 Anno
1668 2119 1931 2185 Domini
1954 2121 2393 2187 MOXOVIII.

747 2225 828 2290 V.
881 2226 1059 2290 Obiit
1108 2226 1417 2312 magister
1466 2227 1794 2313 Spinellus
1839 2230 2124 2295 medicus
2158 2231 2222 2293 in
2257 2237 2396 2294 arte

628 2334 961 2416 medicine,
983 2333 1245 2397 intimus
1264 2341 1327 2397 et
1350 2334 1591 2398 amicus
1610 2343 1847 2418 noster,
1871 2337 1980 2422 qui
1998 2338 2258 2423 reliquit
2283 2359 2396 2402 no-

630 2440 730 2505 bis
764 2462 958 2504 uuam
993 2442 1316 2527 planetam
1346 2440 1425 2505 de
1459 2443 1691 2506 samito
1718 2444 1938 2508 rubeo.
1964 2444 2395 2510 MOOXCIII.

752 2547 870 2611 IV.
900 2548 1079 2613 Obiit
1111 2548 1370 2613 domina
1394 2548 1437 2613 J
1442 2549 1663 2613 uliana
1695 2572 1862 2615 uxor
1894 2551 2044 2615 olim
2070 2551 2397 2616 Alderotti

627 2654 707 2718 de
756 2654 1109 2736 Florentia,
1146 2677 1269 2740 que
1317 2656 1578 2740 reliquit
1614 2657 1799 2721 nobis
1831 2678 1948 2743 pro
1981 2659 2395 2744 reparatione

630 2763 1025 2844 monasterii,
1060 2769 1125 2825 et
1156 2762 1425 2826 ecclesie
1460 2764 1666 2827 sancti
1692 2764 1972 2829 Victoris
2006 2774 2262 2829 centum
2296 2787 2395 2829 se·

628 2870 899 2955 xagiuta
933 2870 1132 2932 libras
1166 2869 1579 2933 bononiensis
1612 2879 1868 2935 monete
1901 2871 2311 2936 MCDXVII.

748 2975 869 3039 IX.
907 2976 1221 3039 kalendas
1255 2975 1631 3041 decembris.
1668 2978 1845 3043 Obiit
1887 2978 2203 3065 dompnus
2251 2979 2394 3043 Ste-

627 3085 882 3171 phanus
917 3084 1280 3149 Cardinalis
1314 3085 1576 3149 basilice
1601 3085 1758 3150 XII.
1786 3088 2268 3173 Apostolorum,
2287 3110 2395 3152 ve-

624 3193 931 3256 nerabilis
979 3200 1168 3278 pater
1213 3200 1467 3275 noster,
1519 3194 1627 3279 qui
1682 3194 1857 3258 dedit
1905 3194 2090 3258 nobis
2138 3217 2393 3259 crucem

624 3306 1022 3385 argenteam.
1071 3299 1540 3365 MOCXXVII.

749 3407 929 3471 Obiit
977 3406 1272 3470 dominus
1320 3406 1655 3470 Rolandus
1704 3408 1782 3472 de
1828 3408 2182 3492 Seravalle,
2216 3410 2393 3495 prior

623 3523 861 3579 noster.
912 3514 1467 3579 MOOLXXXVI.

751 3622 943 3686 VIII.
972 3621 1152 3686 Obiit
1176 3622 1471 3685 dominus
1497 3622 1782 3687 Romeus
1816 3623 2142 3709 quondam
2164 3623 2391 3688 Leucii

622 3730 700 3795 de
750 3730 998 3816 CespiS,
1033 3729 1487 3815 procuratoris,
1531 3731 1714 3814 cujus
1764 3732 1983 3794 anima
2028 3732 2391 3817 requiescat

620 3838 684 3903 in
732 3859 911 3924 pace.
963 3837 1141 3903 Obiit
1190 3858 1358 3902 anno
1404 3836 1985 3904 MOOOLXXVII.

743 3945 896 4009 VII.
949 3945 1128 4010 Obiit
1174 3945 1581 4030 Cangarinus
1630 3946 1976 4010 Thornaxii
2024 3947 2103 4011 de
2145 3947 2388 4011 Becca-

619 4052 828 4134 dellis,
863 4052 976 4138 qui
1025 4052 1178 4116 fecit
1224 4052 1410 4116 nobis
1442 4054 1646 4116 multa
1679 4053 1851 4118 bona
1882 4061 1947 4118 et
1980 4054 2242 4140 reliquit
2274 4076 2388 4119 uo-

626 4161 722 4224 bis
771 4161 841 4226 O.
890 4162 1111 4243 libras,
1145 4161 1225 4225 (16
1273 4161 1505 4246 quibus
1553 4161 1797 4226 factum
1844 4171 1941 4227 est
1988 4163 2193 4227 altare
2239 4184 2388 4228 san-

626 4277 725 4333 cte
776 4269 1000 4332 Marie.
1050 4268 1243 4333 Anno
1289 4269 1550 4333 Domini
1596 4269 2052 4335 MOOCXVH.

1306 4374 1711 4439 DECEMBER..

748 4484 865 4548 IV.
914 4504 1139 4547 1101166.
1199 4483 1378 4549 Obiit
1438 4482 1639 4547 frater
1684 4483 2000 4567 Jacobus,
2050 4485 2390 4572 episcopus

623 4591 1057 4674 bononiensis,
1104 4589 1427 4655 MOOLX.

753 4842 830 4906 (1)
870 4840 1186 4893 Recentiori
1223 4858 1406 4892 manu.

746 4932 824 4995 (2)
864 4929 1146 4981 Johannes
1192 4929 1366 4981 Maria
1410 4929 1868 4996 Mazzuchellius,
1907 4932 1989 4984 vir
2027 4933 2391 4999 clarissimus,

622 5020 689 5072 ad
742 5019 1126 5070 illustrandum
1172 5018 1455 5070 historiam
1505 5020 1805 5072 literariam
1858 5020 2051 5074 Italiae
2100 5026 2289 5087 natus,
2325 5023 2391 5073 li-

622 5109 831 5161 bellum
870 5108 1040 5160 edidit
1076 5107 1156 5159 De
1201 5109 1338 5159 viris
1374 5108 1681 5160 illustribus
1722 5110 2028 5175 florentinis
2063 5128 2097 5162 a
2136 5111 2392 5180 Philippo

624 5199 866 5251 Villanio
906 5199 1187 5266 scriptum,
1214 5198 1309 5250 sed
1336 5215 1591 5250 mancum
1631 5201 1870 5266 omnino,
1898 5218 1997 5253 nec
2037 5202 2205 5253 talem
2238 5207 2297 5252 ut
2322 5201 2393 5253 ab

624 5288 861 5339 auctoris
900 5287 982 5338 sui
1022 5286 1274 5338 manibus
1313 5287 1541 5339 exierat.
1581 5287 1645 5339 In
1699 5288 1890 5356 primis
1942 5295 2127 5341 autem
2175 5290 2393 5342 11166611-

624 5377 808 5429 61161111
849 5376 1070 5428 libellus
1106 5375 1292 5427 italice
1320 5376 1556 5445 scriptus
1584 5382 1684 5441 est,
1710 5394 1835 5429 cum
1864 5378 2139 5430 Villanius
2159 5380 2392 5431 latinum

625 5467 870 5519 ediderit.
912 5465 1193 5534 Integrum
1234 5463 1462 5517 Villanii
1500 5481 1636 5534 opus
1676 5472 1830 5518 extat
1866 5468 2010 5520 inter
2036 5468 2251 5520 codices
2276 5485 2394 5520 ma-

625 5556 931 5623 nuscriptos
970 5555 1346 5607 Bibliothecae
1387 5555 1709 5608 barberinae
1748 5557 1934 5610 codice
1964 5575 2014 5609 n.
2043 5560 2165 5610 898.
2194 5557 2393 5610 Totum

624 5646 679 5696 in
717 5646 851 5697 duas
891 5648 1076 5712 partes
1113 5645 1226 5697 sive
1265 5644 1433 5696 libros
1472 5645 1737 5697 tributum
1775 5650 1875 5698 est.
1914 5646 1977 5698 In
2032 5647 2208 5716 primo
2251 5647 2393 5699 libro

623 5735 1021 5803 investigantur
1039 5734 1274 5802 origines
1301 5739 1357 5787 et
1384 5735 1739 5804 antiquitates
1778 5736 2098 5789 florentinae
2138 5737 2395 5803 civitatis,

625 5825 720 5876 sed
759 5824 942 5875 omnia
979 5824 1053 5875 ibi
1092 5825 1181 5876 vel
1234 5824 1454 5876 omnino
1505 5824 1758 5876 fabulosa
1795 5827 1882 5877 vel
1928 5825 2058 5878 trita
2101 5827 2393 5879 admodum

625 5920 680 5966 et
717 5913 920 5964 fabulis
949 5914 1210 5965 admixta.
1240 5913 1522 5966 Secundus
1549 5914 1689 5965 liber
1714 5916 1886 5967 multo
1913 5920 1997 5967 est
2022 5916 2223 5968 utilior.
2251 5915 2392 5967 Con-

624 6004 764 6056 tinet
802 6005 1095 6055 illustrium
1133 6004 1545 6057 florentinorum
1585 6006 1725 6057 vitas
1765 6006 1903 6057 bene
1937 6008 2156 6072 multas,
2183 6007 2394 6058 necin·

624 6093 914 6162 diligenter
950 6094 1217 6161 scriptas;
1257 6110 1436 6163 neque
1464 6096 1609 6146 enim
1636 6096 1882 6164 plerique
1911 6097 2011 6147 viri
2037 6097 2296 6161 illustres,
2324 6096 2391 6149 de

624 6183 819 6252 quibus
862 6184 1010 6251 agit,
1049 6184 1186 6235 adeo
1225 6184 1436 6253 antiqui
1475 6190 1601 6235 sunt
1640 6188 1700 6236 ut
1738 6201 1927 6236 eorum
1965 6186 2171 6237 famam
2210 6190 2391 6238 aetate

623 6289 721 6324 sua
759 6273 1061 6340 vigentem,
1101 6273 1354 6341 persequi
1404 6289 1510 6325 non
1557 6274 1815 6342 potuerit.
1855 6274 2065 6326 Floruit
2104 6274 2392 6344 Philippus

626 6361 901 6413 Villanius
940 6361 1163 6413 saeculo
1201 6360 1380 6426 XIV„
1421 6366 1475 6414 et
1512 6362 1729 6414 initium
1768 6363 1950 6432 attigit
1987 6364 2195 6415 saeculi
2239 6363 2390 6430 XV„

625 6467 767 6503 anno
808 6451 953 6502 enim
990 6449 1192 6501 MODI.
1220 6455 1275 6502 et
1313 6448 1569 6502 MCDIV.
1603 6451 1780 6503 adhuc
1818 6452 2037 6504 vivebat
2065 6456 2145 6517 et,
2172 6453 2392 6522 publico

625 6542 896 6610 stipendio
933 6542 1254 6607 conductus,
1283 6541 1517 6594 Dantem
1558 6542 1870 6595 Florentiae
1910 6543 2391 6611 interpretabatur.

2646 805 2797 870 XV.
2831 805 3146 870 kalendas
3188 804 3493 888 januarii.
3545 803 3723 868 Obiit
3753 804 4145 868 reverendus
4179 825 4291 890 pa·

2523 919 2622 977 ter
2670 913 2988 998 dompnus
3033 912 3343 978 Nicolaus
3391 912 3824 994 bononiensis,
3859 913 3970 997 qui
4003 919 4143 976 erat
4173 934 4290 998 pro

2522 1027 2812 1106 tempore
2860 1021 3036 1105 prior
3081 1020 3147 1083 iu
3196 1027 3418 1084 6611610
3476 1019 3776 1084 Johanne
3837 1019 3901 1083 111
3963 1018 4291 1084 Laterano

2521 1126 2767 1209 Rome,
2818 1134 2883 1190 et
2928 1126 3182 1191 interim
3233 1148 3402 1191 anuo
3449 1126 3712 1191 Domini
3759 1125 4205 1191 MCDXLIII.
4252 1148 4291 1190 a

2521 1234 2763 1320 populo
2813 1234 3194 1298 bononiensi
3239 1234 3602 1320 postulatus
3644 1242 3709 1298 et
3747 1234 3989 1299 clectus
4037 1235 4103 1297 in
4135 1234 4291 1321 Epi-

2523 1362 2792 1428 scopum
2838 1342 3295 1406 bononiensem
3335 1342 3692 1406 iufirmatus
3723 1341 3930 1406 Rome
3963 1343 4293 1407 transtulit

2524 1448 2607 1512 ad
2639 1456 2857 1535 partes
2906 1450 3137 1514 Tuscie
3185 1457 3250 1514 et
3296 1450 3363 1514 in
3397 1450 3655 1514 civitate
3688 1451 3956 1533 Lucana
3989 1451 4294 1536 migravit

2523 1556 2606 1620 ad
2633 1555 2981 1639 Christum,
3005 1579 3260 1642 gemma
3287 1558 3736 1641 religiosorum
3758 1557 4291 1624 MCDXLIV.(1)

2651 1662 3044 1749 Scriptorem
3108 1665 3302 1748 hujus
3370 1665 3742 1748 Necrologii
3803 1667 4132 1749 novimus,
4182 1667 4292 1752 qui
4365 1699 4374 1706 ·

2522 1771 2645 1835 fuit
2690 1772 3076 1836 Franciscus
3123 1772 3456 1837 Bonattoli
3503 1773 3582 1837 (16
3629 1773 3879 1838 Flessio
3927 1774 4133 1856 filius,
4183 1775 4292 1860 qui

2524 1878 2770 1943 obitum
2815 1879 3019 1967 patris
3067 1880 3167 1943 sui
3207 1881 3614 1966 consignavit
3645 1880 3728 1944 ad
3760 1881 3928 1945 diem
3962 1881 4054 1945 II.
4089 1903 4292 1946 nouas

2523 1986 2824 2051 octobris,
2877 1985 3006 2050 Sed
3053 2009 3136 2050 ex
3185 1988 3531 2073 antiquiori
3580 1989 3941 2074 exscripsit.

3275 2328 3435 2393 XII.
3487 2327 3539 2377 A

2523 2627 2628 2692 Ex
2675 2650 2868 2714 opere
2913 2628 3009 2694 De
3057 2632 3204 2694 viris
3236 2631 3578 2696 illustribus
3602 2632 3969 2716 florentiniS,
4001 2635 4292 2721 Philippi

2644 2735 2934 2818 Villanii,
2969 2736 3237 2820 Romae,
3275 2738 3338 2800 in
3369 2738 3776 2804 Bibliotheca
3808 2740 4289 2825 barberiniana,

2647 2844 2787 2907 cod.
2838 2847 2966 2908 898
2994 2846 3092 2909 (2).

2520 3094 2810 3182 Philippi
2842 3095 3088 3160 Villani
3123 3096 3436 3162 Solitarii:
3472 3099 3571 3163 De
3599 3101 3833 3184 ore‘ffl'ne
3863 3104 4118 3166 civitatis
4145 3101 4289 3166 No-

2647 3206 2840 3268 rentie
2886 3213 2951 3268 et
2998 3204 3077 3268 de
3125 3204 3412 3287 ejusdcm
3478 3206 3741 3270 famosis
3789 3209 4036 3274 civibus
4085 3210 4166 3274 ad
4216 3211 4290 3274 il-

2645 3310 2912 3374 lustrem
2977 3311 3306 3375 dominum
3368 3313 3741 3400 Philippum
3800 3316 3879 3380 de
3925 3317 4285 3383 Alenconio

2644 3419 3018 3504 episcopum
3072 3420 3418 3484 ostiensem
3472 3443 3737 3486 romane
3791 3423 4081 3489 Ecclesie
4129 3426 4284 3490 Oar-

2644 3526 2948 3590 dinalem.
2997 3527 3196 3591 Liber
3242 3528 3487 3614 primus
3530 3528 3806 3594 feliciter
3852 3532 4095 3619 incipit.

2645 3704 2948 3769 Solitarie
2997 3705 3125 3769 vite
3173 3715 3423 3770 secreta
3464 3729 3565 3772 me
3592 3709 3976 3792 jamdudum
4010 3712 4283 3798 elegisse

2517 3813 2926 3878 fortunarum
2959 3835 3248 3878 mearum
3283 3815 3755 3880 firmamentum
3804 3819 4149 3907 unicuique
4183 3843 4284 3887 so-

2515 3922 2750 4006 lamen,
2785 3923 3054 3987 illustris
3086 3923 3408 4010 Philippe,
3444 3926 3832 3990 conscientie
3875 3928 4285 4014 simplicitate

2514 4030 2842 4118 profiteor,
2890 4052 3018 4095 nou
3066 4039 3138 4094 ut
3185 4031 3424 4096 otiosos
3487 4033 3623 4096 dies
3685 4036 4033 4099 senectutis
4092 4036 4283 4100 duce-

2517 4158 2688 4221 rem,
2736 4159 2902 4202 neve
2950 4160 3074 4223 que
3121 4138 3249 4202 fert
3309 4139 3482 4202 mala
3545 4141 3846 4226 opinione
3916 4145 4287 4207 mortalium

2517 4253 2657 4310 etas
2703 4245 2818 4308 illa
2866 4245 3160 4310 fallerem
3208 4246 3562 4312 ludibrioso
3609 4256 3889 4334 torpore,
3925 4250 4036 4313 sed
4085 4259 4158 4315 ut
4202 4274 4286 4316 ex

2516 4352 2862 4437 naufragio
2908 4354 3265 4417 corruentis
3298 4354 3364 4417 in
3396 4354 3679 4419 deterius
3726 4357 3946 4439 seculi,
3982 4379 4060 4421 ea
4093 4359 4198 4422 via
4232 4359 4287 4422 si

2516 4459 2655 4524 fieri
2694 4468 2932 4546 posset,
2967 4461 3311 4525 evaderem
3338 4510 3352 4525 .
3382 4510 3397 4525 .
3427 4511 3442 4526 .
3473 4510 3488 4525 .
3537 4462 3748 4547 Igitur
3795 4485 3940 4528 cum
3988 4466 4071 4528 ad
4117 4466 4286 4530 sola-

2517 4566 2678 4632 tium
2725 4569 3074 4633 senectutis
3120 4590 3260 4633 mee
3308 4570 3832 4656 explanationem
3891 4574 4102 4658 operis
4149 4575 4286 4638 An-

2521 4834 2629 4889 Sed
2667 4853 2773 4905 quo
2813 4852 2956 4889 anno
2995 4836 3141 4888 hunc
3189 4836 3390 4888 librum
3441 4837 3680 4889 scribere
3733 4854 3982 4907 agressus
4041 4840 4141 4905 sit,
4181 4857 4286 4892 non

2519 4926 2711 4996 liquet.
2740 4926 3087 4978 Clarissimus
3120 4925 3545 4979 Mazzuchellius
3585 4928 3881 4993 existimat,
3906 4929 4015 4980 iam
4056 4930 4179 4982 inde
4219 4930 4287 4983 ab

2521 5034 2664 5069 anno
2702 5018 2921 5070 circiter
2945 5014 3402 5068 MOCOLXXIII.
3431 5015 3733 5068 Villanium
3761 5017 3886 5069 huic
3914 5019 4067 5086 operi
4093 5035 4287 5072 manus

2521 5107 2844 5159 admovisse.
2883 5105 2991 5158 Sed
3042 5106 3203 5158 aliter
3249 5105 3481 5157 fortasse
3537 5106 3834 5158 iudicasset
3869 5106 3951 5158 vir
3989 5108 4289 5160 eruditissi-

2520 5213 2659 5261 mus,
2694 5196 2740 5248 si
2781 5196 3080 5264 genuinum
3120 5196 3356 5247 auctoris
3395 5194 3605 5247 foetum
3639 5195 3880 5259 vidisset,
3908 5201 3963 5248 et
4001 5198 4290 5266 epistolam

2520 5286 2745 5355 legisset
2784 5287 2968 5337 datam
3026 5285 3094 5337 ad
3145 5284 3464 5353 Philippum
3520 5286 3586 5337 de
3645 5285 3948 5338 Alenconio
3995 5288 4288 5341 ostiensem

2521 5377 2868 5444 episcopum,
2907 5391 3015 5444 qua
3053 5374 3104 5426 ei
3142 5390 3298 5425 suum
3340 5374 3538 5426 librum
3578 5374 3865 5427 dedicavit.
3906 5374 4090 5427 Gessit
4142 5379 4289 5430 enim

2520 5466 2811 5533 Philippus
2851 5465 2916 5516 de
2957 5463 3262 5516 Alenconio
3302 5464 3677 5532 episcopatum
3717 5466 4009 5517 ostiensem
4049 5465 4118 5517 ab
4145 5483 4288 5520 anno

2520 5554 2832 5607 Mcccxc.
2860 5554 2928 5606 ad
2968 5570 3172 5605 annum
3209 5552 3662 5617 Mcccxcvn„
3688 5569 3795 5622 quo
3824 5559 4128 5606 extremum
4156 5556 4291 5607 obiit

2521 5644 2684 5697 diem.
2722 5645 2880 5696 Adde
2928 5643 3071 5712 quod
3110 5647 3269 5695 autor
3306 5642 3423 5711 ipse
3452 5643 3507 5694 in
3533 5643 3726 5695 eadem
3752 5643 3989 5711 epistola
4013 5660 4198 5696 senem
4230 5663 4288 5698 se

2522 5734 2691 5786 fuisse
2730 5734 2953 5797 indicat,
2981 5749 3106 5784 cum
3143 5747 3280 5800 opus
3319 5732 3462 5783 istud
3488 5748 3776 5800 aggressus
3804 5737 3903 5784 est.
3931 5732 4161 5802 Segnius
4189 5735 4290 5803 igi-

2523 5828 2611 5876 tur
2649 5824 2864 5875 videtur
2901 5822 3028 5874 huie
3065 5822 3216 5890 operi
3254 5820 3542 5873 scribendo
3581 5838 3638 5873 se
3679 5821 3892 5874 dedisse
3937 5840 4102 5892 quam
4140 5823 4288 5875 Maz-

2521 5914 2793 5966 zuchellio
2829 5913 3006 5964 visum
3046 5916 3148 5963 est.

2685 6001 2838 6054 Vidit
2875 6001 3020 6053 hunc
3060 6001 3260 6052 librum
3296 6001 3466 6052 latine
3500 6001 3764 6069 scriptum
3798 6001 4092 6054 Federicus
4119 6002 4290 6054 Ubal·

2521 6094 2706 6158 dinus,
2744 6093 2838 6162 qui
2877 6108 2946 6145 ex
2984 6108 3048 6145 60
3096 6092 3387 6160 exscripsit
3435 6092 3602 6143 vitam
3654 6092 3933 6144 Francisci
3971 6092 4288 6157 Barberini,

2519 6201 2683 6253 quam
2722 6184 2893 6235 edidit
2930 6186 3057 6235 ante
3096 6182 3295 6234 librum
3322 6182 3566 6234 eiusdem
3594 6182 3872 6234 Francisci
3899 6182 4185 6234 Barberini
4213 6182 4292 6234 De

2519 6273 2850 6324 documentis
2908 6273 3130 6324 amori-⁴1.
3188 6271 3295 6324 Sed
3351 6271 3565 6323 fallitur
3621 6272 3899 6323 enimvero
3962 6270 4289 6324 Laurentius

2518 6362 2744 6427 1116111111,
2785 6362 2876 6432 qui
2915 6378 2948 6414 a
2987 6360 3379 6413 Mazzuchellio
3427 6361 3708 6413 consultus
3765 6362 3831 6413 de
3883 6361 3986 6413 hoc
4043 6362 4288 6431 Philippi

2525 6451 2752 6504 Villanii
2792 6452 2947 6518 libro,
2987 6451 3267 6520 respondit
3317 6455 3567 6503 constare
3614 6451 3832 6519 quidem
3880 6449 4180 6505 Villanium
4234 6456 4286 6506 in

2523 6558 2587 6596 eo
2621 6542 2760 6594 libro
2801 6543 3083 6611 scripsisse
3112 6543 3277 6594 etiam
3305 6542 3371 6595 de
3400 6541 3580 6594 Dante
3609 6542 3890 6612 Aligherio
3918 6548 3972 6595 et
3998 6543 4290 6597 Francisco
