5542 7775
1996 591 2092 639 DE
2150 591 2413 641 THOMA
2469 591 3068 642 DIPLOVATAcclo
4301 574 4341 643 7

716 743 867 828 quia
914 742 1348 807 mediantibus
1396 743 1584 807 dietis
1631 722 1813 806 libris
1861 749 1925 806 et
1972 765 2112 807 cum
2163 765 2381 809 amore
2428 743 2552 808 Dei
2600 752 2663 808 et
2710 745 2923 830 gratia
2970 745 3190 830 ipsius,
3241 750 3512 809 testator
3558 745 3695 830 ipse
3752 746 4092 832 aequisivit
4147 747 4348 812 facul-

717 856 884 913 tates
931 871 1081 913 suas
1130 857 1250 914 etc.

891 956 969 1021 In
1018 956 1312 1020 omnibus
1360 963 1578 1020 autem
1626 958 1770 1021 aliis
1819 959 1950 1022 suis
1997 957 2182 1022 bonis
2244 957 2588 1021 mobilibus
2650 965 2714 1022 et
2775 959 3236 1040 immobilibus,
3287 959 3712 1023 existentibus
3760 965 3892 1022 tam
3945 960 4019 1050 ¹in
4086 960 4346 1025 civitate

716 1063 974 1128 Pisauri
1021 1069 1086 1127 et
1132 1064 1273 1147 ejus
1322 1064 1668 1146 comitatu,
1717 1086 1911 1150 quam
1954 1063 2247 1128 Venetiis
2294 1065 2359 1127 iu
2405 1064 2626 1129 Monte
2674 1064 2980 1147 subsidii,
3031 1087 3106 1130 ae
3152 1066 3347 1129 etiam
3402 1066 3468 1129 in
3533 1066 3689 1129 villa
3756 1065 4235 1131 Scandellariae
4283 1076 4348 1131 et

716 1170 977 1256 ubique,
1025 1169 1331 1235 dilectum
1376 1171 1518 1255 ejus
1564 1170 1767 1234 filium
1814 1171 2265 1236 Alexandrum
2312 1171 2587 1235 instituit
2633 1179 2753 1235 etc.
2802 1173 2943 1255 ejus
2992 1172 3336 1237 haeredem
3385 1172 3816 1237 universalem
3863 1181 4006 1237 etc.

886 1277 1127 1341 Actum
1172 1283 1292 1341 etc.
1334 1276 1594 1341 Pisauri
1641 1278 1705 1341 in
1754 1278 2159 1343 Cancellaria
2209 1278 2600 1360 Communis,
2635 1279 2758 1341 sita
2807 1279 2871 1342 iu
2920 1280 3245 1364 quarterio
3293 1302 3343 1343 s.
3378 1279 3796 1365 Archangeli,
3825 1281 4019 1364 juxta
4059 1281 4343 1368 plateam

709 1404 1015 1469 magnam
1062 1391 1183 1449 etc.
1216 1383 1742 1448 MDXXXVIII.
1768 1435 1784 1467 ,
1818 1384 2165 1449 indictione
2197 1384 2349 1468 XL,
2384 1393 2671 1471 tempore
2720 1386 3127 1471 pontificatus
3176 1386 3562 1450 sanctissimi
3608 1386 3673 1450 in
3723 1386 3976 1451 Christo
4021 1388 4237 1452 Patris
4283 1397 4346 1453 et

707 1489 791 1555 D.
816 1489 899 1554 N.
927 1490 1007 1555 D.
1034 1490 1226 1555 Pauli
1258 1491 1477 1555 divina
1510 1491 1916 1577 providentia
1945 1491 2168 1578 Papae
2202 1491 2360 1574 III.,
2398 1493 2500 1556 die
2534 1513 2686 1556 vero
2720 1492 3022 1556 sabbathi
3054 1493 3279 1576 sancti,
3306 1492 3458 1556 XX.
3486 1493 3722 1557 mensis
3755 1494 4008 1579 aprilis;
4043 1516 4344 1581 praesen-

708 1594 879 1660 tibus
927 1597 1183 1661 domino
1235 1597 1648 1682 Sigismundo
1699 1597 2099 1684 Samper010,
2149 1597 2449 1681 Consule,
2485 1599 3043 1663 excellentissimis
3083 1599 3249 1684 juris
3296 1599 3629 1685 utriusque
3676 1600 4044 1665 doctoribus
4087 1601 4344 1667 domino

704 1702 1037 1769 Ludovico
1084 1704 1549 1788 BezzecarinO,
1599 1704 1856 1769 domino
1902 1705 2200 1791 Baptista
2248 1705 2326 1770 de
2375 1705 2747 1788 Almericis,
2798 1728 2902 1771 ser
2948 1706 3202 1771 Joanne
3248 1706 3547 1792 Baptista
3592 1706 3940 1790 Vachario,
3991 1730 4093 1772 ser
4138 1708 4344 1773 Fran·

707 1811 875 1875 cisco
921 1811 1268 1894 Brettari0,
1305 1833 1409 1875 ser
1452 1811 1799 1877 Francisco
1846 1812 2023 1895 Vita,
2057 1812 2367 1897 magistro
2414 1812 2610 1876 Petro
2657 1812 2942 1878 Bacchio
2989 1819 3054 1878 et
3098 1814 3295 1877 Petro
3340 1813 3625 1878 Antonio
3674 1814 3752 1877 de
3785 1815 4061 1897 Amatis,
4097 1815 4343 1880 civibus

706 1917 1210 2004 pisaurensibus,
1261 1919 1531 1983 testibus
1579 1925 1700 1984 ete.

880 2024 1025 2110 Ego
1072 2024 1513 2091 Bernardinus
1562 2048 1667 2091 ser
1713 2026 2023 2113 Gasparis
2077 2027 2157 2091 de
2220 2026 2622 2109 Factoribus,
2670 2027 2828 2092 civis
2874 2027 3152 2110 Pisauri,
3201 2027 3496 2113 publicus
3562 2027 3882 2114 imperiali
3943 2029 4336 2094 authoritate

710 2132 999 2196 notarius
1046 2139 1166 2196 etc.

882 2237 1024 2324 Ego
1072 2239 1355 2308 Thomas
1403 2239 1930 2326 Diplovataccius
1977 2240 2729 2328 constantinopolitanus,
2758 2241 2923 2325 juris
2968 2242 3298 2327 utriusque
3347 2242 3570 2306 doctor
3616 2249 3680 2306 et
3728 2243 3883 2306 civis
3925 2242 4204 2326 Pisauri,
4243 2244 4338 2307 af-

711 2344 923 2409 ferens
987 2346 1157 2409 istud
1218 2368 1358 2410 esse
1418 2347 1718 2410 ultimum
1763 2369 1977 2412 meum
2024 2355 2479 2412 testamentum
2527 2348 2857 2434 publicum
2903 2347 2969 2411 in
3017 2348 3422 2413 Cancellaria
3469 2347 3840 2413 Communis
3885 2348 4142 2414 Pisauri
4188 2350 4338 2415 XX.

707 2451 928 2537 aprilis
976 2452 1536 2535 MDXXXV111.‚
1586 2461 1649 2518 et
1698 2454 1841 2517 ideo
1889 2475 2083 2518 manu
2134 2475 2277 2518 mea
2324 2454 2674 2540 subscripsi
2719 2461 2840 2518 etc.

918 2649 1054 2722 XI.
1115 2650 1287 2723 Post
1344 2659 1488 2722 tres
1547 2675 1769 2723 annos
1826 2676 1869 2723 a
1928 2658 2353 2726 testamento
2412 2651 2718 2746 condito,
2760 2652 2908 2724 vita
2964 2652 3175 2725 cessit
3231 2651 3811 2749 Diplovataccius
3867 2665 4131 2752 noster,
4174 2681 4334 2728 cum

700 2773 995 2846 vixisset
1037 2798 1260 2847 annos
1301 2774 1659 2848 LXXIII.
1719 2775 1805 2847 In
1862 2774 2041 2848 libro
2099 2776 2571 2851 Consiliorum
2626 2777 2936 2849 civitatis
2977 2777 3279 2873 Pisauri,
3323 2802 3533 2874 quem
3570 2780 3932 2875 praecedit
3971 2781 4335 2876 catalogus

702 2922 947 2971 eorum
1004 2899 1257 2995 quibus
1316 2898 1627 2972 Consilia
1684 2901 2130 2995 constabant,
2191 2903 2291 2975 ita
2348 2903 2731 2975 adnotatur
2789 2902 3021 2975 obitus
3079 2901 3577 3000 Diplovatacii,
3640 2928 3854 2977 manu
3909 2905 4337 2979 Bernardini

701 3024 788 3096 de
845 3024 1288 3119 FactoribuS‚
1332 3024 1589 3117 notarii
1629 3034 1699 3098 et
1758 3024 2217 3099 Caneellarii:
2274 3055 2310 3096 «
2351 3027 2697 3100 Dominus
2747 3025 3060 3100 Thomas
3119 3028 3204 3100 de
3265 3026 3708 3124 Plovatatiis,
3742 3030 3925 3126 juris
3964 3031 4331 3127 utriusque

698 3177 735 3218 »
804 3149 1074 3245 doctor,
1137 3149 1247 3222 die
1306 3150 1599 3223 XXIX.
1660 3150 1833 3222 Maii
1888 3150 2458 3246 MDXXXXI.,
2520 3152 2708 3224 circa
2764 3150 3013 3225 horam
3071 3152 3447 3250 septimam
3505 3180 3575 3226 ›>.

1685 3399 2693 3474 DIPLOVATACCII
2780 3401 3346 3476 SCRIPTA.

701 3611 881 3698 Opus
926 3612 1024 3676 De
1052 3613 1443 3697 praestantia
1476 3611 1832 3676 Doctorum.
1867 3610 2086 3696 Hujus
2119 3613 2510 3676 mentionem
2545 3612 2700 3676 facit
2731 3612 2946 3698 Pigna
2971 3613 3036 3676 in
3068 3613 3238 3677 hunc
3272 3613 3565 3678 modum:
3600 3612 3647 3676 I
3669 3650 3756 3659 —
3790 3613 3954 3678 XII.
3991 3615 4135 3679 libri
4173 3616 4334 3680 della

998 3719 1321 3783 eccellenza
1368 3718 1463 3782 de’
1496 3718 1759 3783 Dottori.
1809 3718 2136 3783 Fabritius
2185 3718 2596 3801 (Bibliotheca
2649 3719 2910 3801 Graeca,
2959 3726 3111 3783 tom.
3145 3719 3261 3803 X.,
3298 3742 3450 3806 pag.
3487 3721 3657 3804 501)
3704 3722 3796 3784 ita
3843 3722 3922 3786 de
3969 3722 4090 3787 hoc
4137 3745 4330 3809 opere

992 3825 1309 3911 loquitur:
1365 3851 1393 3882 α
1448 3825 1792 3913 Scripsisse
1839 3826 2035 3890 etiam
2082 3826 2358 3892 traditur
2418 3826 2616 3891 libros
2670 3825 3010 3892 duodecim
3055 3827 3154 3892 De
3187 3829 3576 3913 praestantia
3622 3829 3961 3895 Doctorum
4015 3838 4069 3895 et
4111 3831 4325 3896 claris-

1001 3934 1171 3996 simis
1197 3932 1681 4015 ιφἰινὶεεοηειιῖίίε,
1719 3933 1785 3995 in
1834 3933 2066 4018 quibus
2113 3933 2602 4019 diligentissime
2649 3934 2748 3997 vir
2791 3934 2901 3998 ille
2949 3940 3013 3998 et
3054 3934 3220 4018 juris
3267 3934 3472 3999 civilis
3519 3934 3901 4021 dignitatem
3940 3937 4324 4023 explicavit,

993 4046 1057 4103 et
1104 4046 1400 4103 auctores
1448 4040 1589 4123 ejus
1637 4061 1858 4104 omnes
1918 4040 2427 4127 interpretesque
2477 4063 2516 4105 a
2560 4042 2905 4106 Phoroneo
2966 4041 3160 4106 ducta
3221 4041 3386 4106 serie
3449 4042 3532 4105 ad
3596 4064 3715 4106 sua
3770 4064 3973 4129 usque
4035 4051 4327 4131 tempora

995 4145 1284 4211 deduxit.
1337 4145 1466 4210 Sed
1512 4146 1632 4210 hoe
1676 4168 1836 4233 opus
1868 4147 2205 4233 Baptistae
2237 4147 2517 4233 Egnatio
2552 4156 2615 4213 et
2647 4148 2951 4213 Michaeli
2982 4149 3044 4212 N
3047 4149 3288 4213 candro
3323 4148 3503 4228 (vide
3537 4149 4007 4236 praefationem
4037 4151 4328 4217 Neandri

998 4253 1080 4316 ad
1128 4252 1485 4317 Erotemata
1545 4253 1830 4339 Linyuae
1899 4254 2197 4337 Graecae,
2245 4276 2394 4341 pag.
2448 4256 2616 4336 257)
2665 4256 3096 4339 celebratum,
3145 4264 3257 4321 aut
3317 4257 3508 4344 periit
3563 4258 3701 4341 jam
3758 4257 3908 4321 olim
3958 4257 4206 4343 (inquit
4259 4259 4324 4322 in

995 4361 1366 4425 Bibliotheca
1411 4361 1929 4426 Bibliothecarum
1973 4362 2360 4445 Labbaeus)
2409 4374 2521 4428 aut
2568 4364 2806 4428 alicubi
2852 4364 2935 4429 ab
2992 4365 3313 4450 aliquibus
3371 4364 3810 4451 supprimitur,
3856 4387 3936 4429 ne
3985 4367 4050 4429 in
4095 4389 4325 4432 manus

995 4468 1341 4532 multorum
1375 4468 1595 4533 veniat
1628 4494 1688 4533 ›>.
1725 4468 1926 4534 Tomo
1960 4476 2177 4536 autem
2208 4469 2435 4549 X111.,
2462 4492 2612 4556 pag.
2643 4473 2769 4535 555
2806 4472 2871 4535 iu
2905 4472 3030 4536 vol.
3063 4471 3149 4535 X.
3185 4472 3430 4558 (inquit
3465 4471 3661 4559 ipse):
3707 4498 3738 4531 «
3772 4494 3921 4558 pag.
3957 4476 4085 4538 502
4118 4497 4326 4561 pauca

993 4576 1311 4661 quaedam
1362 4575 1497 4639 dixi
1545 4576 1624 4640 de
1674 4576 1924 4640 Thoma
1969 4576 2460 4663 Diplovataecio
2507 4600 2741 4662 graeco
2793 4579 3083 4661 homine,
3134 4579 3247 4642 sed
3308 4579 3418 4664 qui
3478 4580 3812 4664 utriusque
3867 4580 4032 4665 juris
4098 4581 4321 4646 doctor

991 4682 1188 4745 latine
1237 4690 1301 4745 et
1347 4682 1414 4745 in
1461 4682 1656 4746 Italia
1703 4683 1957 4769 scripsit
2004 4683 2122 4747 sub
2171 4691 2530 4748 extremum
2575 4684 2776 4748 seculi
2807 4684 2987 4767 XV.,
3021 4685 3216 4769 hujus
3264 4706 3424 4771 opus
3467 4685 3564 4749 De
3612 4685 3824 4750 Claris
3854 4685 4326 4752 Ju-risconsultis

991 4810 1117 4853 non
1167 4796 1413 4872 extare,
1449 4790 1638 4853 valde
1689 4789 2035 4854 dolendum
2084 4813 2224 4855 esse
2273 4814 2523 4856 mecum
2570 4791 2968 4855 existimabit
3015 4792 3124 4877 qui
3172 4793 3370 4856 vitam
3416 4792 3713 4856 Bartholi
3761 4793 3843 4857 ab
3887 4816 3962 4857 eo
3998 4795 4321 4876 traditam,

993 4904 1185 4980 atque
1235 4895 1378 4960 ideo
1427 4918 1466 4960 a
1513 4918 1614 4960 me
1661 4897 1831 4961 infra
1879 4898 2309 4982 subjunctam,
2359 4899 2769 4984 cognoverit3
2813 4905 2879 4962 et
2924 4899 2979 4962 si
3028 4900 3201 4963 enim
3246 4900 3564 4985 spinosius
3611 4901 3830 4986 paullo
3879 4907 4072 4987 atque
4119 4902 4321 4966 incul-

993 5004 1120 5066 tius
1168 5002 1408 5089 seripta
1455 5010 1573 5086 est,
1622 5012 1838 5069 tamen
1886 5027 1971 5070 ex
2015 5006 2379 5091 diligentia,
2429 5028 2622 5091 quam
2668 5006 2735 5069 in
2783 5028 2861 5070 ea
2908 5007 3141 5071 author
3188 5006 3514 5089 adhibuit,
3565 5014 3835 5093 apparet
3881 5007 3961 5072 de
4004 5009 4320 5093 juriscon-

982 5099 1179 5173 sultis
1225 5132 1382 5175 suae
1429 5112 1710 5175 maxime
1759 5113 1989 5177 aetatis
2037 5120 2101 5177 et
2149 5113 2393 5198 aliquot
2442 5120 2592 5177 ante
2638 5114 3044 5178 saeculorum
3090 5114 3295 5177 multa
3340 5135 3488 5195 eum
3533 5135 3651 5178 nos
3691 5113 3888 5178 fuisse
3922 5114 4317 5200 edocturum,

989 5239 1154 5302 quae
1190 5239 1410 5282 omnes
1444 5218 1702 5304 fugiunt
1736 5244 1796 5283 ».
1835 5219 2007 5284 Citat
2036 5221 2194 5306 ipse,
2229 5222 2295 5284 in
2341 5242 2482 5306 cap.
2514 5219 2700 5285 XIV.
2734 5221 2907 5284 vitae
2941 5220 3212 5303 Bartoli,
3246 5221 3482 5285 librum
3530 5242 3769 5285 nonum
3813 5221 3912 5286 De
3956 5221 4166 5287 Claris
4198 5224 4320 5289 Ja-

985 5325 1381 5405 re'sconsultiS,
1416 5344 1686 5407 necnon,
1723 5347 1912 5411 quem
1960 5326 2041 5389 ab
2091 5327 2200 5390 illo
2249 5326 2604 5411 distinguit,
2641 5334 2986 5391 tractatum
3033 5327 3132 5392 De
3151 5329 3540 5412 praestantia
3571 5327 3927 5392 Doctorum.
3963 5328 4316 5416 Utriusque

986 5431 1182 5495 etiam
1246 5431 1346 5494 his
1406 5432 1620 5496 verbis
1684 5433 1840 5497 facit
1900 5434 2291 5498 mentionem
2347 5434 2629 5498 Michael
2689 5434 3015 5517 Neander,
3073 5435 3139 5498 in
3203 5435 3542 5521 praeclara
3601 5435 3716 5499 illa
3777 5435 4179 5521 praefatione
4235 5439 4319 5502 ad

984 5535 1340 5601 Erotemata
1389 5537 1674 5623 Linquae
1724 5539 2026 5622 Graecae,
2076 5560 2187 5603 seu
2245 5539 2458 5625 potius
2518 5540 2988 5604 introductione
3050 5540 3134 5604 ad
3189 5541 3485 5606 notitiam
3530 5542 3913 5624 literariam,
3962 5564 4111 5629 pag.
4167 5546 4313 5609 157.

991 5668 1021 5700 αι
1078 5643 1348 5729 Scripsit
1397 5645 1593 5709 etiam
1638 5645 1885 5709 Baldus
1933 5645 2272 5732 perusinus
2305 5646 2404 5710 De
2434 5647 3097 5711 commemorationibus
3122 5649 3674 5731 favtzose‘ssimomm
3705 5649 4018 5713 doctorum
4049 5652 4112 5713 in
4149 5658 4313 5716 utro-

980 5774 1008 5805 »
1070 5772 1185 5834 que
1216 5750 1391 5833 jure,
1425 5758 1490 5815 et
1538 5751 1821 5816 Thomas
1869 5751 2419 5838 Diplovataccius,
2455 5753 2763 5838 patricius
2808 5754 3542 5839 constantinopolitanus
3588 5754 3785 5819 libros
3817 5755 3976 5819 XII.
4009 5755 4108 5819 De
4127 5779 4314 5840 prae—

982 5988 1011 6018 »
1069 5963 1385 6048 EgnatiO,
1426 5964 1595 6048 ,juris
1660 5964 1866 6029 civilis
1927 5966 2308 6050 dignitatem
2373 5966 2723 6051 explicavit
2784 5972 2849 6030 et
2907 5973 3202 6031 auctores
3260 5968 3401 6051 ejus
3449 5967 3956 6053 interpretesque
4006 5989 4226 6033 omnes
4274 5991 4312 6033 a

987 6096 1017 6127 ι
1075 6070 1417 6135 Phoroneo
1466 6071 1661 6136 ducta
1707 6072 1873 6136 serie
1922 6073 2005 6136 ad
2049 6079 2272 6139 nostra
2318 6094 2522 6158 usque
2569 6080 2861 6159 tempora
2907 6073 3209 6156 deduxit3
3244 6073 3358 6138 sed
3403 6081 3745 6159 utrumque
3787 6075 4120 6160 utriusque
4153 6097 4312 6161 opus

983 6203 1013 6235 ν
1073 6185 1186 6241 aut
1230 6178 1442 6263 periit,
1493 6186 1605 6243 aut
1653 6179 1892 6243 alicubi
1939 6180 2021 6244 ab
2070 6179 2394 6265 aliquibus
2443 6180 2883 6267 supprimitur,
2933 6202 3013 6245 ne
3063 6181 3128 6245 in
3175 6181 3521 6244 multorum
3569 6202 3796 6245 manus
3843 6181 4062 6245 veniat
4112 6208 4171 6245 ».

683 6282 809 6348 Sed
856 6283 1184 6349 Fabritius
1232 6285 1573 6349 veritatem
1620 6285 1686 6349 in
1733 6307 2018 6351 errorem
2064 6286 2520 6370 commutavit5
2556 6309 2707 6351 nam
2752 6308 2952 6351 unum
2997 6287 3292 6374 idemque
3339 6288 3461 6351 fuit
3505 6287 3979 6374 Diplovataccii
4020 6310 4214 6375 opus3
4247 6297 4311 6354 et

981 6392 1206 6455 titulus
1252 6392 1352 6456 De
1404 6391 1614 6456 Claris
1660 6392 2132 6458 Jurisconsultis
2180 6394 2337 6458 nihil
2387 6394 2563 6458 aliud
2611 6393 2932 6479 significat
2986 6394 3108 6458 nisi
3156 6416 3395 6458 nonum
3443 6394 3735 6479 ejusdem
3781 6396 3993 6481 operis
4043 6395 4308 6478 librum3
