5542 7775
1213 611 1257 681 4
2489 634 2589 683 nn
2650 633 2916 685 mom
2973 633 3570 686 mPLovATAccm

1912 965 2186 1030 Joannes
2236 965 2471 1049 Sfortia
2516 967 2592 1030 de
2636 968 2956 1052 Arayom'a
2977 1018 2993 1050 ,
3048 967 3258 1032 Comes
3309 968 3688 1054 Cotiqnolae,
3739 969 3995 1034 Pisauri
4037 978 4142 1035 eie.

2504 1073 2592 1137 ad
2624 1081 2988 1158 perpetuam
3037 1076 3128 1139 rei
3173 1078 3548 1141 memoriam.

1389 1285 1870 1372 Saepenumero
1895 1283 1973 1350 (1)
2006 1306 2227 1350 sumus
2274 1284 2571 1349 arbitrati
2615 1285 2777 1350 nihil
2824 1307 2964 1350 esse
3012 1287 3183 1372 quod
3229 1281 3438 1373 magis
3485 1309 3560 1353 ac
3607 1290 3814 1374 magis
3858 1290 4168 1376 optimum
4213 1289 4438 1355 deceat
4469 1291 4844 1377 principem,

1210 1416 1403 1481 quam
1451 1392 1561 1458 diu
1608 1401 1673 1458 et
1721 1400 1912 1458 noctu
1962 1392 2235 1478 negotiis
2283 1393 2605 1479 occupari,
2639 1394 2809 1458 curis
2842 1393 3114 1459 excitari
3160 1404 3224 1460 et
3271 1395 3546 1460 assiduis
3594 1396 4091 1481 cogitationibus
4139 1397 4408 1462 distrahi
4455 1420 4572 1485 pro
4624 1397 4846 1463 subdi·

1208 1509 1421 1568 torum
1466 1523 1730 1566 suorum
1775 1501 2019 1583 salute,
2069 1522 2227 1587 pace
2293 1508 2358 1565 et
2420 1501 2775 1566 commode.
2827 1501 2956 1567 Sed
3017 1503 3414 1589 praeclarius
3462 1525 3684 1568 eorum
3730 1526 3926 1569 causa
3971 1504 4072 1569 his
4119 1505 4462 1570 instantius
4511 1505 4845 1570 intendere

1208 1610 1421 1692 rebus,
1456 1609 1809 1673 ferventius
1854 1629 2087 1673 vacare
2136 1615 2200 1673 et
2248 1609 2579 1693 operosius
2626 1609 3124 1674 sollicitudinem
3171 1610 3509 1696 impartiri,
3545 1610 3778 1696 quibus
3827 1611 3994 1676 inter
4039 1633 4148 1677 eos
4195 1613 4501 1699 praecisis
4553 1612 4846 1680 dissidio-

1207 1739 1352 1782 rum
1397 1716 1703 1781 radicitus
1752 1715 2057 1801 vepribus
2105 1722 2169 1779 et
2216 1715 2569 1800 litigiorum
2616 1716 3014 1781 anfractibus
3064 1717 3323 1782 omnino
3370 1717 3670 1801 seductis,
3703 1719 3882 1805 pacis
3930 1720 4365 1805 tranquillitas
4413 1720 4662 1805 vigeat,
4697 1741 4846 1784 con-

1210 1825 1467 1890 cordiae
1512 1824 1726 1887 unitas
1774 1823 2128 1887 invalescat
2172 1829 2237 1886 et
2286 1823 2647 1887 animorum
2695 1823 3064 1909 idemptitas
3113 1832 3517 1911 perseveret3
3550 1847 3695 1890 cum
3743 1847 3925 1891 amor
3969 1833 4034 1891 et
4076 1826 4287 1913 gratia
4319 1848 4398 1891 ea
4432 1828 4582 1910 sint,
4616 1827 4846 1913 quibus

1210 1932 1427 1997 omnia
1473 1940 1537 1996 et
1585 1938 1894 2017 regantur
1941 1937 2005 1994 et
2052 1937 2615 2015 augumententur,
2651 1930 2867 1995 odium
2915 1953 3068 1996 vero
3117 1939 3182 1996 et
3229 1931 3567 2015 discordia,
3602 1933 3834 2018 quibus
3881 1934 4256 1998 decrescant
4296 1941 4360 1998 et
4393 1934 4845 2000 dissolvantur.

1210 2039 1294 2103 Et
1356 2046 1537 2103 tanto
1598 2038 1931 2102 uberiores
1994 2038 2238 2101 fructus
2300 2057 2378 2101 ea
2443 2059 2584 2102 esse
2646 2045 3017 2120 noscuntur,
3067 2047 3308 2125 quanto
3355 2038 3420 2102 id
3469 2039 3801 2104 observari
3848 2041 4182 2127 contingat
4228 2041 4393 2105 inter
4442 2040 4737 2106 doctores
4781 2047 4847 2105 et

1209 2147 1459 2233 equites
1506 2153 1571 2210 et
1616 2145 1852 2209 milites
1900 2145 2360 2230 cujuscumque
2408 2144 2650 2230 gradus
2696 2151 2760 2210 et
2808 2145 3227 2228 conditionis;
3261 2147 3371 2232 qui
3411 2147 3506 2210 uti
3548 2147 3710 2211 alios
3756 2155 3821 2211 et
3867 2148 4211 2212 virtutibus
4257 2155 4323 2212 et
4371 2148 4657 2213 moribus
4703 2147 4846 2212 illu-

1209 2255 1472 2320 striores
1534 2253 1780 2317 anteire
1842 2252 2113 2333 debent,
2164 2253 2255 2316 ita
2302 2252 2573 2316 caeteris
2621 2252 3032 2317 inferioribus
3078 2255 3258 2340 pacis
3304 2261 3369 2318 et
3415 2254 3795 2319 concordiae
3844 2256 4212 2342 exemplum
4260 2255 4425 2321 bene
4473 2263 4537 2320 et
4583 2255 4847 2342 pacifice

1213 2362 1471 2428 vivendi
1518 2361 1597 2425 de
1646 2382 1714 2424 se
1762 2367 1895 2424 tam
1942 2359 2197 2445 publice
2248 2381 2442 2445 quam
2487 2360 2792 2445 privatim
2839 2360 3210 2425 exhibeant.
3244 2360 3507 2424 Dudum
3554 2361 3870 2447 siquidem
3918 2361 4184 2427 suborta
4233 2362 4639 2427 contentione
4684 2362 4850 2427 inter

1208 2472 1502 2536 doctores
1549 2477 1613 2533 et
1661 2468 1897 2532 milites
1945 2466 2224 2531 civitatis
2272 2474 2529 2531 nostrae
2576 2466 2855 2550 Pisauri,
2890 2467 3031 2553 quis
3080 2489 3302 2533 eorum
3348 2468 3664 2553 praeferri
3710 2468 3972 2550 debeat,
4009 2469 4161 2534 dum
4206 2470 4272 2534 in
4320 2469 4651 2534 hominum
4698 2492 4848 2535 con-

1210 2585 1409 2643 ventu
1456 2577 1765 2641 assistunt
1814 2582 1926 2639 aut
1973 2574 2411 2657 deambulant,
2444 2574 2566 2639 hoc
2613 2575 2678 2638 in
2726 2582 3110 2662 perpetuum
3157 2575 3436 2641 valituro
3477 2575 3736 2640 decreto
3769 2576 4139 2660 hujusmodi
4172 2577 4580 2643 ambitiosam
4612 2577 4849 2643 discor-

1209 2686 1383 2750 diam
1429 2684 1850 2770 extirpantes,
1885 2689 2061 2746 motu
2102 2682 2362 2769 proprio
2411 2688 2475 2746 et
2522 2703 2607 2745 ex
2648 2689 2825 2746 certa
2857 2682 3054 2745 animi
3089 2682 3290 2747 nostri
3320 2683 3590 2749 scientia
3621 2690 3686 2747 et
3718 2683 3798 2748 de
3833 2691 4053 2749 nostra
4084 2683 4481 2770 plenitudine
4514 2684 4850 2770 potestatis

1209 2792 1634 2873 decernimus,
1670 2789 2048 2854 mandamus
2098 2797 2162 2854 et
2210 2790 2524 2871 volumus,
2562 2796 2633 2853 ut
2672 2811 2755 2853 ex
2803 2789 3172 2854 doctoribus
3220 2790 3579 2872 antedictis,
3615 2790 3724 2876 qui
3771 2797 3919 2854 sunt
3964 2798 4028 2854 et
4078 2792 4185 2877 qui
4227 2791 4291 2856 in
4335 2791 4623 2856 futurum
4662 2799 4851 2857 erunt

1212 2899 1412 2965 nostri
1459 2897 1725 2963 dominii
1772 2896 2012 2960 subditi
2056 2904 2121 2961 et
2168 2896 2446 2961 civitatis
2504 2903 2761 2960 nostrae
2817 2895 3075 2960 Pisauri
3142 2896 3314 2961 cives
3377 2905 3441 2960 et
3511 2897 3943 2980 habitatores,
3992 2898 4047 2962 is
4112 2898 4258 2962 aliis
4319 2899 4725 2985 praeferatur
4784 2900 4848 2963 in

1209 3027 1610 3092 quocumque
1657 3005 1820 3087 loce,
1856 3004 1919 3067 in
1967 3025 2093 3088 quo
2141 3004 2483 3068 convenire
2533 3004 2886 3089 contingat,
2922 3004 3030 3090 qui
3079 3005 3256 3089 prius
3304 3003 3674 3068 doctoratus
3719 3005 4029 3069 honorem
4075 3005 4196 3069 sub
4230 3006 4519 3091 rigoroso
4552 3006 4850 3070 examine

1208 3115 1275 3178 in
1325 3112 1551 3178 Studio
1600 3111 1889 3197 generali
1936 3119 2268 3175 assecutus
2315 3111 2529 3194 fuerit,
2578 3111 2714 3174 sive
2762 3111 2846 3175 sit
2894 3111 3130 3175 artium
3177 3119 3242 3176 et
3289 3111 3647 3176 medicinae
3694 3112 3937 3195 doctor,
3980 3113 4115 3177 sive
4158 3112 4324 3197 juris
4374 3113 4580 3177 civilis
4627 3135 4702 3178 ac
4749 3135 4851 3178 ca-

1210 3221 1423 3286 nonici
1468 3227 1581 3283 aut
1624 3219 1790 3303 juris
1837 3218 2042 3282 civilis
2092 3225 2342 3281 tantum
2390 3225 2502 3282 aut
2544 3218 2711 3302 juris
2759 3218 3053 3283 canonici
3101 3226 3381 3300 tantum,
3415 3240 3542 3282 non
3594 3219 3889 3283 obstante
3932 3219 4103 3305 quod
4139 3220 4247 3305 qui
4280 3221 4597 3306 posterius
4630 3220 4852 3285 doctor

1209 3328 1424 3410 fuerit,
1473 3327 1712 3412 alleget
1759 3347 1827 3389 se
1892 3347 2032 3390 esse
2091 3325 2418 3389 doctorem
2476 3326 2670 3389 etiam
2714 3325 2883 3409 juris
2930 3326 3242 3409 canonici,
3284 3335 3347 3391 et
3395 3347 3522 3390 non
3570 3326 3866 3390 obstante
3914 3327 4108 3390 etiam
4157 3327 4327 3413 quod
4376 3328 4692 3413 posterior
4739 3327 4850 3393 do-

1209 3444 1347 3501 ctor
1393 3435 1634 3520 alleget
1679 3456 1747 3498 se
1795 3433 2110 3520 equestris
2158 3431 2491 3517 dignitatis
2541 3432 2727 3497 titulo
2779 3433 3184 3517 insignitum,
3233 3433 3578 3499 dummodo
3639 3455 3767 3499 non
3829 3441 4106 3516 constet,
4159 3434 4330 3520 quod
4392 3456 4508 3521 pro
4566 3434 4853 3520 quolibet

1208 3543 1418 3627 gradu
1465 3540 1837 3607 Commun²s
1882 3539 2141 3604 Pisauri
2185 3540 2265 3603 ad
2316 3540 2526 3604 minus
2574 3541 2785 3605 solvat
2832 3540 2899 3603 in
2952 3540 3290 3606 Communi
3324 3541 3522 3605 libras
3556 3548 3832 3627 quatuor
3866 3541 4354 3607 Bononinorum
4387 3564 4503 3628 pro
4535 3542 4677 3627 ejus
4709 3550 4851 3607 rata

1207 3651 1567 3732 dumtaxat,
1602 3647 1754 3735 quia
1799 3654 1951 3712 tunc
1998 3647 2292 3712 doctores
2340 3654 2404 3711 et
2451 3647 2686 3711 milites
2733 3648 2878 3712 aliis
2925 3649 3377 3734 praeferantur
3424 3648 3813 3730 doctoribus,
3860 3649 3969 3734 qui
4024 3670 4149 3713 non
4196 3648 4434 3713 fuerint
4481 3649 4853 3734 hujusmodi

1208 3757 1450 3843 gradus
1496 3757 1954 3843 praerogativa
2002 3755 2307 3841 insignes,
2343 3762 2407 3819 et
2457 3776 2580 3819 non
2618 3755 2915 3819 obstante
2949 3755 3164 3838 etiam,
3201 3755 3369 3841 quod
3405 3756 3664 3841 alleget,
3699 3777 3767 3819 se
3802 3777 3943 3820 esse
3978 3754 4509 3820 contubernalem
4541 3763 4850 3840 nostrum,

1206 3874 1272 3931 et
1322 3888 1448 3932 non
1496 3864 1791 3931 obstante
1839 3864 2033 3929 etiam
2081 3862 2252 3950 quod
2298 3884 2366 3927 se
2417 3869 2734 3927 assereret
2781 3884 2920 3928 esse
2971 3862 3357 3928 advocatum
3404 3862 3713 3929 Gamerae
3763 3870 4020 3928 nostrae
4077 3863 4350 3946 fiscalis,
4408 3863 4528 3928 nisi
4576 3863 4655 3929 de
4703 3886 4851 3930 con-

1209 3973 1532 4039 tubernali
1579 3973 1894 4037 advocato
1941 3970 2145 4036 fiscali
2191 3992 2307 4057 per
2353 3992 2469 4034 nos
2521 3971 2858 4056 contingat
2904 3970 3093 4035 aliter
3140 3971 3443 4035 ordinari.
3477 3970 3563 4034 Et
3609 3978 3954 4057 postremO,
3991 3992 4117 4035 non
4161 3970 4456 4036 obstante
4506 3971 4676 4057 quod
4710 3973 4852 4058 quis

1212 4090 1400 4146 natus
1448 4087 1618 4145 esset
1665 4080 1729 4143 in
1778 4079 2085 4144 comitatu
2135 4085 2353 4142 nostro
2399 4077 2692 4160 Pisauri,
2741 4077 3087 4143 dummodo
3154 4077 3364 4141 dictae
3420 4086 3677 4142 nestrae
3735 4078 4013 4143 civitatis
4059 4078 4144 4142 sit
4186 4079 4344 4143 civis
4391 4086 4455 4143 et
4502 4090 4852 4166 perpetuus

1211 4190 1540 4254 habitator
1586 4196 1650 4253 et
1697 4188 1954 4269 doctor3
1990 4186 2032 4249 ii
2083 4207 2238 4250 vero
2287 4186 2489 4250 nostri
2531 4187 2724 4269 cives,
2759 4187 2870 4272 qui
2902 4194 3089 4250 erunt
3123 4185 3523 4251 solummodo
3559 4186 3843 4250 decorati
3876 4187 4159 4273 equestri
4190 4186 4525 4273 dignitate,
4560 4188 4854 4253 omnibus

1213 4296 1583 4361 doctoribus
1630 4294 2101 4381 praeferantur,
2151 4293 2260 4378 qui
2309 4312 2435 4357 non
2484 4292 2722 4357 fuerint
2772 4293 3007 4357 milites
3053 4293 3310 4357 solvant
3357 4293 3420 4356 in
3470 4294 3793 4357 communi
3859 4315 3976 4379 pro
4038 4294 4327 4379 quolibet
4383 4294 4590 4379 gradu
4649 4294 4854 4359 dictas

1215 4412 1491 4489 quatuor
1536 4403 1768 4483 libras3
1813 4401 1983 4465 circa
2032 4400 2151 4465 hoc
2199 4408 2414 4464 tamen
2462 4400 2658 4464 etiam
2705 4407 2924 4465 nostro
2973 4400 3238 4465 arbitrio
3286 4401 3474 4464 aliter
3522 4400 3862 4465 ordinandi
3907 4422 4161 4487 semper
4208 4401 4412 4466 salvo,
4444 4401 4531 4465 Et
4563 4407 4634 4465 ιιι
4665 4422 4851 4488 prae-

1214 4532 1362 4575 sens
1411 4517 1699 4575 nostrum
1746 4509 2074 4573 decretum
2120 4508 2311 4571 simul
2360 4507 2589 4571 edatur
2634 4516 2697 4571 ct
2744 4516 3125 4593 exequatur,
3160 4515 3232 4572 ut
3279 4508 3592 4593 exemplis
3640 4508 3706 4571 in
3755 4508 4044 4572 futurum
4092 4508 4362 4573 intentio
4395 4515 4614 4572 nostra
4647 4510 4853 4595 magis

1214 4618 1594 4699 innotescat,
1644 4637 1879 4703 operae
1928 4615 2206 4702 pretium
2252 4636 2392 4678 esse
2440 4614 2767 4696 ducimus,
2815 4614 3108 4678 doctores
3158 4621 3290 4678 tam
3339 4615 3620 4678 medicos
3668 4636 3864 4699 quam
3905 4615 4174 4699 juristas
4222 4615 4513 4679 subditos
4562 4623 4851 4699 nostros,

1214 4726 1327 4811 qui
1371 4725 1437 4788 in
1482 4723 1851 4811 praesentia
1900 4722 2098 4786 vitam
2147 4722 2440 4807 exigunt,
2491 4721 2899 4807 infrascripto
2948 4721 3138 4785 modo
3187 4720 3575 4786 ordinandos
3621 4743 3782 4803 esse,
3833 4722 4165 4786 videlicet:

1390 4937 1710 5002 Dominus
1758 4936 2050 5001 «Ioannes
2097 4935 2468 5000 Ludovicus
2517 4934 2595 4999 de
2643 4934 2944 4999 Farnetis
2990 4935 3074 4999 sit
3119 4935 3364 5021 primus
3412 4935 3475 4999 in
3524 4935 3766 4999 ordine.

1389 5044 1708 5109 Dominus
1754 5042 2061 5107 Nicolaus
2107 5043 2187 5107 (le
2251 5042 2513 5126 Sajano,
2576 5041 2796 5127 legum
2857 5041 3100 5125 doctor,
3168 5041 3521 5123 secundus,
3571 5042 3682 5127 qui
3732 5048 3955 5128 postea
4002 5042 4385 5128 praecessit,
4435 5042 4584 5128 quia
4644 5042 4851 5107 factus

1374 5142 1381 5151 ’
1570 5172 1768 5238 eques
1818 5172 1857 5214 a
1907 5150 2169 5215 Summo
2214 5150 2549 5215 Pontifice.

1391 5260 1706 5345 Magister
1753 5259 2062 5324 Camillus
2110 5258 2190 5322 de
2238 5257 2616 5340 Leonardis,
2666 5256 2902 5320 artium
2950 5264 3015 5321 et
3061 5256 3415 5322 medicinae
3463 5257 3705 5339 doctor,
3754 5256 4001 5321 tertius.

1391 5367 1706 5453 Magister
1753 5366 2115 5448 Zaccarias,
2167 5365 2401 5429 artium
2447 5371 2512 5428 et
2558 5363 2915 5428 medicinae
2962 5364 3205 5447 doctor,
3255 5372 3542 5450 quartus.

1389 5474 1708 5539 Dominus
1756 5473 2125 5538 Ludovicus
2174 5472 2252 5536 de
2304 5471 2709 5555 Candelaria,
2759 5472 2981 5557 legum
3028 5471 3271 5553 doctor,
3321 5471 3600 5558 quintae.

1389 5582 1707 5647 Dominus
1752 5580 1985 5667 Dynus
2033 5581 2112 5644 de
2161 5579 2559 5665 Zegnarolis,
2608 5579 2828 5665 legum
2876 5578 3119 5663 doctor,
3168 5580 3250 5643 sit
3298 5579 3361 5643 in
3410 5578 3632 5643 ordine
3680 5587 3921 5643 sextus.

1390 5689 1708 5754 Dominus
1755 5687 2136 5752 Vincentius
2184 5687 2262 5751 de
2310 5685 2667 5769 Fidelibus,
2708 5686 2877 5770 juris
2923 5688 3257 5771 utriusque
3306 5686 3547 5767 doctor,
3596 5686 3926 5771 septimus

1391 5797 1708 5862 Dominus
1753 5795 1988 5860 Petrus
2035 5795 2404 5859 Ludovicus
2451 5793 2530 5858 de
2577 5793 2782 5876 Fano,
2825 5793 3045 5879 legum
3091 5793 3314 5858 doctor
3360 5793 3439 5857 de
3491 5793 3851 5875 Saracenis,
3887 5793 4043 5858 civis
4085 5801 4149 5858 et
4205 5793 4529 5858 habitator
4576 5792 4852 5875 Pisauri,

1575 5904 1658 5967 sit
1706 5904 1770 5967 in
1821 5903 2044 5968 ordine
2092 5910 2378 5967 octavus.

1392 6011 1706 6097 Magister
1754 6010 2075 6097 Ippolitus
2124 6009 2202 6074 de
2250 6009 2629 6090 DominiciS,
2680 6008 2917 6072 artium
2965 6016 3029 6073 et
3077 6009 3433 6073 medicinae
3480 6008 3722 6089 doctor,
3774 6030 3999 6073 nonus.

1389 6119 1707 6185 Dominus
1755 6118 2044 6183 ‚Ioannes
2091 6117 2355 6181 Mattias
2402 6116 2481 6181 de
2529 6116 2831 6198 Janotiis,
2882 6117 3101 6201 legum
3148 6116 3392 6199 doctor,
3442 6116 3746 6180 decimus.

1370 6441 1449 6505 (1)
1490 6439 1571 6489 Ex
1607 6438 1748 6490 libro
1790 6436 1861 6490 1.⁰
1902 6438 2280 6501 Decreterum,
2320 6437 2372 6488 in
2426 6435 2735 6489 Secretaria
2776 6435 3176 6488 illustrissimae
3218 6435 3637 6487 Communitatis
3677 6435 4020 6487 Pisaurensis
4062 6433 4350 6500 existente,
4388 6434 4454 6485 ad
4496 6450 4617 6503 pag.
4656 6436 4743 6484 54.
