5542 7775
1304 603 1460 675 296

1304 788 1524 845 autem
1571 781 1636 844 in
1682 780 1942 844 homine
1988 779 2111 844 hec
2155 787 2334 867 pute,
2368 778 2539 865 quod
2588 779 2640 843 is
2688 800 2834 842 cum
2881 798 3073 862 gran·

1304 887 1447 951 dius
1504 887 1844 974 aptiusque
1891 895 2144 974 tempus
2199 887 2263 951 in
2310 885 2654 973 querendis
2717 884 3073 971 disciplinis

1303 1001 1534 1059 nature
1581 996 1829 1059 malitia
1875 996 2314 1060 somnolentus
2371 995 2690 1076 amiserit,
2740 994 2914 1058 illius
2975 993 3072 1056 fa·

1302 1112 1442 1167 ctus
1491 1104 1716 1185 etatis,
1765 1103 1867 1167 cui
1929 1104 2264 1167 literarum
2310 1102 2662 1189 primordia
2709 1101 3071 1166 difficiliora

1302 1218 1485 1293 sunt,
1534 1232 1613 1275 ea
1658 1210 1953 1276 didicerit
2013 1232 2138 1296 que
2210 1211 2459 1276 soleant
2517 1232 2663 1275 cum
2718 1209 3069 1294 juvenibus

1303 1320 1584 1402 adolere,
1620 1341 1826 1405 queve
1872 1319 2016 1383 usui
2064 1320 2277 1406 potius
2332 1341 2523 1405 quam
2572 1318 2909 1405 discipline
2957 1338 3070 1403 pa-

1299 1449 1442 1492 rere
1490 1428 1762 1492 soleant.

1424 1643 1583 1729 Cap.
1629 1642 1824 1707 XIII.
1873 1642 1974 1707 De
2019 1642 2193 1707 Dine
2239 1642 2320 1707 de
2368 1642 2609 1707 Garbe.

1294 1806 1395 1871 De
1441 1806 1614 1870 Dine
1662 1806 1742 1871 de
1790 1807 2010 1872 Garbe
2056 1807 2318 1894 phixice
2359 1808 2707 1872 multorum
2747 1807 3061 1871 librorum

1453 1921 1518 1977 et
1565 1921 2070 1979 commentorum
2115 1914 2429 1979 medicine
2476 1914 2921 2001 compositore.

1419 2076 1628 2140 Dinus
1675 2076 1755 2141 de
1804 2076 2024 2142 Garbe
2072 2077 2320 2141 Taddei
2370 2078 2656 2160 auditor,
2705 2085 2852 2165 post
2913 2099 3060 2142 eum

1292 2184 1577 2249 medicus
1624 2185 1747 2249 fuit
1786 2185 2075 2269 insignis.
2111 2183 2239 2250 Hic
2286 2186 2542 2270 genitus
2577 2193 2675 2249 est
2706 2185 3058 2268 Florentie,

1290 2298 1476 2379 patre
1507 2292 1691 2357 Bene
1724 2292 2016 2379 cyrusico
2050 2292 2355 2375 maxime,
2377 2300 2448 2356 ut
2481 2314 2679 2379 nepos
2711 2293 2854 2377 ejus
2887 2292 3059 2358 Tho-

1291 2422 1430 2464 mas
1477 2407 1543 2464 et
1590 2399 1744 2463 Dini
1786 2400 1957 2464 filius
2003 2400 2071 2464 in
2118 2421 2237 2464 sua
2294 2400 2559 2464 Summa
2619 2400 2851 2482 refert,
2902 2422 3054 2487 que·

1290 2508 1498 2572 stione
1544 2528 1672 2593 qua
1733 2509 1979 2593 querit,
2028 2530 2112 2573 an
2179 2529 2415 2594 penam
2476 2509 2711 2572 sentiat
2773 2508 3058 2571 naturali

1290 2623 1525 2698 morte,
1573 2615 1695 2679 hoc
1754 2623 1852 2679 est
1913 2617 2183 2680 emerita
2239 2616 2575 2681 decedens.
2627 2616 2855 2680 Studio
2902 2637 3057 2680 vero

1289 2722 1582 2787 Bononie
1630 2723 1819 2787 datus
1866 2731 1984 2806 est,
2023 2724 2134 2787 ubi
2181 2730 2433 2788 tantum
2478 2724 2858 2788 liberalibus
2905 2723 3059 2787 arti·

1291 2831 1413 2894 bus
1457 2830 1886 2917 philosophie,
1936 2831 2376 2917 medicineque
2423 2831 2728 2895 doctrinis
2766 2831 3060 2915 invaluit,

1290 2938 1462 3024 qued
1509 2939 1893 3004 universalis
1939 2940 2135 3004 studii
2175 2947 2324 3004 veto
2359 2939 2448 3003 ibi
2479 2939 2673 3003 fuerit
2705 2940 2944 3004 ascitus
2977 2941 3058 3005 ad

1289 3046 1684 3111 cathedram.
1735 3047 2023 3133 Cumque
2057 3048 2175 3111 sub
2209 3047 2455 3111 famoso
2490 3049 2744 3112 nomine
2779 3047 2889 3111 diu
2923 3071 3059 3113 me-

1288 3153 1570 3219 dicinam
1625 3155 1713 3218 ibi
1759 3154 2108 3238 docuisset,
2156 3154 2663 3219 Bononiensium
2723 3155 3058 3220 doctorum

1286 3261 1532 3325 invidia
1576 3283 1729 3348 sepe
1760 3263 2118 3344 lacessitus,
2153 3261 2525 3347 indignatus
2566 3269 2666 3326 est
2710 3263 3055 3327 vehemen-

1287 3374 1407 3433 ter.
1444 3368 1733 3455 Cumque
1780 3390 1896 3455 per
1942 3390 2052 3433 eos
2100 3368 2235 3433 dies
2280 3368 2619 3452 senenses,
2654 3370 2842 3434 solita
2874 3370 3055 3434 vani·

1291 3483 1447 3559 tate,
1482 3477 1787 3561 generale
1822 3476 2119 3541 Studium
2151 3476 2391 3540 habere
2424 3476 2821 3561 molirentur,
2857 3477 3061 3542 Senas

1292 3586 1557 3649 recessit
1602 3584 1831 3665 Dinus,
1862 3584 2081 3670 ibique
2113 3584 2369 3670 publice
2403 3584 2619 3648 decuit
2651 3585 3057 3650 medicinam.

1290 3692 1510 3778 Atque
1558 3714 1701 3757 cum
1749 3694 1966 3779 sepius
2011 3699 2077 3756 et
2124 3692 2440 3757 instanter
2481 3693 2801 3779 precibus,
2837 3714 3058 3757 mune-

1288 3801 1595 3889 ribusque
1665 3823 1704 3865 a
1777 3801 2297 3866 Bononiensibus
2362 3808 2795 3888 repeteretur,
2846 3801 3056 3866 redire

1285 3909 1651 3973 Bononiam
1698 3909 2066 3974 nullatenus
2114 3909 2420 3996 aquievit.
2468 3910 2597 3975 Hic
2636 3912 2898 3994 juvenis
2944 3911 3056 3975 ad-

1285 4018 1411 4082 huc
1482 4038 1676 4103 super
1737 4018 1927 4082 tertia
1988 4024 2054 4082 et
2114 4023 2347 4103 quarta
2414 4024 2597 4103 parte
2661 4040 2777 4082 seu
2847 4019 3054 4104 quinti

1285 4124 1566 4190 Canonis
1612 4123 1946 4189 Avicenne
1988 4125 2423 4211 expositiones
2456 4126 2833 4212 conscripsit
2864 4127 3054 4192 utiles

1285 4240 1349 4297 et
1396 4233 1665 4297 subtiles
1726 4240 1860 4296 tam
1928 4233 1995 4297 in
2050 4233 2336 4320 practica
2384 4255 2579 4320 qnam
2638 4234 2703 4298 in
2766 4236 3055 4300 theorica

1284 4342 1579 4428 cyrugie,
1630 4363 1752 4427 que
1800 4341 1866 4404 in
1912 4340 2139 4405 studiis
2195 4342 2536 4406 ordinariis
2595 4344 3057 4428 magistraliter

1282 4449 1727 4534 perleguntur,
1762 4469 1907 4511 cnm
1945 4469 2089 4512 eam
2129 4449 2266 4532 jam
2313 4448 2681 4533 grandevus
2732 4449 2919 4514 Senis
2965 4452 3053 4515 le-

1283 4564 1485 4641 geret.
1536 4555 1797 4640 Rogatu
1842 4555 2114 4621 Roberti
2166 4556 2339 4641 regis
2402 4555 2618 4621 Sicilie
2678 4565 2743 4622 et
2790 4557 3055 4624 Jerusa-

1281 4663 1411 4727 lem
1457 4663 1713 4749 scripsit
1773 4684 1966 4749 super
2028 4669 2259 4748 quarta
2318 4663 2511 4750 primi
2558 4663 2840 4729 Canenis
2887 4666 3046 4730 Avi-

1282 4792 1483 4835 cenne
1537 4793 1697 4856 epus
1758 4771 2261 4857 pulcherrimum
2308 4778 2372 4835 et
2418 4772 2731 4836 acuminis
2789 4774 3045 4859 magni,

1280 4878 1449 4964 quod
1474 4877 1996 4943 dilucidatorium
2020 4878 2216 4943 totius
2240 4878 2521 4965 practice
2548 4879 2862 4945 medicine
2889 4903 3051 4946 nun-

1279 4987 1560 5073 cupavit.
1597 4985 1806 5072 Super
1849 4987 2056 5072 prime
2103 4986 2434 5051 Avicenne
2484 4986 2747 5073 insuper
2793 4988 3049 5075 scripsit

1277 5102 1343 5159 et
1389 5115 1584 5181 super
1631 5092 1926 5159 Canenes
1971 5094 2185 5181 primi,
2228 5101 2293 5158 et
2338 5115 2533 5180 super
2573 5094 2740 5159 libro
2790 5094 3046 5160 Galieni

1276 5203 1352 5268 de
1396 5204 1637 5266 malitia
1702 5203 2133 5287 complexionis
2174 5202 2442 5285 diverse,
2498 5209 2563 5266 et
2624 5224 2819 5288 super
2879 5204 3045 5270 libre

1274 5310 1622 5397 Ypocratis
1682 5310 1760 5375 de
1816 5317 2051 5374 natura
2105 5310 2290 5393 fetus.
2355 5310 2788 5396 Quamplnres
2849 5312 3044 5375 etiam

1275 5424 1590 5509 tractatus
1654 5425 1718 5482 et
1780 5418 2146 5504 questiones
2208 5418 2565 5502 composuit
2625 5418 2691 5481 in
2760 5418 3044 5504 phileso-

1275 5524 1430 5612 phia
1478 5525 1924 5611 medicinaque
1972 5524 2462 5607 determinatas,
2512 5547 2635 5610 que
2684 5524 3041 5590 faciliorem

1273 5638 1339 5697 et
1396 5632 1761 5696 uberiorem
1830 5631 2174 5696 redderent
2237 5631 2662 5717 disciplinam.
2712 5632 2779 5696 Is
2848 5634 3043 5698 etiam

1274 5739 1733 5805 commentavit
1776 5739 2113 5825 vulgarem
2162 5740 2551 5804 cantilenam
2599 5739 2915 5804 Guidenis
2962 5740 3043 5806 de

1274 5846 1778 5913 Cavalcantibus
1810 5847 2152 5930 florentini,
2187 5868 2312 5932 que
2345 5846 2424 5910 de
2473 5848 2641 5911 netis
2682 5847 3038 5932 occasione,

1268 5961 1524 6037 natura,
1572 5954 1987 6040 moribusque
2049 5954 2285 6019 ameris
2347 5954 2632 6039 cupidini
2699 5955 3039 6019 servientis

1272 6062 1634 6126 rationibus
1704 6062 1987 6148 physicis
2050 6069 2115 6126 et
2175 6061 2526 6126 moralibus
2593 6063 2913 6126 succincte
2976 6070 3041 6127 et

1268 6171 1651 6235 mirabiliter
1697 6170 2179 6235 demonstravit.
2216 6170 2357 6244 Que
2407 6171 2620 6233 emnia
2668 6192 2784 6256 per
2815 6171 2912 6233 sui
2946 6171 3040 6234 di·

1266 6279 1582 6365 gnitatem
1628 6277 1872 6342 Dinum
1928 6277 2247 6342 famosum
2293 6278 2567 6364 posteris
2612 6278 3037 6343 tradiderunt.

1392 6513 1471 6579 (1)
1511 6512 1597 6563 An
1636 6527 1873 6579 speram.

2801 621 3078 673 MONUM
3087 621 3454 673 ENTORUM

3200 776 3355 841 Fuit
3399 778 3499 842 vir
3545 779 3702 863 iste,
3749 786 3823 843 ut
3869 780 3950 846 ab
3998 780 4125 844 illis
4173 781 4283 865 qui
4329 802 4476 845 eum
4525 787 4954 864 cognoverunt

3200 887 3440 970 audivi,
3488 894 3667 952 tante
3715 888 4243 953 considerationis
4305 888 4595 975 adeoque
4644 888 4953 953 abstracte

3199 1001 3448 1078 nature,
3483 1002 3554 1059 ut
3600 1017 3870 1083 persepe
3917 997 4265 1082 consopitis
4305 996 4732 1061 exterioribus
4764 996 4952 1060 sensi-

3197 1101 3338 1186 bus,
3372 1103 3559 1188 qnasi
3600 1106 3919 1169 extaticus
3965 1127 4160 1191 snper
4206 1126 4274 1169 se
4321 1105 4668 1170 ascendere
4716 1105 4951 1171 videre-

3195 1215 3321 1274 tur.
3371 1210 3811 1276 Consueverat
3857 1212 4172 1297 siquidem
4212 1212 4276 1276 in
4310 1212 4556 1277 foribus
4589 1213 4815 1278 domus
4848 1236 4951 1281 sue

3197 1324 3369 1382 stare
3439 1320 3837 1405 frequenter,
3896 1341 4196 1405 genuque
4266 1320 4451 1405 gravi
4522 1322 4948 1407 superposito,

3195 1425 3380 1510 quasi
3444 1447 3788 1512 puerorum
3849 1427 4003 1492 ludo
4074 1427 4346 1492 calcaris
4408 1427 4726 1492 radiatam
4782 1450 4950 1514 sper-

3195 1554 3346 1596 nam
3371 1534 3449 1597 (1)
3482 1534 3684 1619 digito
3733 1534 3796 1598 in
3843 1535 4054 1620 girum
4101 1534 4504 1600 velocissime
4551 1537 4834 1620 agitare3
4869 1537 4950 1602 ita

3191 1647 3264 1704 ut
3313 1641 3527 1705 anime
3574 1649 3746 1707 tetus
3793 1664 3933 1707 esse
3974 1643 4130 1708 alibi
4159 1650 4518 1729 putaretur.
4553 1644 4806 1728 Ingenii
4839 1644 4950 1710 fuit

3190 1748 3527 1814 cultissimi
3573 1756 3638 1814 et
3683 1750 4219 1836 perspicacissimi
4282 1753 4632 1834 acuminis,
4683 1752 4812 1817 vite
4843 1755 4947 1837 lor-

3188 1864 3360 1940 nate,
3393 1858 3602 1922 cultus
3648 1858 4095 1945 philosophici,
4131 1859 4243 1923 sed
4292 1859 4572 1924 affabilis
4620 1868 4684 1925 et
4731 1861 4945 1928 hilaris

3187 1965 3252 2029 in
3301 1966 3734 2051 egrotantium
3779 1966 4176 2049 visitatione,
4227 1967 4389 2031 alias
4437 1989 4701 2033 severus
4747 1977 4812 2033 et
4857 1991 4947 2034 se-

3187 2072 3347 2137 creti
3391 2074 3713 2159 expetitor
3758 2080 3824 2139 et
3869 2074 4075 2138 cultor
4108 2075 4242 2155 otii,
4277 2096 4466 2139 carus
4498 2082 4713 2140 tamen
4749 2078 4943 2141 emni-

3188 2179 3308 2244 bus
3353 2188 3418 2245 et
3464 2188 3785 2267 acceptus.
3833 2181 3964 2246 Hic
4010 2181 4356 2247 admodum
4396 2204 4598 2247 senex
4631 2183 4949 2250 Florentie

3187 2287 3345 2351 obiit
3390 2294 3456 2351 et
3499 2288 3564 2352 in
3611 2289 3884 2353 ecclesia
3928 2288 4253 2354 Minorem
4300 2290 4475 2355 claro
4519 2291 4816 2355 conditus
4858 2301 4948 2358 est

3187 2403 3627 2460 monumento.

3311 2503 3469 2590 Cap.
3517 2503 3703 2569 XIV.
3752 2504 3852 2569 De
3921 2504 4298 2570 Turrisiane
4362 2505 4598 2591 insigni
4661 2507 4944 2593 physice,

3186 2619 3611 2696 cognomento
3660 2612 4001 2697 plusquam
4051 2621 4538 2678 commentator.

3313 2717 3469 2804 Cap.
3503 2718 3652 2782 XV.
3685 2719 3785 2783 De
3834 2719 4182 2784 Thomasie
4230 2720 4384 2785 Dini
4432 2720 4512 2785 de
4560 2721 4780 2787 Garbe
4825 2723 4949 2788 filie

3189 2833 3293 2891 etc.

3314 3040 3470 3127 Cap.
3518 3039 3703 3106 XVI.
3753 3041 3853 3106 De
3900 3042 4239 3106 Brunctte.

3501 3204 3604 3269 De
3650 3204 3966 3270 Brunette
4013 3205 4249 3272 Latino
4296 3208 4637 3273 rhetorico.

3311 3366 3394 3431 In
3442 3368 3690 3433 exordio
3734 3369 3976 3434 videtur
4020 3390 4094 3433 ex
4121 3372 4328 3454 positu
4360 3373 4616 3435 civitatis
4647 3380 4700 3436 et
4729 3381 4952 3438 castro-

3187 3498 3330 3541 rum
3377 3499 3448 3542 ac
3481 3479 3884 3563 planetarum
3929 3480 4174 3562 influant
4215 3483 4337 3544 υἰηι
4363 3481 4840 3564 florentinorum
4870 3485 4952 3548 ad

3184 3593 3596 3650 mercaturam
3643 3594 3696 3650 et
3740 3587 3826 3650 ad
3869 3588 4269 3672 eloquentiam
4300 3611 4373 3653 ac
4397 3593 4622 3674 poesim
4665 3601 4949 3676 repeiere.

3183 3692 3286 3757 Ita
3344 3701 3548 3757 autem
3609 3702 3792 3778 caput
3855 3694 4122 3759 obsolvit.
4169 3694 4450 3782 Jamque
4510 3719 4676 3783 pene
4747 3720 4950 3764 senex

3184 3800 3343 3864 mire
3413 3800 3834 3888 celeriterque
3896 3801 4204 3887 gallicum
4261 3803 4604 3889 perdidicit
4672 3805 4950 3891 idioma,

3181 3916 3380 3996 utque
3427 3910 3681 3996 magnis
3727 3916 3792 3974 et
3823 3910 4245 3975 nobilioribus
4277 3912 4431 3975 viris
4465 3913 4635 3978 illius
4667 3915 4953 3999 regionis

3182 4016 3626 4103 applauderet,
3666 4017 4169 4103 pulcherrimum
4215 4025 4280 4081 et
4326 4019 4551 4083 utilem
4595 4020 4836 4085 librum
4886 4023 4952 4085 in

3181 4124 3518 4189 rethoricis
3563 4123 3765 4188 edidit
3810 4124 4047 4209 gallica
4091 4124 4354 4210 lingua,
4398 4127 4461 4189 in
4510 4148 4637 4213 qua
4691 4150 4950 4193 emnem

3181 4231 3434 4296 dicendi
3480 4239 3684 4296 artem
3732 4231 4232 4316 accuratissime,
4266 4233 4685 4321 ordinateque
4718 4258 4954 4301 secun-

3183 4339 3335 4403 dum
3381 4339 3733 4426 practicam
3764 4339 4107 4423 congessit,
4142 4361 4333 4425 quem
4391 4340 4788 4407 Thesauram
4840 4366 4951 4431 ap-

3180 4447 3469 4534 pellavit.
3504 4446 3684 4534 Opus
3729 4467 3885 4510 sane
3932 4447 4392 4531 gratissimum,
4427 4456 4492 4512 et
4531 4450 4784 4516 urbane
4819 4453 4953 4538 ple-

3183 4576 3335 4619 num
3381 4555 3745 4640 eloquentie
3792 4561 3857 4618 et
3901 4553 4073 4639 qued
4113 4575 4310 4640 penes
4344 4554 4568 4620 Galles
4602 4578 4847 4644 magne
4887 4561 4952 4624 in

3177 4662 3385 4750 pretio
3432 4669 3550 4727 est.

3302 4770 3459 4857 Cap.
3507 4770 3729 4834 XVII.
3776 4768 3877 4834 De
3923 4769 4146 4834 Brune
4193 4770 4411 4837 Casini
4459 4772 4809 4839 rhetorice.

3301 4877 3460 4964 Cap.
3506 4877 3763 4941 XVIII.
3811 4876 4103 4941 Prefatio
4151 4877 4234 4942 ad
4280 4877 4707 4965 Semipeetas.

3302 4988 3612 5075 Superest
3656 4989 4003 5053 admodum
4051 4996 4155 5053 etc.

3300 5096 3457 5183 Cap.
3483 5096 3669 5161 XIX.
3697 5096 3797 5161 De
3828 5096 4209 5161 Henricette
4241 5097 4596 5183 semipoeta
4628 5099 4951 5185 elegiace.

3297 5204 3455 5290 Cap.
3486 5204 3639 5267 XX.
3672 5203 3774 5268 De
3814 5203 4162 5268 Francisce
4209 5203 4288 5268 de
4335 5204 4702 5272 Barbarine
4755 5207 4954 5271 semi-

3298 5318 3386 5375 ta.

3171 5333 3452 5506 PoeCap.
3498 5419 3687 5483 XXI.
3736 5418 3835 5483 De
3882 5418 4221 5484 Bonifacie
4274 5419 4524 5485 Uberte
4582 5423 4954 5509 semipoeta

3171 5527 3366 5591 hilari
3410 5535 3475 5591 et
3521 5527 3778 5591 festive.
4223 5546 4230 5552 ·

3296 5635 3453 5722 Cap.
3496 5634 3719 5699 XXII.
3767 5634 3868 5699 De
3902 5633 4198 5699 Guidene
4232 5635 4623 5701 Cavalcante
4657 5638 4956 5724 philoso-

3168 5744 3298 5831 pho
3346 5751 3411 5807 et
3457 5742 3834 5829 semipoeta.

3294 5851 3452 5938 Cap.
3500 5850 3760 5915 XXIII.
3832 5849 3931 5914 De
4001 5849 4298 5915 Guidene
4367 5851 4633 5916 Bonatti
4700 5854 4956 5918 illustri

3168 5960 3516 6044 astrelege.
4184 6010 4188 6016 .

3292 6066 3450 6152 Cap.
3481 6064 3734 6130 XXIV.
3783 6065 3884 6130 De
3931 6065 4140 6129 Paule
4174 6065 4567 6151 Bagemetro
4599 6075 4958 6153 geometra

3169 6181 3234 6239 et
3281 6173 3627 6258 astrelege.

3295 6281 3451 6367 Cap.
3485 6280 3699 6345 XXV.
3747 6280 3849 6345 De
3895 6280 4221 6367 plerisque
4261 6280 4521 6345 musicis
4550 6282 4955 6364 florentinis,
