5542 7775
1194 584 1227 653 1
1251 584 1342 654 12
2760 614 3036 665 Momm
3050 617 3254 667 ENTA

1181 758 1340 822 libet
1386 760 1792 844 eorumdem,
1842 784 1957 827 seu
2020 764 2362 850 deputatos
2426 767 2508 830 ab
2571 768 2699 850 eis,
2748 770 2852 832 vel
2901 770 3303 856 deputandos
3355 772 3798 858 permitterent
3846 782 4062 839 nostro
4110 786 4174 840 et
4221 778 4512 862 ejusdem
4559 802 4822 847 romane

1174 864 1464 931 Ecclesie
1514 869 1768 933 nomine
1815 871 2017 936 libere
2065 879 2285 937 tenere
2333 881 2398 938 et
2442 875 2770 961 possidere
2819 884 2884 941 et
2929 900 3232 943 exercere
3263 929 3279 961 ,
3324 900 3673 966 eorumque
3718 880 3952 963 libera,
3988 883 4206 968 quieta
4252 891 4317 949 et
4363 887 4632 971 pacifica
4679 910 4824 974 pos·

1175 977 1457 1040 sessione
1506 978 1811 1061 gaudere,
1860 979 2025 1044 sicut
2072 980 2242 1045 idem
2289 982 2628 1068 episcopus
2676 985 2992 1067 ostiensis,
3029 992 3178 1049 ante
3221 993 3474 1072 tempus
3525 988 3834 1052 suscitate
3883 988 4257 1076 irruptionis
4289 1000 4354 1057 et
4387 996 4822 1079 aggressionis

1173 1084 1477 1170 predicte,
1514 1085 1627 1150 illa
1670 1087 1937 1172 pacifice
1986 1095 2051 1152 et
2096 1090 2310 1175 quiete
2357 1091 2716 1176 possedisse
2766 1092 3152 1157 noscebatur
3195 1094 3451 1157 nomine
3499 1093 3792 1178 ejusdem
3838 1117 4103 1160 romane
4153 1097 4462 1183 Ecclesie,
4513 1109 4578 1167 et
4626 1103 4818 1167 etiam

1173 1198 1454 1261 tenuisse
1503 1199 1787 1284 alioquin
1834 1199 2253 1282 Potestatem,
2303 1200 2749 1286 Capitaneum,
2800 1200 3209 1281 Barisellum,
3258 1200 3544 1283 Judices,
3593 1201 4031 1287 consiliarios,
4085 1204 4439 1290 Antianos,
4487 1208 4820 1294 RectoreS,

1174 1305 1486 1372 Consules
1518 1316 1583 1373 et
1615 1309 1919 1374 officiales
1950 1310 2293 1396 predictos,
2321 1330 2723 1395 quocumque
2758 1309 3013 1373 nomine
3045 1314 3480 1389 censerentur,
3511 1308 3993 1393 monitionibus,
4021 1312 4574 1398 requisitionibus,
4602 1317 4821 1381 horta·

1175 1415 1455 1479 tionibus
1496 1424 1561 1481 et
1592 1416 1913 1481 mandatis
1960 1417 2193 1481 nostris
2236 1416 2604 1502 hujusmodi
2640 1439 2765 1480 non
2799 1424 3119 1502 parentes,
3155 1415 3614 1501 cujuscumque
3650 1424 3866 1480 essent
3899 1419 4383 1503 proeminentie,
4419 1423 4823 1508 conditionis,

1174 1530 1287 1586 aut
1330 1530 1556 1605 status,
1590 1524 2008 1589 ecclesiastici
2038 1525 2143 1590 vel
2191 1524 2519 1606 mundani,
2560 1522 3243 1588 excommunicationis
3290 1523 3631 1605 sententia,
3676 1544 3872 1607 quam
3920 1525 3986 1588 in
4035 1547 4145 1589 eos
4194 1526 4274 1590 de
4321 1528 4640 1594 dictorum
4689 1531 4820 1595 fra·

1173 1638 1342 1695 trum
1390 1634 1656 1701 consilio
1703 1656 1786 1699 ex
1833 1642 1986 1699 ωηο
2030 1634 2435 1720 protulimus,
2487 1632 2935 1697 innodavimus
2983 1637 3047 1694 et
3096 1628 3364 1716 proinde
3415 1629 3753 1694 innodatos
3800 1652 3941 1696 esse
3989 1632 4414 1718 decrevimus,
4465 1637 4604 1723 ipso
4649 1637 4819 1704 facto

1172 1761 1247 1804 ac
1294 1741 1348 1804 si
1394 1742 1685 1827 expressi
1732 1742 1943 1807 forent
1989 1743 2054 1806 in
2103 1742 2257 1807 dicti
2300 1763 2638 1828 processus
2687 1740 2890 1804 nostri
2935 1738 3100 1803 serie
3149 1737 3550 1801 nominatim.
3603 1737 3950 1803 Civitatem
3995 1762 4187 1823 ver0,
4237 1744 4644 1827 comitatum,
4693 1752 4822 1811 ter-

1172 1847 1465 1912 ritorium
1510 1856 1575 1914 et
1621 1849 1980 1915 districtum
2024 1850 2335 1936 predicta,
2370 1860 2487 1913 ne'c
2535 1870 2661 1913 non
2711 1846 3220 1925 universitatem,
3257 1865 3371 1907 seu
3422 1844 3875 1909 universitates
3924 1856 3988 1910 et
4029 1850 4392 1914 communia
4423 1853 4816 1937 eorumdem,

1172 1977 1295 2041 que
1358 1958 1497 2040 jam
1557 1957 1743 2021 dictis
1809 1958 2299 2037 monitionibus,
2350 1955 2874 2042 requisitionibus
2922 1960 2987 2017 et
3037 1952 3357 2016 mandatis
3408 1972 3536 2015 non
3584 1960 3924 2038 parerent,
3974 1954 4408 2021 ecclesiastico
4456 1959 4817 2044 interdicte,

1172 2066 1342 2151 quod
1389 2088 1473 2131 ex
1518 2072 1670 2131 tunc
1717 2068 1781 2131 in
1830 2067 1941 2131 illa
2002 2067 2576 2154 promulgavimus,
2618 2065 2756 2151 ipso
2815 2062 2986 2126 facto
3035 2060 3360 2125 voluimus
3427 2060 3799 2144 subjacere,
3849 2062 4021 2148 qnod
4086 2064 4344 2149 quidem
4408 2066 4817 2132 interdictum

1168 2181 1343 2237 arcte
1388 2174 1776 2260 precipimus
1825 2175 2213 2239 conservari.
2262 2174 2366 2239 Ad
2414 2174 2533 2237 hec
2580 2171 2918 2251 Potestati,
2967 2167 3328 2249 Judicibus,
3379 2166 3755 2253 Capitaneo,
3805 2168 4150 2253 Barisello,
4202 2171 4627 2258 Consiliarijs,
4678 2176 4814 2239 An·

1165 2280 1394 2357 tianiS,
1443 2281 1862 2364 Rectoribus,
1914 2281 2300 2347 Consulibus
2345 2288 2410 2345 et
2457 2278 2837 2344 officialibus
2899 2298 2974 2340 ac
3037 2275 3441 2340 universitati
3489 2296 3603 2338 seu
3660 2275 4190 2342 universitatibus
4249 2286 4314 2343 et
4361 2283 4808 2347 communibus

1166 2388 1551 2474 supradictis
1582 2389 1791 2454 edicto
1824 2389 2081 2476 publico
2116 2388 2581 2469 nunciavimus,
2616 2385 2786 2472 quod
2821 2385 2876 2449 si
2907 2382 3209 2470 predictis
3245 2381 3725 2464 monitionibus,
3759 2383 4304 2469 requisitionibus,
4339 2387 4812 2455 hortationibus

1164 2502 1230 2559 et
1276 2496 1596 2561 mandatis
1642 2497 1813 2561 infra
1857 2497 2217 2583 predictum
2261 2497 2543 2582 spatium
2587 2494 2862 2558 duorum
2909 2491 3226 2555 mensium
3273 2510 3401 2552 non
3449 2498 3795 2575 parerent,
3845 2498 3910 2554 et
3953 2491 4035 2556 ob
4080 2493 4201 2557 hoc
4250 2515 4360 2557 eos
4408 2517 4609 2580 penas
4657 2518 4808 2562 con-

1162 2603 1399 2687 tigeret
1444 2604 1770 2669 incurrere
1817 2604 2241 2691 supradictas,
2276 2603 2397 2667 nisi
2447 2602 2615 2667 infra
2660 2623 2861 2665 unum
2909 2619 3193 2663 mensem
3243 2595 3565 2681 predictos
3613 2595 3774 2661 duos
3823 2619 4076 2662 menses
4125 2600 4492 2666 immediate
4534 2625 4805 2688 sequen·

1161 2719 1312 2793 tem,
1362 2714 1530 2798 quod
1576 2714 1835 2800 quidem
1878 2720 2132 2798 tempus
2182 2714 2274 2777 eis
2322 2735 2438 2798 pro
2486 2710 2768 2776 secundo
2819 2707 3093 2772 termino
3143 2705 3583 2792 peremptorio
3630 2706 4126 2790 assignavimus,
4177 2710 4655 2793 monitionibus,
4707 2735 4810 2776 re·

1160 2819 1632 2905 quisitionibus,
1663 2821 2136 2885 hortationibus
2183 2827 2247 2884 et
2292 2818 2611 2884 mandatis
2642 2816 2947 2903 predictis
2981 2819 3303 2900 parerent,
3340 2811 3670 2875 civitatem
3704 2833 3779 2876 ac
3814 2814 4301 2879 universitatem
4331 2817 4793 2883 bononiensem

1158 2926 1445 3013 prefatas
1494 2927 1720 2993 Studio
1767 2928 2078 3014 generali,
2114 2928 2535 3012 omnibusque
2582 2923 2960 3011 privilegiiS,
2998 2919 3420 3005 indulgentijs
3470 2926 3534 2982 et
3568 2920 3797 3003 gratijs
3831 2921 4200 3006 apostolicis
4232 2931 4296 2987 et
4329 2924 4793 3011 imperialibus,

1157 3034 1264 3098 vel
1297 3035 1379 3098 ab
1416 3034 1563 3118 alijs
1610 3035 2117 3120 quibuscumque
2167 3033 2484 3098 concessis
2532 3032 2775 3097 eisdem
2821 3029 2940 3094 sub
2989 3047 3392 3113 quacumque
3443 3026 3650 3089 forma
3685 3026 4032 3091 verborum
4062 3050 4179 3114 pro
4214 3030 4517 3115 predictis
4554 3032 4802 3116 Studio,

1159 3141 1514 3227 apostolica
1560 3143 1973 3222 auctoritate,
2020 3141 2437 3228 privavimus.
2487 3139 2803 3204 Omnibus
2850 3137 3113 3221 insuper
3161 3133 3487 3217 magistris
3536 3140 3600 3197 et
3655 3133 4024 3198 doctoribus
4087 3158 4170 3200 ex
4231 3146 4383 3201 ωηο
4430 3140 4688 3223 legendi
4737 3152 4801 3204 et

1158 3249 1431 3314 docendi
1477 3249 1544 3313 in
1590 3249 1825 3315 scholis
1869 3249 1974 3314 vel
2020 3248 2427 3333 magistrales
2476 3254 2657 3312 actus
2707 3247 2769 3310 in
2820 3246 2989 3310 dicto
3039 3241 3265 3307 Studio
3316 3240 3798 3325 quomodolibet
3851 3244 4217 3326 exercendi,
4265 3266 4383 3310 nec
4431 3268 4561 3311 non
4608 3249 4804 3313 scho-

1159 3356 1403 3421 laribus
1450 3365 1514 3422 et
1560 3357 1965 3422 studentibus
2010 3357 2077 3421 in
2124 3357 2294 3421 dicto
2343 3356 2569 3420 Studio
2616 3354 2871 3420 scholas
2919 3349 3231 3430 intrandi,
3281 3348 3384 3412 vel
3442 3347 3694 3434 aliquos
3742 3358 3922 3414 actus
3971 3351 4388 3417 scholasticos
4437 3354 4501 3417 in
4547 3355 4791 3421 eisdem

1155 3465 1413 3545 scholis,
1459 3466 1565 3529 vel
1608 3465 1766 3530 locis
1814 3465 1961 3549 alijs
2011 3464 2354 3529 exercendi
2399 3461 2787 3548 disputando
2833 3459 2938 3524 vel
2988 3457 3285 3544 legendo,
3321 3456 3423 3519 vel
3472 3456 3600 3520 alio
3649 3457 3876 3542 quovis
3925 3458 4134 3541 mod0,
4186 3460 4307 3524 sub
4354 3465 4792 3527 excommuni-

1156 3571 1426 3637 cationis
1472 3594 1662 3657 pena,
1710 3593 1904 3658 quam
1950 3593 2034 3636 ex
2079 3578 2231 3635 tunc
2276 3571 2342 3634 in
2392 3570 2562 3657 ipsos
2608 3570 2894 3650 tulimus,
2942 3576 3007 3631 et
3053 3587 3163 3630 eos
3212 3565 3265 3628 si
3313 3585 3497 3630 secus
3548 3564 3856 3647 facerent,
3906 3566 4232 3632 incurrere
4281 3569 4600 3634 voluimus
4648 3572 4794 3657 ipso

1154 3676 1325 3744 facto
1374 3680 1756 3744 auctoritate
1800 3680 2091 3765 predicta
2136 3679 2491 3765 quamlibet
2539 3677 2987 3741 interdiximus
3036 3674 3434 3755 facultatem,
3471 3673 3554 3737 ad
3594 3694 3795 3758 penas
3844 3674 4007 3738 alias
4055 3683 4279 3740 contra
4323 3699 4439 3741 eos
4487 3678 4792 3743 infallibi-

1152 3786 1300 3850 liter
1331 3787 1712 3872 processuri,
1746 3788 1801 3851 si
1832 3786 2074 3851 forsam
2106 3786 2542 3851 inobedientia
2573 3791 2868 3871 posceret
2898 3781 3290 3847 eorumdem.
3323 3781 3644 3845 Potestati
3675 3802 3849 3864 vere,
3884 3781 4260 3869 Capitaneo,
4294 3784 4635 3868 Barisello,
4669 3787 4786 3852 Ju-

1151 3895 1418 3978 dicibus,
1453 3894 1877 3980 Consiliarij8,
1910 3894 2232 3976 AntianiS,
2266 3894 2652 3959 Rectoribus
2685 3900 2749 3958 et
2782 3891 3161 3957 officialibus
3194 3889 3583 3970 memoratis,
3618 3910 4021 3976 quocumque
4055 3893 4311 3957 nomine
4345 3902 4781 3978 censerentur,

1152 4002 1271 4066 sub
1317 4024 1485 4088 pena
1529 4003 1911 4089 privationis
1958 4002 2315 4082 feudorum,
2350 4003 2665 4067 bonorum
2713 4008 2778 4065 et
2818 3999 3064 4084 jurium
3111 3997 3414 4078 omnium,
3449 4017 3573 4082 que
3621 3997 3703 4061 ab
3751 3997 3979 4062 eadem
4025 4020 4293 4064 romana
4326 4002 4428 4065 vel
4462 4001 4610 4087 alijs
4643 4004 4783 4088 qui·

1149 4109 1546 4195 buscumque
1592 4110 1902 4174 tenebant
1945 4109 2278 4193 Ecclesijs,
2312 4131 2431 4173 nec
2478 4130 2604 4173 non
2650 4107 3159 4195 privilegiorum,
3194 4102 3743 4188 indulgentiarum
3782 4111 3848 4168 et
3878 4106 4235 4190 gratiarum
4267 4110 4408 4192 ejus
4441 4110 4524 4174 ab
4558 4110 4783 4174 eadem

1153 4215 1319 4281 Sede
1366 4218 1485 4281 sub
1534 4217 1761 4302 quavis
1806 4217 2014 4282 forma
2061 4238 2530 4299 concessorum,
2564 4238 2757 4302 quam
2805 4237 2916 4280 eos
2960 4221 3025 4278 et
3071 4234 3294 4277 eorum
3340 4211 3711 4296 quemlibet,
3746 4213 3800 4275 si
3849 4214 4188 4298 mandatiS,
4226 4217 4686 4281 monitionibus
4721 4227 4787 4282 et

1147 4324 1672 4410 requisitionibus
1720 4324 2088 4410 hujusmodi
2134 4346 2363 4410 parere
2412 4328 2913 4404 contemnerent,
2949 4322 3273 4385 incurrere
3320 4318 3641 4383 voluimus
3675 4319 3814 4404 ipso
3847 4319 4042 4403 facto,
4076 4324 4462 4388 auctoritate
4497 4325 4791 4410 predicta

1146 4431 1615 4513 mandavimus,
1662 4432 2025 4495 monuimus
2073 4438 2138 4495 et
2183 4431 2634 4517 requisivimus
2678 4430 2959 4511 eosdem,
3001 4436 3073 4492 ut
3119 4425 3287 4490 infra
3331 4425 3693 4512 predictum
3739 4427 4082 4492 terminum
4130 4429 4405 4494 duorum
4449 4433 4785 4515 mensium,

1149 4558 1340 4623 quem
1386 4539 1478 4602 eis
1522 4560 1640 4625 pro
1688 4538 2117 4624 peremptorio
2166 4540 2658 4624 assignavimus,
2709 4538 2925 4602 omnia
2971 4541 3036 4600 et
3081 4533 3338 4618 singula
3385 4533 3674 4619 predicta
3720 4534 3957 4616 officia,
4009 4557 4131 4620 que
4181 4539 4628 4622 communiter,
4679 4540 4784 4603 vel

1145 4644 1400 4708 divisim
1447 4646 1513 4709 in
1557 4645 1811 4731 prefata
1858 4646 2137 4728 civitate,
2172 4668 2285 4710 seu
2335 4646 2792 4711 communitate
2839 4652 2991 4709 tunc
3037 4641 3352 4728 gerebant
3398 4649 3463 4705 et
3509 4642 3707 4705 etiam
3753 4643 4145 4708 exercebant
4194 4665 4233 4707 a
4280 4667 4349 4709 se
4398 4646 4554 4731 ipsis
4604 4647 4787 4711 abdi-

1141 4759 1350 4835 caret,
1401 4752 1756 4837 abjicerent
1823 4761 1887 4817 et
1949 4753 2394 4834 dimetterent,
2458 4753 2571 4817 illa
2628 4753 2955 4817 ullatenus
3018 4750 3407 4836 resumpturi
3467 4750 3571 4812 vel
3630 4750 3876 4834 gesturi
3937 4772 4052 4814 seu
4115 4752 4465 4816 exercitari
4534 4754 4778 4841 absque

1152 4859 1443 4944 ejusdcm
1493 4859 1677 4924 Sedis
1723 4860 1985 4925 licentia
2030 4860 2314 4947 speciali.
2362 4862 2713 4925 Processus
2759 4857 3049 4945 quoque,
3099 4879 3258 4943 quos
3319 4878 3435 4943 per
3494 4878 3604 4921 eos
3667 4864 3890 4921 contra
3937 4859 4322 4923 monitiones
4369 4868 4434 4924 et
4480 4861 4786 4926 mandata

1148 4965 1555 5051 hujusmodi,
1604 4974 1669 5031 et
1716 4968 2088 5050 sententias,
2131 4989 2290 5053 quas
2336 4990 2454 5055 per
2499 4968 2671 5055 ipsos
2726 4967 3002 5054 proferri
3064 4966 3484 5050 contingeret,
3533 4963 3779 5027 nullam
3824 4966 4080 5051 penitus
4128 4966 4417 5032 obtinere
4465 4969 4786 5034 voluimus

1147 5072 1537 5157 firmitatem,
1584 5073 1697 5138 sed
1744 5096 1855 5138 eos
1903 5081 1967 5139 et
2014 5096 2124 5139 eas
2172 5075 2310 5139 fore
2356 5075 2757 5140 decrevimus
2804 5095 3064 5156 vacuos,
3114 5093 3350 5155 cassos,
3393 5073 3605 5137 irritos
3653 5079 3718 5136 et
3764 5072 4008 5137 inanes.
4056 5074 4416 5139 Premissas
4464 5097 4619 5140 vero
4667 5099 4780 5141 ex·

1148 5181 1742 5246 communicationis
1788 5182 2175 5264 sententias,
2223 5183 2278 5245 si
2323 5183 2499 5269 ipsos
2556 5183 2882 5247 incurrere
2944 5203 3056 5245 eas
3123 5180 3559 5266 contingeret,
3609 5180 3853 5266 absque
3917 5180 4209 5265 ejusdem
4271 5182 4456 5246 Sedis
4517 5185 4783 5270 speciali

1145 5288 1486 5371 mandat0,
1535 5289 1658 5352 nisi
1704 5288 1870 5353 forte
1918 5290 1985 5353 in
2032 5289 2254 5353 mortis
2302 5291 2609 5372 articuIO,
2658 5290 2942 5354 relaxari
3001 5288 3350 5352 districtius
3415 5287 3880 5374 prohibuimus.
3931 5287 4246 5353 Omnibus
4307 5291 4782 5376 penitentiarijs

1146 5395 1381 5459 nostris
1428 5403 1492 5459 et
1539 5396 1685 5481 alijs
1735 5396 2127 5482 quibuslibet
2175 5397 2647 5461 confessoribus
2695 5396 3075 5462 absolvendi
3120 5395 3486 5481 quempiam
3534 5394 3616 5458 ab
3664 5395 3907 5459 eisdem
3953 5397 4311 5481 sententijs,
4349 5397 4470 5461 nisi
4515 5399 4681 5463 forte
4720 5399 4784 5462 in

1144 5503 1367 5566 mortis
1415 5502 1709 5585 articulo,
1742 5510 1814 5567 ut
1859 5510 1957 5567 est
2002 5503 2263 5584 dictum,
2299 5526 2553 5568 omnem
2597 5526 2861 5591 prorsus
2908 5503 3264 5567 ademimus
3307 5509 3713 5588 potestatem.
3750 5503 3877 5576 Qui
3924 5524 4077 5567 vero
4125 5504 4191 5567 in
4238 5505 4461 5568 mortis
4509 5506 4781 5570 articulo

1144 5608 1565 5673 absolutionis
1611 5610 1994 5674 beneficium
2042 5611 2425 5692 obtinerent,
2475 5612 2595 5676 nisi
2643 5611 2813 5676 infra
2858 5611 3019 5675 duos
3069 5631 3318 5674 menses
3372 5617 3715 5696 postquam
3775 5611 4038 5674 sanitati
4102 5610 4313 5675 forent
4377 5613 4658 5677 restituti
4711 5635 4780 5678 se

1142 5723 1444 5780 curarent
1491 5717 1844 5802 apostolico
1891 5719 2260 5803 conspectui
2307 5727 2702 5804 presentare,
2750 5719 3145 5784 satisfacturi
3191 5718 3270 5782 de
3317 5718 3448 5781 suis
3494 5717 3897 5799 excessibus,
3939 5739 4056 5804 pro
4104 5719 4335 5804 quibus
4381 5718 4586 5784 dictas
4633 5742 4780 5785 sen-

1138 5824 1374 5887 tentias
1422 5824 1865 5908 incurrerunt,
1913 5832 1978 5889 et
2028 5825 2212 5889 Sedis
2260 5826 2549 5909 ejusdem
2597 5827 3018 5913 beneplacitis
3066 5825 3370 5912 parituri,
3421 5847 3497 5890 eo
3545 5825 3684 5911 ipso
3745 5825 4113 5889 relaberent
4159 5826 4225 5889 in
4271 5828 4624 5891 sententias
4673 5849 4779 5892 su-

1139 5930 1484 6016 pradictas.
1522 5931 1621 5995 Ac
1668 5931 2083 5996 nihilominus
2121 5932 2397 5996 sollicita
2444 5941 2593 5997 tunc
2642 5933 3153 5998 consideratione
3201 5942 3566 6020 pensantes,
3609 5933 3780 6019 quod
3828 5934 3882 5997 si
3931 5955 4125 6019 snper
4170 5933 4355 5998 dictis
4404 5936 4777 6001 excessibus

1138 6037 1448 6102 adversus
1495 6038 1756 6103 eosdem
1802 6039 2173 6125 episcopum
2222 6040 2586 6123 ostensiem,
2618 6040 2962 6126 Legatum,
2996 6046 3062 6104 et
3108 6061 3441 6105 romanam
3485 6041 3845 6106 Ecclesiam
3890 6062 4008 6127 per
4038 6040 4480 6105 Bononienses
4515 6042 4776 6107 eosdem

1138 6144 1629 6211 detestabilibus
1678 6146 1940 6210 ausibus
1989 6148 2375 6232 perpetratis
2424 6148 2773 6233 apostolice
2812 6147 3223 6212 correctionis
3255 6149 3413 6212 ultio
3447 6149 3715 6213 ulterius
3749 6148 4135 6231 differretur,
4170 6156 4489 6213 cresceret
4522 6150 4589 6213 in
4622 6151 4770 6235 alijs

1137 6252 1447 6317 adversus
1494 6253 1790 6317 eamdem
1836 6253 2175 6317 ecclesiam
2223 6253 2610 6317 damnabilis
2656 6255 3154 6340 presumptionis
3200 6254 3473 6318 audacia
3519 6276 3634 6341 per
3677 6256 4076 6342 impunitatis
4109 6248 4776 6344 exemplum'propter

1134 6360 1509 6424 eorumdem
1553 6359 2061 6424 Bononiensium
2108 6361 2528 6424 rebellionem
2575 6368 2639 6424 et
2685 6361 3015 6444 sevitiam,
3063 6362 3544 6448 infrascriptum
3591 6362 3850 6427 modum
3900 6370 4051 6428 tunc
4099 6363 4339 6428 citandi
4386 6363 4645 6428 eosdem
4694 6366 4775 6429 de

1132 6467 1419 6553 ipsorum
1465 6466 1739 6530 fratrum
1788 6466 2055 6530 consilio
2112 6467 2426 6552 eligentes
2488 6489 2605 6553 per
2663 6467 2923 6531 eosdem
2975 6489 3313 6554 processus
3376 6469 3668 6554 publicos
3729 6470 3795 6533 in
3857 6470 4110 6556 scriptis
4174 6470 4429 6535 habitos
4491 6470 4773 6536 edictum
