5542 7775
1293 585 1446 654 236
2872 603 3350 653 monuimus-A

1463 757 1630 822 Item
1683 758 2111 844 relinquimus
2163 765 2228 822 et
2274 758 2713 822 condonamus
2759 757 3100 822 Fratribus
3146 757 3225 821 de
3272 757 3602 822 Barbiano
3648 758 3915 843 triginta
3962 758 4161 821 libras
4206 758 4690 823 bononenorum
4733 758 4812 821 de
4850 780 4925 822 60

1285 866 1456 952 quod
1504 865 1691 930 nobis
1742 865 2075 929 annuatim
2127 865 2395 929 reddere
2442 870 2763 947 tenentur,
2798 865 2963 930 sicut
3004 871 3183 950 patet
3231 885 3346 950 per
3393 872 3637 929 cartam
3695 864 3997 951 scriptam
4048 886 4242 929 manu
4288 865 4675 951 Heuregipti
4722 865 4927 929 Petri·

1283 973 1407 1037 zoli
1456 972 1535 1036 de
1583 971 1904 1035 Vandolis
1954 972 2210 1053 notarii,
2262 972 2498 1035 factam
2548 972 2669 1035 sub
2735 992 2906 1035 anno
2974 971 3236 1036 Domini
3300 972 3639 1036 millesimo
3706 971 4143 1035 ducentesimo
4200 972 4584 1056 nonageimo
4629 972 4926 1053 secund0,

1285 1080 1635 1144 indictione
1684 1078 1930 1164 quinta,
1980 1078 2083 1142 die
2133 1087 2361 1142 octavo
2408 1078 2810 1164 septembris,

1459 1185 1627 1250 Item
1678 1185 2101 1271 relinquimus
2150 1192 2214 1250 et
2261 1185 2699 1251 condonamus
2748 1184 3093 1250 Sororibus
3142 1186 3221 1250 de
3267 1185 3712 1250 Misericordia
3759 1186 3957 1250 libras
4006 1187 4275 1272 triginta
4321 1186 4803 1251 bononenorum
4851 1185 4928 1249 de

1279 1315 1358 1359 ea
1406 1314 1678 1376 summa,
1716 1314 1910 1378 quam
1961 1293 2116 1359 dare
2165 1292 2349 1358 nobis
2397 1300 2698 1357 tenentur
2745 1293 3079 1356 annuatim
3129 1316 3246 1379 per
3280 1301 3527 1357 cartam
3561 1293 3865 1380 scriptam
3898 1316 4093 1359 manu
4125 1294 4445 1359 «Iohannis
4475 1292 4929 1357 Bonaventure

1280 1401 1359 1465 116
1407 1400 1626 1465 Armis
1677 1400 1932 1482 notarii,
1967 1399 2208 1464 factam
2255 1400 2376 1463 sub
2424 1422 2593 1464 anno
2640 1399 2905 1463 Domini
2954 1401 3298 1465 millesimo
3348 1401 3786 1465 ducentesimo
3835 1403 4252 1486 nonagesimo
4301 1408 4552 1487 quarto,
4586 1400 4929 1464 indictione

1281 1509 1576 1595 septima,
1625 1507 1729 1572 die
1777 1514 1964 1571 sexto
2015 1506 2252 1571 mensis
2300 1507 2683 1593 septembris
2733 1556 3220 1573 ........

1459 1616 1533 1680 16
1586 1614 1884 1679 omnibus
1932 1621 2150 1678 autem
2197 1614 2342 1678 aliis
2392 1615 2577 1679 bonis
2625 1616 2861 1679 nostris
2909 1616 3258 1680 mobilibus
3307 1622 3371 1680 et
3406 1615 3859 1697 immobilibus,
3887 1614 4144 1699 juribus
4174 1623 4240 1679 et
4274 1615 4633 1680 actionibus
4667 1614 4931 1678 utilibus

1281 1729 1346 1787 61
1392 1722 1672 1805 directis,
1705 1721 1991 1785 realibus
2037 1728 2102 1785 et
2145 1721 2616 1807 personalibus,
2651 1731 2907 1787 nostros
2943 1722 3216 1787 heredes
3249 1723 3661 1805 instituimus,
3694 1728 3759 1786 et
3785 1723 3932 1806 jure
3965 1723 4384 1787 institutionis
4415 1721 4833 1807 relinquimus
4864 1729 4930 1784 et

1281 1852 1423 1895 esse
1470 1830 1768 1893 volumus
1816 1829 2158 1914 equalibus
2205 1829 2630 1914 portionibus,
2667 1837 3056 1893 conventum
3098 1830 3401 1893 Fratrum
3448 1829 3933 1894 Predicatorum
3982 1829 4062 1893 de
4107 1829 4403 1894 Bononia
4449 1836 4514 1893 et
4544 1836 4931 1893 conventum

1285 1938 1587 2001 Fratrum
1634 1936 2126 2000 Predicatorum
2173 1936 2252 1999 de
2299 1936 2501 2019 Luca,
2543 1943 2608 2000 et
2656 1937 3015 2023 predictam
3065 1936 3425 2001 Ecclesiam
3474 1936 3901 2019 cerviensem3
3949 1937 4244 2001 volumus
4291 1944 4506 2000 autem
4553 1943 4618 2000 et
4664 1935 4929 1999 manda-

1281 2066 1424 2109 mus
1489 2044 1660 2130 quod
1722 2052 2078 2108 conventus
2143 2043 2449 2107 Fratrum
2511 2044 3003 2108 Predicatorum
3068 2044 3148 2107 de
3216 2044 3513 2109 Bononia
3577 2044 3863 2109 edificari
3908 2043 4096 2108 fatiat
4142 2052 4207 2108 et
4254 2043 4558 2130 compleri
4606 2043 4931 2129 quamcito

1280 2158 1494 2238 potest
1525 2150 1791 2215 comode
1825 2150 1984 2232 fieri,
2021 2171 2182 2236 opus
2216 2158 2280 2214 et
2313 2151 2706 2215 testudinem
2737 2172 2855 2236 per
2908 2172 3024 2214 nos
3073 2152 3395 2237 inceptam
3441 2173 3635 2237 super
3680 2152 4131 2237 presbiterium
4174 2151 4439 2235 majoris
4470 2151 4693 2215 altaris
4725 2149 4931 2213 sancti

1283 2258 1605 2343 Nicholay
1652 2279 1767 2343 per
1814 2278 2077 2320 manum
2126 2256 2345 2321 fratris
2391 2257 2795 2343 Marchysini
2841 2258 2920 2321 de
2968 2257 3380 2344 Principibus
3427 2266 3491 2322 et
3537 2258 3755 2322 fratris
3802 2258 4313 2322 Branchaleonis
4358 2257 4438 2321 116
4491 2256 4804 2321 Rodaldis
4849 2255 4933 2320 de

1281 2364 1579 2430 Bononia
1626 2373 1690 2428 et
1739 2364 1957 2428 fratris
2010 2363 2326 2449 Stephani
2375 2365 2524 2449 sotij
2574 2364 2809 2446 nostri,
2860 2364 3094 2449 quibus
3142 2365 3261 2429 hoc
3309 2366 3672 2452 spetialiter
3719 2387 3879 2452 opus
3927 2364 4294 2429 faciendum
4349 2371 4413 2428 61
4472 2362 4935 2450 perficiendum

1283 2473 1692 2553 comittimus,
1727 2480 1791 2536 et
1825 2472 1904 2535 ad
1942 2472 2394 2558 complendum
2443 2471 2686 2537 dictum
2734 2494 2895 2558 opus
2942 2473 3313 2559 expendant
3362 2473 3649 2538 redditus
3696 2473 3951 2559 poderis
3993 2472 4072 2536 de
4104 2472 4400 2553 Frasino,
4434 2471 4604 2557 quod
4637 2471 4936 2557 superius

1283 2579 1680 2645 restituimus
1731 2579 2073 2644 Sororibus
2121 2586 2343 2643 sancte
2393 2580 2669 2664 Agnetis
2716 2601 2834 2666 pro
2882 2601 2953 2644 se
3002 2588 3066 2644 et
3112 2580 3450 2645 Fratribus
3482 2581 4026 2661 Predicatoribus,
4059 2586 4124 2644 et
4156 2579 4354 2643 nichil
4388 2579 4748 2665 precipiant
4777 2577 4937 2641 dicti

1283 2695 1639 2753 conventus
1686 2686 1988 2750 Fratrum
2036 2694 2101 2750 et
2149 2686 2457 2751 Sororum
2490 2686 2569 2750 de
2605 2686 2971 2751 redditibus
3003 2688 3204 2774 ipsius
3236 2687 3493 2773 poderis
3525 2687 3605 2751 de
3638 2687 3944 2752 Frassino
3990 2687 4193 2751 donec
4241 2686 4481 2751 dictum
4529 2707 4691 2772 opus
4736 2685 4935 2749 fuerit

1282 2795 1662 2882 perfectum,
1696 2793 1810 2857 sed
1858 2794 2195 2880 perveniat
2237 2795 2317 2858 ad
2355 2816 2581 2858 manus
2614 2794 2932 2859 dictorum
2983 2795 3256 2859 fratrum
3306 2795 3814 2860 Branchaleonis
3861 2802 3926 2860 et
3973 2794 4350 2859 Marchisini
4396 2801 4463 2858 et
4506 2792 4817 2880 Stephani
4870 2795 4935 2857 in

1281 2902 1453 2966 dicto
1500 2922 1695 2986 opere
1744 2901 2154 2987 expendendi
2204 2949 2690 2966 ........

1458 3006 1703 3070 Β616111
1753 3014 1818 3071 61
1865 3014 2080 3071 actum
2130 3007 2421 3071 Bononie
2469 3008 2534 3071 in
2584 3008 2808 3093 Burgo
2857 3008 3064 3073 Richo
3113 3008 3179 3072 in
3235 3008 3425 3072 domo
3489 3016 3708 3073 nostra
3771 3009 3835 3073 in
3900 3030 4161 3073 camara
4220 3015 4479 3091 nostra,
4525 3006 4937 3094 presentibus

1280 3113 1553 3178 testibus
1603 3113 1850 3179 vocatis
1898 3123 1962 3177 61
2011 3115 2258 3200 rogatis
2308 3115 2680 3180 venerabile
2729 3123 2913 3202 patre
2962 3115 3221 3180 domino
3269 3115 3470 3180 fratre
3517 3115 3864 3181 Francisco
3912 3115 4174 3180 Ordinis
4220 3115 4740 3196 Predicatorum,
4787 3134 4939 3199 per-

1283 3221 1586 3286 missione
1651 3222 1870 3286 divina
1918 3222 2374 3287 salumbriensi
2420 3224 2744 3310 episcop0,
2796 3223 2997 3289 fratre
3048 3223 3397 3310 Symmone
3445 3224 3525 3288 de
3572 3225 3810 3288 Fracta
3862 3225 3983 3289 sub
4029 3225 4243 3311 priore
4307 3223 4569 3289 Ordinis
4628 3222 4939 3287 Fratrum

1279 3327 1771 3394 Predicatorum
1821 3329 1900 3393 de
1950 3329 2281 3412 Bononia,
2333 3329 2533 3393 fratre
2583 3330 2816 3417 Ugone
2863 3331 3079 3417 priore
3126 3330 3430 3395 Fratrum
3479 3337 3834 3396 conventus
3879 3332 4087 3395 sancti
4130 3330 4411 3395 Romani
4458 3330 4537 3394 de
4582 3329 4764 3393 Luca
4809 3328 4938 3393 Or-

1289 3434 1455 3499 dinis
1517 3436 1821 3501 Fratrum
1882 3436 2409 3519 Predicatorum,
2460 3437 2719 3503 domino
2786 3438 3051 3525 dompre
3079 3439 3158 3503 (¹)
3193 3439 3462 3504 Cambio
3527 3439 3884 3525 presbitero
3947 3444 4012 3502 et
4072 3444 4320 3502 rectore
4381 3437 4651 3502 ecclesie
4717 3443 4943 3499 sancte

1285 3540 1492 3607 Marie
1539 3543 1618 3608 de
1669 3543 2072 3626 Muradellis,
2122 3545 2507 3630 cappellano
2555 3545 2825 3609 ecclesie
2872 3545 3026 3611 dicti
3076 3546 3424 3629 testatoris,
3472 3546 3583 3632 qui
3628 3545 3905 3610 asseruit
3951 3565 4339 3631 cognoscere
4386 3544 4627 3608 dictum
4674 3550 4943 3607 testato-

1287 3670 1443 3733 rem,
1495 3651 1696 3715 fratre
1748 3649 2082 3736 Stephano
2129 3651 2210 3716 de
2257 3651 2578 3734 Bononia,
2612 3651 2815 3716 fratre
2848 3652 3344 3717 Branchaleone
3377 3653 3455 3716 116
3487 3652 3823 3735 Βο11611116,
3857 3651 4057 3717 fratre
4088 3651 4475 3737 Albergipto
4508 3651 4588 3715 de
4620 3650 4943 3732 Bononia,

1286 3756 1488 3823 fratre
1537 3758 1829 3823 Gerardo
1878 3758 1958 3822 de
2009 3758 2270 3841 Tuscis,
2321 3759 2525 3824 fratre
2575 3760 2874 3824 Galvano
2921 3760 3001 3823 116
3048 3759 3316 3841 Β61110,
3367 3759 3569 3824 fratre
3615 3759 4004 3824 Pinamonte
4051 3759 4291 3824 domini
4358 3758 4641 3823 Gandini
4697 3756 4943 3822 domini

1285 3866 1516 3933 Jacobi
1566 3867 1839 3932 Guarini
1881 3866 2140 3952 judicis,
2175 3867 2472 3933 omnibus
2521 3866 2784 3932 Ordinis
2831 3867 3135 3933 Fratrum
3184 3867 3673 3932 Predicatorum
3721 3867 3801 3932 de
3848 3867 4166 3950 Bononia,
4201 3866 4402 3932 fratre
4451 3864 4807 3932 Thederico
4860 3865 4940 3930 de

1284 3974 1603 4056 Bononia,
1644 3975 2041 4060 presbiteris,
2090 3975 2198 4061 qui
2248 3996 2470 4039 omues
2518 3975 2823 4039 dixerunt
2868 3982 2933 4038 et
2980 3982 3397 4039 asseruerunt
3443 3996 3512 4039 66
3560 3995 3949 4061 cognoscere
4000 3974 4242 4039 dictum
4288 3981 4686 4057 testatorem,
4734 3974 4940 4037 fratre

1285 4082 1540 4147 Jacobo
1581 4082 1660 4146 de
1707 4082 1889 4146 Luca
1935 4081 2138 4147 fratre
2186 4090 2253 4146 et
2298 4103 2611 4147 converso
2657 4089 3012 4146 conventus
3061 4083 3269 4147 sancti
3314 4082 3594 4147 Romani
3639 4081 3719 4147 de
3766 4082 3947 4147 Luca
3987 4082 4249 4147 Ordinis
4294 4082 4596 4147 Fratrum
4628 4080 4940 4146 Predica-

1286 4197 1531 4272 torum,
1582 4188 1841 4253 domino
1906 4191 2217 4274 magistro
2285 4189 2679 4253 Francischo
2735 4189 3062 4275 quondam
3112 4189 3354 4254 domini
3400 4190 3696 4276 magistri
3742 4190 3992 4276 Ugonis
4039 4190 4119 4254 de
4167 4190 4382 4270 Luca,
4430 4189 4700 4272 medico,
4750 4187 4939 4252 Guil-

1287 4297 1525 4378 lielmo,
1570 4297 1678 4381 qui
1726 4296 1960 4360 dicitur
2006 4295 2268 4378 Lemus,
2303 4296 2630 4382 quondam
2676 4295 2917 4360 domini
2968 4296 3283 4361 Sornachi
3330 4297 3409 4361 de
3457 4298 3635 4362 Arcu
3682 4296 3763 4361 de
3810 4297 4010 4380 Luca,
4065 4297 4323 4361 domino
4365 4296 4561 4361 Putio
4609 4295 4939 4382 quondam

1286 4404 1527 4469 domini
1574 4404 1842 4490 Ugolini
1889 4404 2343 4489 Borgognonis
2392 4404 2471 4469 de
2520 4404 2735 4486 Luca,
2787 4404 3196 4468 Bartonzone
3242 4404 3567 4490 quondam
3611 4404 3996 4489 Bonacursij
4045 4405 4124 4469 de
4183 4411 4405 4469 sancto
4462 4403 4771 4490 Lupidio,
4822 4403 4937 4468 do·

1286 4512 1459 4576 mino
1506 4511 1793 4575 Durazio
1842 4511 2166 4597 quondam
2215 4511 2459 4576 domini
2505 4510 2778 4576 Henrici
2824 4511 3085 4595 Duratij
3134 4510 3214 4575 de
3263 4511 3464 4594 Luca,
3497 4511 3806 4595 Antonio,
3855 4511 4181 4597 quondam
4224 4511 4524 4597 magistri
4566 4510 4938 4591 Bolondini,

1287 4618 1589 4705 speciali,
1637 4617 1850 4682 Betho
1917 4617 2233 4682 Sornachi
2281 4618 2361 4682 de
2408 4617 2623 4701 Luca,
2673 4618 2783 4704 qui
2833 4639 3056 4682 omnes
3104 4626 3521 4683 asseruerunt
3566 4640 3635 4683 se
3681 4640 4069 4705 cognoscere
4117 4619 4358 4683 dictum
4404 4618 4733 4683 dominum
4776 4616 4937 4704 Epi-

1287 4747 1554 4811 scopum
1599 4732 1995 4788 testatorem.

1467 4832 1582 4913 (L.
1618 4832 1662 4911 †
1699 4830 1794 4912 S.)
1841 4830 1986 4916 Ego
2038 4831 2080 4896 J
2087 4830 2374 4896 ohannes
2417 4830 2724 4896 Damiani
2759 4833 3017 4914 notarii,
3055 4833 3373 4918 imperiali
3405 4833 3788 4898 auctoritate
3821 4833 4130 4916 notarius,
4164 4831 4289 4896 hiis
4320 4832 4616 4896 omnibus
4648 4831 4936 4912 interfui,

1285 4946 1350 5002 et
1398 4938 1704 5002 mandato
1755 4938 1908 5002 111011
1957 4937 2202 5002 domini
2247 4938 2553 5024 Episcopi
2604 4938 2952 5003 cerviensis
2999 4940 3326 5004 testatoris
3373 4939 3601 5026 scripsi
3648 4947 3712 5004 61
3756 4940 4104 5027 publicavi,
4138 4947 4203 5004 et
4234 4960 4446 5004 meum
4487 4939 4744 5023 signum
4782 4958 4935 5002 con-

1286 5053 1540 5109 suetum
1574 5046 1867 5131 apposui,
1902 5045 2156 5131 scripsi,
2190 5046 2562 5132 subscripsi,
2596 5045 2890 5132 signavi3
2924 5053 2989 5110 et
3020 5046 3380 5133 predictum
3427 5046 3756 5112 dominum
3802 5045 4194 5134 Episcopum
4239 5053 4613 5111 testatorem
4659 5045 4933 5130 cognovi

1286 5161 1352 5217 et
1399 5174 1597 5239 supra
1646 5153 1710 5216 in
1760 5152 2009 5216 decima
2058 5153 2230 5217 linea
2279 5173 2475 5217 manu
2522 5154 2788 5240 propria
2842 5153 3151 5240 punctari
3206 5179 3237 5212 α
3284 5162 3490 5220 nostro
3537 5179 3567 5213 »
3623 5160 3689 5218 et
3749 5153 3815 5217 in
3876 5153 4258 5220 duodecima
4317 5153 4491 5218 linea
4514 5153 4593 5218 (2)
4625 5152 4934 5240 punctavi

1296 5286 1327 5319 α
1361 5261 1688 5345 deferatur
1715 5285 1776 5341 ι»,
1803 5266 1867 5324 61
1899 5260 1965 5322 10
1996 5266 2183 5324 sexta
2217 5260 2467 5325 decima
2500 5261 2909 5326 interlineavi
2951 5287 2980 5318 α
3015 5262 3363 5327 donationis
3395 5286 3456 5344 »,
3490 5269 3555 5326 et
3586 5261 3651 5325 in
3684 5262 3999 5347 vigesima
4039 5262 4313 5347 septima
4347 5287 4376 5318 α
4403 5261 4575 5326 ultra
4599 5262 4871 5346 quinque
4896 5285 4926 5314 »

1286 5376 1352 5434 et
1399 5369 1462 5432 in
1512 5367 1846 5453 trigesima
1902 5392 1931 5423 α
1982 5367 2350 5432 lucanorum
2401 5394 2429 5424 »
2489 5376 2555 5432 et
2603 5370 2668 5433 in
2715 5368 3217 5454 quadragesima
3263 5369 3490 5455 quinta
3531 5395 3558 5426 c
3608 5391 3718 5434 nos
3759 5396 3787 5426 »
3843 5376 3907 5433 61
3953 5369 4018 5433 10
4066 5367 4603 5455 quinquagesima
4649 5367 4934 5432 secunda

1297 5501 1324 5532 α
1370 5475 1601 5558 fratris
1649 5499 1677 5529 »
1736 5481 1800 5537 et
1849 5474 1910 5537 in
1963 5474 2346 5559 ottogesima
2394 5495 2565 5538 nona
2621 5501 2650 5532 α
2701 5477 2834 5558 qius
2881 5501 2939 5558 »,
2990 5475 3142 5560 quia
3188 5497 3305 5562 per
3350 5498 3633 5542 errorem
3679 5476 4039 5541 fefelleram
4085 5475 4445 5540 scribendo.

1461 5580 1712 5645 Eodem
1759 5601 1951 5663 anno,
1985 5580 2355 5664 indictione,
2390 5582 2533 5647 loco
2579 5591 2643 5646 et
2688 5582 2963 5647 testibus
3010 5583 3251 5647 ibidem
3298 5591 3364 5647 et
3411 5583 3831 5648 incontinenti
3870 5583 4077 5647 dictus
4110 5582 4406 5648 dominus
4437 5581 4797 5668 Episcopus
4838 5580 4933 5644 in-

1284 5689 1507 5753 firmus
1554 5688 1707 5752 fecit
1771 5695 1836 5752 et
1897 5689 2230 5753 constituit
2292 5696 2357 5753 61
2420 5689 2742 5754 ordinavit
2805 5690 3136 5754 dominum
3197 5689 3465 5766 fratrem
3524 5690 3979 5756 Pinamontem
4041 5689 4282 5755 domini
4342 5688 4631 5753 Gandini
4689 5686 4955 5758 domini,

1283 5795 1515 5861 Jacobi
1561 5795 1838 5860 Guarini
1879 5795 2157 5879 judicis,
2206 5796 2474 5860 fratrem
2534 5796 2797 5862 Ordinis
2856 5796 3350 5861 Predicatorum
3394 5797 3474 5861 de
3520 5796 3854 5880 Bononia,
3903 5805 4133 5862 testem
4179 5797 4644 5884 prescriptum,
4693 5794 4930 5860 ibidem

1286 5910 1652 5990 presentem
1717 5909 1783 5966 et
1843 5903 2222 5967 mandatum
2285 5909 2514 5989 sponte
2574 5903 3028 5989 recipientem,
3077 5904 3189 5989 qui
3241 5905 3517 5968 asseruit
3578 5925 3967 5989 cognoscere
4022 5904 4233 5991 ipsum
4291 5911 4697 5985 testatorem,
4744 5922 4931 5965 suum

1284 6017 1739 6098 procuratore,
1796 6017 2083 6076 actorem
2130 6019 2196 6075 et
2241 6011 2537 6075 nuntium
2584 6011 2934 6097 specialem
2981 6011 3063 6075 ad
3111 6011 3563 6097 deponendum
3611 6010 3820 6098 ipsum
3864 6013 4292 6098 prescriptum
4347 6018 4803 6076 testamentum
4866 6010 4930 6073 111

1285 6118 1579 6183 sacristia
1644 6118 1964 6183 dictorum
2028 6118 2330 6183 Fratrum
2377 6125 2448 6182 ut
2493 6119 2692 6182 moris
2740 6125 2874 6201 est,
2922 6125 2987 6183 et
3034 6119 3118 6183 611
3163 6118 3379 6183 010016
3428 6118 3558 6183 6116
3602 6128 3668 6183 61
3714 6118 3972 6204 singula
4032 6119 4320 6183 fatienda
4373 6118 4440 6183 in
4498 6118 4804 6206 predictis
4866 6123 4931 6181 et

1472 6370 1493 6417 l
1601 6367 1666 6418 ic.

1442 6367 1524 6522 {2}
1561 6365 1706 6505 ῗΕἰ
1743 6456 1800 6506 in
1840 6455 2155 6507 duodecima
2194 6454 2340 6506 linea
2379 6472 2409 6506 »
2450 6454 2549 6507 bis.
