5542 7775
1674 663 2134 716 SPEOTANTIA
2197 664 2298 712 An
2357 660 2866 712 Pnornssonns
2920 658 3336 708 MEmcmAn
4162 639 4311 709 223

2445 1027 2567 1092 XI.

2214 1241 2407 1323 1292,
2454 1242 2542 1304 22
2589 1243 2818 1305 martii.

938 1453 1044 1518 Ex
1091 1453 1321 1517 eodem
1367 1453 1604 1537 Arch.;
1652 1453 1844 1518 Mem.
1896 1451 2291 1518 Get-ardonis
2337 1455 2786 1518 Bencevennis
2834 1454 2913 1518 de
2965 1454 3222 1537 Casula,
3273 1475 3375 1517 an.
3432 1455 3622 1535 1292,
3671 1473 3798 1516 661.
3851 1454 3934 1516 52
3981 1454 4067 1516 v.'‘

681 1667 990 1753 06611116-
1120 1666 1470 1731 Millesimo
1520 1666 1957 1731 ducentesimo
2004 1667 2423 1752 nonagesimo
2487 1668 2803 1746 secundo,
2853 1666 3199 1731 indictione
3263 1665 3522 1751 quinta,
3573 1665 3675 1730 die
3737 1665 3949 1750 sabatj
4009 1665 4321 1752 vigesimo

679 1775 964 1839 missum.
1121 1773 1404 1838 secundo
1454 1775 1694 1838 marcio
1745 1775 2043 1838 intrante.

1118 1885 1222 1957 (Π
1241 1881 1560 1946 Dominus
1609 1882 1918 1968 magister
1966 1881 2290 1964 ThadeuS,
2325 1881 2631 1966 medicus,
2664 1885 2767 1957 (ιζ
2787 1881 3082 1945 (1616111116
3129 1880 3440 1964 166316161
3485 1879 3981 1943 Β6111161661666
4021 1879 4100 1943 (16
4133 1879 4322 1943 Vari-

678 2011 918 2076 gnana,
956 1999 1184 2076 sponte
1233 1989 1643 2073 comiserunt,
1678 1997 2110 2076 suposuerunt
2157 1997 2222 2054 et
2269 1990 2847 2076 compromiserunt
2893 2010 2961 2053 se
3010 1990 3075 2053 16
3122 1978 3452 2052 dominum
3497 1987 3902 2072 Hugolinum
3949 1987 4028 2051 de
4072 1987 4322 2053 Monte-

678 2098 931 2182 canig0,
967 2098 1280 2163 vicarium
1314 2097 1557 2162 domini
1605 2096 1969 2184 Synibaldj,
2005 2098 2528 2162 archidiaconum
2570 2096 2885 2180 Bononie,
2921 2104 2986 2161 et
3018 2096 3084 2160 in
3115 2095 3459 2181 magistros
3490 2094 3944 2180 Hospinellum
3978 2102 4320 2179 assentem,

677 2204 1066 2268 Nicholaum
1115 2204 1194 2270 de
1243 2204 1546 2290 Brayna,
1593 2203 1956 2268 Lucianum
2002 2210 2068 2268 et
2112 2203 2642 2267 Bonaventuram
2687 2202 2767 2268 de
2814 2202 3138 2288 Pergamo
3188 2210 3252 2266 et
3298 2202 3436 2265 cius
3484 2200 3915 2284 adiuctorem,
3963 2207 4036 2265 61
4081 2202 4210 2265 6116
4257 2208 4322 2266 61

677 2311 866 2376 basse
915 2312 999 2375 ad
1045 2333 1270 2375 eorum
1319 2310 1752 2376 omnimodam
1798 2311 2220 2394 voluntatem,
2256 2310 2769 2396 disposicionem,
2806 2310 3286 2374 ordinacionem
3318 2316 3383 2373 et
3415 2308 3774 2390 arbitrium,
3809 2308 4056 2394 possint
4102 2316 4166 2371 et
4207 2329 4319 2372 va-

677 2419 854 2483 leant
914 2419 1270 2502 arbitrare,
1319 2418 1589 2482 laudare
1639 2426 1702 2482 et
1749 2418 2023 2482 diffinire
2073 2417 2152 2481 de
2199 2439 2422 2482 eorum
2469 2418 2582 2481 lite
2630 2424 2695 2481 et
2743 2418 3107 2503 questione,
3158 2414 3479 2480 discordia
3527 2423 3591 2481 et
3636 2436 3948 2500 rangore,
3996 2415 4104 2500 qui
4152 2422 4323 2479 esset

680 2532 745 2590 et
790 2547 931 2590 esse
979 2532 1198 2612 posset
1243 2526 1412 2589 inter
1460 2524 1719 2589 eosdem
1767 2525 2111 2609 magistros
2159 2525 2489 2589 dominum
2537 2524 2876 2589 Thadeum
2923 2531 2988 2588 et
3033 2522 3566 2587 Bartholomeum
3614 2544 3699 2586 ex
3744 2543 3820 2585 eo
3870 2521 4041 2607 quod
4081 2521 4322 2586 dictum

676 2638 775 2696 est
822 2633 959 2719 ipse
1007 2634 1319 2719 magister
1364 2631 1864 2697 Bartholomeus
1911 2632 2262 2717 recepisset
2307 2632 2633 2696 scholares
2666 2631 2869 2718 ipsius
2903 2630 3196 2716 magistri
3230 2630 3520 2717 Thadey,
3554 2637 3618 2694 61
3653 2628 3823 2714 quod
3855 2629 3991 2715 ipse
4024 2628 4319 2694 dominus

678 2739 1052 2825 Hugolinus
1101 2747 1166 2805 et
1213 2740 1509 2826 magistri
1555 2740 1805 2826 possint
1856 2739 2206 2825 procedere
2269 2738 2711 2825 temporaliter
2768 2747 2835 2803 et
2899 2739 3320 2824 spiritualiter
3375 2743 3600 2802 contra
3669 2736 3879 2822 ipsum
3938 2737 4320 2821 magistrum

678 2847 1228 2930 Bertholomeum,
1278 2854 1343 2912 et
1387 2846 1740 2911 secundum
1787 2845 1961 2931 quod
2007 2847 2100 2910 616
2147 2846 2472 2911 videbitur
2519 2867 2757 2931 equum
2805 2853 2870 2910 et
2910 2846 3159 2929 justum
3205 2845 3416 2931 ipsum
3464 2843 3692 2930 punire
3740 2849 3805 2907 et
3853 2843 4327 2930 condempnare

684 2961 947 3040 propter
993 2954 1319 3038 delictum,
1354 2954 1490 3018 sive
1538 2974 1898 3035 excessum,
1933 2959 2331 3017 actentatum
2378 2960 2442 3017 et
2489 2953 2846 3039 perfectum
2895 2960 3119 3016 contra
3166 2951 3475 3017 honorem
3525 2950 3680 3015 dicti
3712 2950 3953 3015 domini
3984 2950 4328 3015 Archidia·

679 3062 822 3125 coni
855 3068 920 3126 et
952 3060 1194 3125 domini
1236 3061 1556 3146 Hugolinj
1592 3059 1820 3144 vicarij
1864 3060 2139 3146 predictj
2189 3068 2253 3124 et
2301 3059 2574 3144 Collegii
2621 3059 3084 3146 Magistrorum
3132 3081 3275 3124 cum
3325 3057 3620 3123 omnibus
3669 3063 3734 3120 et
3779 3056 4051 3143 singulis
4099 3059 4324 3144 pactis,

679 3167 911 3249 causis,
946 3168 1150 3254 penis,
1177 3167 1509 3254 promissis
1542 3173 1606 3231 et
1639 3166 2145 3252 obligationibus
2181 3167 2245 3230 in
2278 3165 2448 3230 dicto
2482 3166 2941 3252 compromisso
2975 3166 3313 3231 contentis.
3349 3165 3624 3250 Insuper
3663 3163 3958 3228 dominus
3992 3164 4035 3229 J
4039 3164 4327 3229 ohannes

683 3274 1008 3360 quondam
1041 3274 1283 3339 domini
1317 3273 1675 3339 Guillielmi
1708 3273 1786 3338 de
1819 3273 2181 3356 Mulnariis,
2215 3274 2514 3359 precibus
2548 3281 2612 3337 61
2644 3272 2951 3337 mandato
2984 3273 3139 3337 (11611
3170 3272 3413 3337 domini
3444 3271 3739 3357 magistri
3768 3270 4229 3354 Bertholomei,
4262 3278 4327 3336 et

683 3381 981 3445 dominus
1029 3382 1237 3446 Dinus
1284 3381 1559 3446 condam
1604 3381 1847 3445 (1661161
1890 3380 2191 3445 Ν16116161
2225 3380 2304 3444 (16
2338 3380 2666 3463 Tebaldis,
2702 3380 3003 3467 precibus
3035 3386 3101 3444 et
3132 3379 3437 3444 mandato
3470 3379 3764 3465 magistri
3798 3377 4023 3465 Tadey
4056 3378 4327 3464 predicti

682 3488 874 3552 fidem
922 3489 1222 3553 habentis
1270 3495 1334 3553 et
1381 3511 1449 3553 se
1499 3488 1921 3575 principalem
1968 3488 2437 3571 constituentis,
2486 3494 2552 3552 et
2599 3487 2965 3571 insolidum,
3022 3488 3454 3574 promiserunt
3500 3487 3670 3551 dicto
3717 3485 3975 3550 domino
4022 3485 4326 3572 Ugolin0,

681 3603 746 3661 et
794 3596 937 3659 aliis
987 3596 1246 3660 arbitris
1294 3596 1771 3682 suprascriptis,
1806 3595 2190 3681 recipientes
2236 3617 2354 3681 pro
2403 3617 2471 3659 se
2520 3595 2675 3681 ipsis
2722 3602 2787 3658 et
2836 3594 3127 3680 Collegio
3175 3594 3566 3681 supradicte,
3614 3599 3680 3658 et
3725 3591 3897 3679 quod
3942 3592 4066 3679 ipsi
4112 3592 4329 3657 obser-

679 3702 929 3767 vabunt
975 3709 1039 3765 et
1089 3702 1536 3788 adimplebunt
1589 3708 1653 3765 et
1701 3700 1958 3765 effectui
2007 3700 2490 3764 demandabunt
2537 3701 2753 3765 omnia
2800 3708 2865 3764 et
2913 3700 3170 3785 singula
3204 3721 3328 3786 que
3370 3699 3563 3782 (11616,
3596 3697 3863 3762 166(1616
3896 3704 3961 3761 61
3992 3698 4327 3781 arbitrata,

682 3811 1107 3893 sententiata,
1157 3816 1462 3897 precepta
1511 3816 1575 3873 61
1623 3809 1954 3873 (166161616
2016 3809 2279 3873 fuerunt
2324 3809 2444 3873 sub
2492 3830 2660 3896 pena
2707 3808 3131 3873 ducentarum
3179 3808 3489 3872 librarum
3535 3806 4051 3889 bononenorum,
4101 3827 4184 3869 ex
4229 3806 4326 3869 in-

681 3926 1038 3983 strumento
1087 3918 1339 3982 Arnolfi
1387 3918 1713 4003 quondam
1745 3917 2102 3982 Johannini
2149 3917 2383 3981 notarii
2430 3917 2569 3981 heri
2619 3917 2791 3982 facto
2833 3917 3125 3981 Bononie
3161 3917 3224 3980 in
3258 3916 3518 3980 civitate
3550 3915 3864 3996 Bononie,
3899 3914 3965 3977 in
3995 3913 4184 3978 (16616
4217 3914 4329 3978 ubi

684 4032 974 4089 moratur
1020 4024 1318 4089 dominus
1365 4023 1739 4108 Hugolinus
1786 4023 2133 4110 predictus,
2170 4024 2576 4109 presentibus
2623 4024 2935 4108 magistro
2983 4023 3203 4087 Monte
3252 4022 3331 4086 de
3362 4022 3584 4106 Prato,
3620 4021 3886 4085 Ζ666116
3920 4019 4000 4084 (16
4034 4019 4326 4103 Mantua,

687 4131 1052 4217 professore
1101 4132 1258 4196 artis
1304 4130 1641 4213 medicine,
1678 4130 2024 4195 Cittadello
2073 4131 2398 4215 quondam
2443 4130 2934 4217 Boncompagni
2982 4136 3047 4194 et
3094 4151 3195 4193 me
3238 4128 3613 4194 Gerardone
3656 4128 3904 4193 notario
3937 4127 4228 4210 testibus,
4263 4133 4329 4192 et

690 4239 782 4302 sic
829 4239 984 4323 dictj
1035 4244 1443 4302 contraentes
1491 4259 1622 4302 una
1670 4260 1816 4302 cum
1861 4237 2031 4303 dicto
2081 4238 2332 4302 notario
2380 4237 2683 4301 dixerunt
2729 4244 2795 4302 61
2841 4237 3036 4302 scribi
3082 4237 3392 4301 fecerunt.

2428 4558 2588 4622 XII.

2170 4774 2365 4854 1293,
2415 4775 2502 4837 22
2546 4775 2847 4838 ianuarii.

1106 4988 1212 5053 Ex
1259 4989 1521 5053 archivo
1568 5011 1620 5053 s.
1667 4989 2000 5054 Francisci
2046 4988 2340 5073 Bonon.,
2388 4989 2501 5054 lib.
2549 4988 2639 5072 H,
2690 5011 2750 5052 n.
2801 4991 2908 5071 80,
2958 5009 3127 5053 nunc
3175 4989 3239 5051 in
3290 4987 3452 5052 Tab.
3501 4987 3679 5051 Max.
3727 4986 3913 5069 bon.,

1933 5103 2087 5160 sect.
2148 5121 2177 5155 ι
2225 5096 2597 5161 Demaniale
2645 5121 2705 5175 ι,
2753 5117 2928 5160 6616.
2962 5077 3067 5138 3³33

2961 5148 3069 5189 5085
3095 5143 3112 5160 ·

871 5309 949 5373 In
997 5309 1255 5374 nomine
1303 5309 1600 5391 Domini,
1651 5331 1860 5374 amen.
1910 5310 2103 5374 Anno
2152 5311 2442 5394 ejusdem
2505 5310 2847 5374 millesimo
2912 5307 3349 5373 ducentesimo
3411 5307 3831 5392 nonagesimo
3892 5306 4117 5389 tertio,
4164 5305 4330 5370 indi-

695 5417 904 5482 ctione
937 5424 1145 5500 sexta,
1181 5416 1283 5480 die
1317 5416 1629 5502 vigesimo
1663 5417 1944 5482 secundo
1977 5418 2216 5482 mensis
2251 5418 2539 5502 januarij
2589 5417 2908 5481 intrantis.
2932 5419 3036 5492 (ιῖ
3058 5415 3381 5501 Egregius
3421 5414 3521 5478 vir
3552 5420 3617 5478 et
3661 5413 3975 5479 discretus
4023 5413 4331 5499 magister

696 5523 953 5588 Tadeus
1001 5524 1327 5610 quondam
1374 5524 1619 5588 domini
1664 5523 2009 5608 Alderotti,
2059 5525 2169 5610 qui
2216 5524 2339 5588 fuit
2386 5524 2464 5588 de
2512 5525 2871 5606 Florentia,
2906 5524 3063 5587 artis
3104 5523 3280 5587 fisice
3314 5522 3640 5608 professor
3671 5529 3736 5585 et
3765 5520 4108 5605 (166161,16
4137 5519 4332 5606 plena

695 5640 758 5695 et
805 5631 976 5696 bona
1024 5653 1138 5695 sue
1187 5631 1418 5695 mentis
1466 5631 1883 5717 dispositione
1932 5633 2288 5696 consistens
2330 5639 2395 5696 et
2439 5632 2609 5696 bono
2657 5653 2872 5715 66666,
2921 5630 3334 5694 animavertit
3382 5628 3553 5715 quod
3599 5629 3811 5693 carnis
3856 5628 4186 5713 ingressus
4233 5628 4333 5691 sui

696 5760 948 5825 semper
996 5745 1301 5823 operatur
1347 5759 1666 5823 egressus,
1701 5746 1767 5802 et
1798 5739 1970 5824 quod
2017 5738 2154 5803 dies
2202 5738 2491 5824 quilibet,
2521 5740 2714 5823 juxta
2746 5738 3132 5802 sententiam
3162 5736 3493 5822 sapientis,
3527 5742 3625 5800 est
3656 5735 3834 5799 velut
3865 5734 4129 5799 ultimus
4160 5734 4330 5799 ordi·

695 5845 967 5926 nanduS,
1001 5853 1066 5909 et
1098 5845 1389 5929 ejusdem
1435 5844 1786 5909 auctoritas
1833 5851 2229 5931 protestatur
2275 5845 2684 5910 comodatum
2731 5845 2870 5909 fore
2904 5844 3033 5908 vite
3066 5844 3411 5924 hominem,
3446 5849 3509 5906 et
3541 5863 3666 5907 non
3700 5842 4030 5924 donatum,
4064 5847 4129 5905 et
4160 5840 4331 5927 quod

696 5961 928 6017 666616
975 5952 1302 6016 mundana
1350 5958 1526 6016 motu
1575 5951 1945 6017 transitorio
1994 5960 2331 6017 transeunt
2378 5959 2443 6017 et
2489 5953 2842 6016 discurunt.
2894 5951 3325 6016 Considerans
3373 5949 3569 6013 etiam
3609 5949 3840 6034 prefixi
3873 5948 3996 6013 sibi
4027 5949 4333 6035 temporis

698 6059 893 6142 hora,
942 6081 1206 6123 suarum
1271 6080 1487 6124 rerum
1549 6058 2033 6145 dispositionem
2099 6060 2481 6146 preambula
2537 6060 2762 6123 statuit
2806 6059 3181 6145 pervenire,
3231 6057 3422 6120 saluti
3472 6056 3685 6119 anime
3743 6054 4167 6142 providende,
4215 6077 4334 6120 666

699 6187 825 6231 666
872 6166 1360 6231 honorificentie
1409 6167 1750 6252 corporali.
1799 6166 1886 6231 Et
1932 6188 2011 6231 ne
2061 6167 2278 6253 itaque
2325 6167 2495 6231 inter
2539 6166 2811 6231 heredes
2843 6183 2995 6230 suos
3028 6165 3109 6229 ob
3142 6164 3522 6228 divisionem
3554 6184 3769 6226 rerum
3800 6161 4339 6227 hereditat-iarum

697 6272 1058 6338 faciendam
1108 6274 1389 6338 scintilla
1437 6273 1753 6338 discordie
1798 6295 1913 6338 seu
1957 6274 2230 6338 materia
2277 6273 2472 6359 litigij
2521 6274 2969 6355 subnascatur,
3018 6293 3135 6358 per
3179 6292 3443 6335 suarum
3488 6291 3702 6334 rerum
3750 6276 3815 6334 et
3857 6269 4171 6333 bonorum
4219 6270 4336 6333 mi-

698 6380 1137 6445 nistratoriam
1183 6380 1551 6463 factionem,
1599 6388 1942 6467 postquam
1989 6381 2288 6445 naturale
2336 6380 2626 6444 debitum
2670 6379 3023 6445 reddiderit
3066 6379 3327 6465 plenam
3369 6376 3817 6441 certitudinem
3863 6376 4339 6441 successoribus

698 6488 926 6552 innuat
972 6488 1283 6570 veritatis,
1328 6487 1393 6551 in
1438 6488 1611 6554 hunc
1658 6487 1920 6553 modum
1967 6510 2154 6552 suum
2202 6487 2731 6574 nuncupativum,
2766 6487 2904 6551 sine
2953 6485 3207 6572 scriptis
3255 6484 3578 6549 ordinavit
3624 6490 3689 6547 61
3735 6483 4094 6570 composuit
4138 6491 4335 6548 testa-
