5542 7775
1264 654 1362 725 68
2838 672 3320 725 montmarin

1253 832 1641 919 scriptarum
1687 831 2023 896 domorum
2069 837 2134 895 et
2180 830 2396 912 turris,
2446 851 2641 916 quam
2688 829 2844 893 emit
2891 835 2955 892 et
3001 850 3086 893 ex
3133 830 3606 916 permutatione
3654 830 3904 915 accepit
3957 851 3996 894 a
4053 830 4351 913 Cursino,
4391 829 4526 894 filio
4574 827 4906 914 quondam

1254 939 1414 1003 dicti
1459 938 1704 1003 domini
1749 938 2069 1024 Accursij,
2098 939 2246 1022 jure
2285 937 2546 1024 proprio
2592 942 2658 1001 et
2703 936 2772 1001 in
2805 946 3187 1023 perpetuum
3235 943 3595 1001 asserentes
3641 937 4087 1024 infrascriptas
4129 959 4230 1002 res
4277 936 4412 1021 a[d]
4459 958 4528 1001 se
4576 936 4905 1024 pertinere

1250 1048 1400 1132 jure
1447 1046 1675 1111 directi
1719 1045 2006 1129 dominii,
2040 1044 2356 1109 dederunt
2401 1051 2467 1108 et
2512 1042 2944 1108 vendiderunt
2986 1050 3052 1107 et
3100 1044 3502 1109 tradiderunt
3547 1044 3806 1109 domino
3855 1044 4108 1109 Bonino
4142 1045 4222 1109 de
4256 1044 4588 1126 Sardellis,
4621 1042 4902 1124 notario,

1255 1154 1522 1240 syndico
1586 1162 1651 1218 et
1711 1159 2130 1240 procuratore
2183 1152 2386 1238 partis
2450 1159 2515 1216 et
2575 1150 3037 1215 Universitatis
3101 1151 3575 1217 Germiensium
3636 1151 3917 1217 civitatis
3972 1151 4266 1216 Bononie
4328 1173 4411 1215 ex
4473 1151 4906 1214 instrumento

1252 1262 1629 1347 syndicatus
1676 1262 1915 1347 scripto
1964 1281 2159 1324 manu
2204 1260 2581 1344 Jacobuccij
2646 1258 2726 1323 de
2789 1258 3019 1344 Bagno
3085 1261 3357 1343 notarii,
3406 1260 3732 1345 quandam
3778 1259 4038 1325 domum
4100 1267 4165 1323 et
4210 1259 4441 1323 turrim
4508 1279 4655 1324 cum
4721 1258 4902 1322 dicta

1256 1368 1447 1434 domo
1492 1375 1947 1450 constructam,
1982 1367 2258 1454 positam
2306 1367 2371 1430 in
2420 1366 2681 1431 civitate
2727 1365 3021 1430 Bononie
3069 1387 3261 1452 super
3307 1366 3527 1453 platea
3572 1366 3943 1431 Communis
3975 1366 4041 1430 in
4075 1366 4384 1453 parochia
4421 1377 4643 1431 sancte
4677 1366 4900 1446 Tecle,

1256 1497 1531 1561 quarum
1577 1496 1719 1539 esse
1764 1474 1931 1538 tales
1979 1473 2284 1538 dixerunt
2327 1479 2392 1537 et
2437 1479 2878 1537 convenerunt
2924 1473 3241 1537 confines:
3285 1494 3324 1536 a
3372 1473 3576 1538 latere
3609 1474 3918 1539 anteriori
3948 1495 4061 1539 sen
4096 1483 4282 1562 parte
4315 1475 4420 1539 vel
4451 1474 4650 1561 plaga
4687 1474 4903 1538 orien-

1253 1584 1373 1647 tali
1404 1590 1502 1649 est
1533 1584 1752 1671 platea
1784 1582 2158 1647 Communis
2204 1580 2497 1646 Bononie
2544 1586 2610 1644 et
2654 1580 2762 1644 via
2809 1581 3072 1668 publica
3115 1581 3330 1667 platee
3377 1581 3677 1665 majoris3
3713 1603 3752 1645 a
3785 1582 3989 1647 latere
4020 1604 4175 1647 vero
4209 1582 4499 1648 inferiori
4545 1604 4661 1647 seu
4699 1582 4904 1669 plaga

1256 1691 1614 1778 aquilonali
1659 1696 1810 1755 sunt
1857 1689 2084 1753 domus
2131 1694 2197 1752 et
2244 1688 2438 1753 turris
2483 1687 2761 1752 filiorum
2810 1695 2874 1752 et
2924 1687 3236 1752 heredum
3286 1687 3611 1773 quondam
3658 1688 3902 1754 domini
3945 1689 4115 1753 Nevi
4158 1690 4497 1777 Raynerij,
4547 1711 4586 1753 a
4633 1689 4906 1754 meridie

1253 1819 1409 1863 vero
1470 1819 1585 1862 seu
1645 1798 1848 1861 latere
1895 1796 2213 1882 superiori
2257 1801 2356 1860 est
2408 1795 2515 1858 via
2563 1795 2860 1881 publica,
2910 1816 3038 1881 qua
3085 1795 3214 1859 itur
3260 1795 3327 1859 in
3376 1795 3642 1860 Portam
3697 1796 3987 1879 Novam,
4037 1818 4152 1862 seu
4213 1819 4337 1883 que
4398 1797 4633 1863 dicitur
4693 1797 4902 1862 Porta

1253 1906 1482 1988 Nova;
1531 1927 1569 1969 a
1615 1910 1799 1991 parte
1846 1924 2001 1968 vero
2048 1903 2390 1990 posteriori
2436 1924 2551 1966 seu
2599 1902 2983 1966 occidentali
3014 1902 3299 1989 possidet
3346 1902 3619 1967 ecclesia
3659 1909 3881 1968 sancte
3930 1904 4125 1969 Tecle
4172 1904 4252 1969 de
4284 1905 4486 1969 Porta
4517 1905 4727 1988 Nova,
4759 1905 4901 1969 sive

1254 2020 1405 2077 sunt
1450 2012 1727 2098 quedam
1775 2011 2003 2075 domus
2050 2010 2218 2075 dicte
2272 2009 2541 2074 ecclesie
2588 2030 2735 2073 cum
2784 2010 2921 2074 solo
2970 2016 3034 2074 et
3080 2009 3392 2074 hedificiis
3441 2010 3767 2094 omnibus,
3815 2019 3881 2075 et
3927 2033 4074 2076 cum
4136 2012 4434 2076 omnibus
4496 2019 4560 2077 et
4620 2011 4901 2098 singulis

1254 2142 1379 2206 que
1425 2120 1595 2184 infra
1642 2119 1966 2205 predictos
2014 2119 2423 2183 continentur
2484 2117 2802 2201 confines,
2852 2118 2956 2182 vel
3004 2118 3166 2182 alios
3215 2118 3272 2181 si
3317 2118 3428 2203 qui
3473 2117 3714 2183 fuerint
3768 2119 4088 2202 veriores,
4135 2127 4202 2183 et
4265 2141 4412 2185 cum
4474 2121 4771 2185 omnibus
4831 2127 4901 2184 et

1253 2229 1556 2314 singulis,
1592 2249 1716 2313 que
1765 2227 1888 2314 ipsi
1935 2227 2153 2290 domui
2201 2232 2265 2290 et
2310 2226 2473 2290 turri
2519 2227 2689 2291 intra
2735 2227 2841 2290 vel
2888 2233 3076 2291 extra
3123 2226 3469 2291 edificiess)
3501 2228 3799 2314 perpetui
3843 2249 3997 2291 usus
4045 2249 4238 2292 cause
4282 2227 4625 2312 habentur,
4659 2239 4726 2293 et
4772 2251 4899 2315 que

1251 2337 1346 2400 eis
1395 2343 1748 2417 (mererent,
1782 2335 1887 2398 vel
1935 2355 2194 2399 coerere
2242 2333 2573 2416 deberent,
2608 2341 2673 2398 et
2712 2355 2986 2419 quarum
3031 2334 3224 2398 debet
3270 2333 3349 2398 de
3391 2334 3540 2418 jure
3587 2333 3672 2398 ad
3718 2335 4024 2420 emptoris
4070 2335 4409 2399 comodum
4450 2337 4798 2423 pertinere,
4833 2344 4901 2401 et

1253 2465 1379 2529 que
1425 2443 1670 2506 habent
1716 2463 1913 2529 supra
1960 2442 2064 2505 vel
2113 2441 2276 2505 infra
2328 2462 2443 2504 seu
2493 2441 2662 2505 intra
2708 2462 2778 2504 se
2827 2441 2894 2504 in
2942 2441 3286 2526 integrum,
3320 2449 3385 2504 et
3432 2463 3576 2505 cnm
3626 2442 3800 2505 omni
3842 2443 3990 2526 jure
4035 2450 4101 2507 et
4148 2444 4422 2526 actione,
4456 2453 4521 2507 et
4555 2444 4771 2508 omnia
4817 2466 4898 2509 ea

1253 2574 1378 2638 que
1442 2551 1526 2614 ad
1588 2550 1992 2614 vendictores
2054 2549 2253 2612 etiam
2316 2549 2590 2612 durante
2638 2548 3045 2612 vendictione
3093 2555 3353 2634 ceperat
3399 2549 3723 2635 pertinere
3777 2550 4113 2614 occasione
4161 2571 4378 2615 rerum
4422 2551 4896 2637 predictarum,

1252 2681 1370 2745 pro
1418 2658 1635 2745 precio
1683 2678 1977 2743 quarum,
2016 2665 2081 2720 et
2128 2657 2383 2721 nomine
2432 2655 2634 2742 precii
2679 2655 2848 2719 dicte
2896 2654 3319 2720 vendictionis
3366 2656 3593 2720 domus
3639 2663 3706 2721 et
3753 2678 3968 2720 rerum
4014 2658 4470 2744 predictarum,
4503 2658 4712 2723 dictus
4751 2681 4900 2746 pro-

1253 2773 1513 2830 curator
1575 2772 1639 2829 et
1704 2764 2008 2851 syndicus
2075 2763 2518 2849 procuratorio
2567 2762 2824 2826 nomine
2873 2761 3039 2826 dicte
3099 2762 3300 2848 partis
3348 2763 3806 2828 Jermiensium
3854 2771 3918 2828 et
3975 2764 4432 2830 Universitatis
4479 2767 4656 2851 ejus,
4705 2774 4772 2830 et
4815 2766 4898 2832 de

1253 2874 1529 2960 pecunia
1576 2873 1744 2936 dicte
1786 2871 2243 2935 Universitatis
2292 2877 2357 2934 et
2402 2870 2626 2955 partis,
2671 2869 2848 2933 dedit
2892 2877 2957 2933 et
3005 2870 3196 2934 solvit
3244 2892 3460 2935 coram
3509 2871 3761 2936 notario
3801 2871 4212 2958 infrascripto
4261 2879 4326 2936 et
4369 2873 4643 2937 testibus
4698 2874 4900 2937 infra-

1253 2980 1508 3067 scriptis
1556 2979 1681 3042 tria
1727 2977 1931 3041 millia
1979 2985 2043 3041 et
2090 2983 2338 3063 septem
2385 2976 2758 3040 centenaria
2806 2982 3060 3040 monete
3110 2976 3298 3060 bon.,
3348 2978 3482 3042 sive
3531 2984 3627 3042 tot
3671 2978 4030 3042 bononinos
4085 3001 4379 3064 grossos,
4425 2980 4536 3066 qui
4581 2980 4664 3044 ad
4710 3002 4902 3044 usum

1252 3095 1318 3153 et
1364 3109 1591 3152 verum
1639 3085 1960 3150 cambium
2008 3084 2087 3148 de
2137 3084 2470 3169 utriusque
2516 3084 2719 3170 partis
2766 3105 3085 3148 consensu
3135 3082 3353 3147 valent
3399 3085 3824 3171 quantitatem
3869 3085 4246 3172 predictam,
4291 3095 4484 3173 prout
4530 3087 4737 3152 dictus
4784 3088 4898 3153 do-

1254 3196 1467 3261 minus
1510 3193 1944 3257 Francischus
1990 3200 2056 3256 et
2103 3191 2311 3255 dictus
2358 3190 2678 3255 Martinus
2718 3191 3087 3256 venditores
3119 3191 3462 3277 pecuniam
3495 3192 3701 3279 ipsam
3735 3192 3971 3257 ibidem
4003 3201 4068 3258 et
4100 3194 4165 3257 in
4197 3195 4482 3280 presenti
4512 3196 4901 3282 recipientes

1251 3325 1291 3366 a
1339 3309 1755 3389 procuratore
1802 3299 2114 3387 predicto,
2162 3298 2440 3363 confessi
2488 3306 2554 3363 et
2599 3300 2883 3363 contenti
2937 3300 3199 3364 fuerunt
3261 3309 3460 3386 utque
3522 3308 3938 3365 asseruerunt
3997 3301 4340 3387 pecuniam
4395 3302 4602 3389 ipsam
4648 3309 4902 3367 tantam

1253 3432 1394 3475 esse
1441 3415 1512 3472 ut
1561 3408 1801 3472 dictum
1848 3415 1981 3490 est,
2029 3414 2094 3471 et
2142 3428 2287 3471 eam
2333 3406 2456 3470 sibi
2505 3406 2569 3470 in
2615 3407 2889 3472 veritate
2935 3408 3155 3472 datam
3209 3417 3274 3474 et
3334 3416 3740 3473 numeratam
3800 3430 3940 3473 esse
4004 3429 4043 3472 a
4103 3416 4520 3495 procuratore
4575 3410 4894 3498 predicto,

1255 3517 1623 3602 exceptioni
1670 3516 1763 3579 eis
1810 3536 1939 3579 non
1987 3514 2157 3597 dati,
2208 3534 2335 3578 non
2382 3513 2575 3578 soluti
2622 3521 2687 3578 et
2732 3536 2861 3579 non
2910 3517 3230 3580 numerati
3277 3516 3510 3604 precii,
3559 3537 3673 3580 seu
3721 3516 4100 3601 quantitatis
4147 3516 4432 3603 predicte
4490 3518 4749 3582 omnino
4798 3540 4898 3582 re-

1259 3624 1661 3688 nunciantes.

1429 3729 1742 3796 Volentes
1790 3736 2008 3793 autem
2050 3729 2169 3815 ipsi
2203 3729 2605 3794 vendictores
2640 3729 2960 3793 dictarum
2992 3751 3207 3794 rerum
3239 3730 3646 3794 venditarum
3680 3730 3741 3793 in
3776 3729 3987 3817 ipsum
4018 3737 4393 3816 emptorem,
4430 3732 4685 3796 nomine
4726 3731 4895 3796 dicte

1249 3840 1474 3928 partia,
1496 3838 1966 3926 possessionem
1996 3836 2368 3920 transferre,
2395 3838 2863 3902 constituerunt
2893 3859 2961 3902 se
2996 3859 3098 3902 res
3131 3837 3452 3926 predictas
3483 3837 3798 3921 venditae,
3825 3838 3967 3923 ejus
4000 3845 4065 3903 et
4095 3839 4298 3925 partis
4323 3838 4609 3926 predicte
4636 3839 4895 3905 nomine

1254 3948 1605 4035 possidere,
1638 3947 1734 4010 uti
1781 3967 1865 4010 ex
1913 3967 2082 4010 nunc
2129 3967 2248 4008 sua
2296 3946 2679 4010 auctoritate
2726 3945 3101 4010 earumdem
3151 3967 3363 4009 rerum
3409 3946 3882 4031 possessionem
3922 3946 4454 4033 quandocumque
4488 3948 4748 4012 libuerit
4781 3970 4896 4034 ap-

1252 4055 1592 4142 preendat.
1626 4054 1838 4128 Quam
1888 4052 2147 4138 quidem
2193 4052 2664 4138 possessionem
2709 4053 2883 4139 pacti
2930 4052 3192 4116 fuerunt
3236 4060 3301 4116 et
3347 4060 3785 4117 convenerunt
3817 4053 4026 4117 eidem
4067 4075 4340 4117 vacuam
4385 4076 4527 4119 esse
4575 4061 4640 4119 et
4686 4055 4894 4141 ipsam

1254 4168 1320 4226 ct
1366 4170 1618 4249 partem
1665 4160 2021 4248 predictam
2068 4159 2282 4224 facere
2329 4160 2421 4222 ita
2468 4161 2725 4224 comuni
2756 4160 3101 4245 pociorem.
3134 4160 3445 4224 Preterea
3491 4159 3857 4224 venditores
3903 4161 4255 4247 supradicti
4300 4162 4734 4248 promiserunt
4778 4185 4900 4249 per

1254 4291 1325 4334 se
1372 4277 1439 4334 et
1484 4290 1635 4333 snos
1681 4267 1952 4332 heredes
2000 4268 2169 4332 dicto
2219 4267 2479 4331 domino
2526 4267 2781 4332 Bonino
2829 4267 3232 4354 procuratori
3278 4268 3480 4354 partis
3519 4269 3978 4333 Jermiensium
4010 4269 4545 4355 supradictorum,
4587 4292 4895 4357 procura-

1256 4378 1422 4441 torio
1469 4377 1727 4441 nomine
1776 4374 1945 4439 dicte
1993 4375 2196 4461 partis
2244 4374 2581 4461 stipulanti
2627 4381 2692 4438 et
2737 4375 3093 4461 recipienti,
3137 4374 3308 4461 quod
3354 4375 3419 4439 in
3465 4382 3849 4462 perpetuum
3893 4375 3972 4439 de
4020 4375 4207 4440 dictis
4253 4377 4446 4441 rebus
4501 4379 4603 4442 vel
4654 4378 4894 4463 aliqua,

1252 4506 1372 4549 seu
1416 4491 1602 4570 parte
1650 4483 1957 4569 ipsarum,
2006 4482 2185 4546 litem
2234 4482 2339 4546 vel
2395 4482 2935 4565 controversiam,
2982 4482 3285 4546 iniuriam
3343 4483 3448 4546 vel
3509 4483 3871 4547 molestiam
3925 4482 4004 4546 de
4061 4484 4209 4567 jure
4263 4484 4368 4547 vel
4430 4484 4510 4549 de
4573 4485 4780 4569 facto,
4826 4488 4896 4551 in

1248 4592 1494 4677 judicio
1542 4591 1678 4654 sive
1727 4597 1915 4654 extra
1965 4589 2133 4653 dicte
2180 4588 2351 4674 parti
2396 4588 2502 4652 vel
2550 4588 2720 4652 dicto
2767 4589 3169 4675 procuratori
3215 4610 3343 4653 non
3392 4589 3666 4672 inferre,
3714 4610 3834 4653 nec
3895 4588 4231 4654 inferrenti
4285 4592 4732 4677 consencient3
4781 4594 4896 4657 sed

1254 4700 1429 4785 ipsas
1477 4720 1578 4762 res
1626 4705 1759 4761 tam
1809 4698 1872 4761 in
1920 4697 2338 4783 proprietate,
2380 4716 2572 4781 quam
2620 4696 2685 4759 in
2732 4696 3136 4782 possessione
3186 4696 3355 4761 dicto
3401 4696 3803 4783 procuratori
3849 4704 3913 4760 et
3959 4697 4125 4784 parti
4175 4706 4400 4763 contra
4448 4720 4703 4763 omnem
4749 4722 4894 4787 per-

1256 4828 1482 4872 sonam
1529 4814 1593 4870 et
1637 4805 2129 4869 universitatem
2175 4803 2463 4888 legitime
2509 4802 2914 4886 deffendent,
2964 4804 3428 4887 auctorabunt3
3477 4804 3929 4869 convenientes
3986 4810 4051 4868 et
4108 4805 4470 4891 obligantes
4516 4828 4584 4871 se
4632 4807 4712 4871 de
4760 4809 4894 4873 evi-

1256 4915 1465 4979 ctione
1514 4935 1730 4977 rerum
1776 4912 2239 4999 predictarum,
2290 4932 2435 4975 cum
2500 4910 2913 4997 infrascripta
2974 4911 3167 4998 duple
3227 4913 3417 4976 sortis
3477 4912 3747 4998 proinde
3809 4912 4015 4976 eciam
4075 4918 4140 4976 et
4202 4921 4674 4997 convenerunt,
4722 4916 4895 5002 quod

1253 5023 1415 5087 nulli
1462 5021 1653 5085 alteri
1699 5027 1964 5085 actenus
2012 5019 2091 5082 de
2140 5018 2326 5082 dictis
2372 5017 2565 5082 rebus
2612 5018 2911 5101 venditis,
2946 5026 3059 5083 aut
3106 5019 3324 5106 aliqua
3371 5041 3591 5083 earum
3640 5018 3932 5083 fecerunt
3970 5020 4426 5105 venditionem,
4459 5021 4893 5106 donationem,

1253 5138 1366 5194 ant
1413 5129 1687 5193 alicuius
1736 5127 2002 5191 alterins
2070 5134 2252 5190 actus
2313 5126 2417 5190 vel
2479 5126 2929 5209 contrachtus,
2979 5126 3508 5191 allienaccionem
3553 5126 3616 5190 in
3663 5126 3958 5191 fraudem
4012 5129 4328 5214 presentis
4375 5129 4783 5194 alienationis
4831 5138 4896 5195 et

1252 5237 1703 5319 contrachtus,
1752 5235 1856 5300 vel
1903 5257 2020 5321 per
2067 5255 2262 5321 quam
2308 5234 2477 5299 dicto
2525 5235 2837 5321 emptori,
2888 5241 2953 5299 et
2999 5235 3171 5321 parti
3216 5234 3640 5321 preiudicium
3696 5234 3959 5321 aliquod
4020 5242 4367 5321 generetur
4427 5237 4532 5300 vel
4595 5239 4896 5322 generari

1251 5345 1533 5433 possint3
1583 5343 1755 5430 quod
1801 5344 1856 5407 si
1903 5342 2277 5430 apparuerit
2324 5342 2543 5428 aliquo
2592 5349 2882 5428 tempore
2929 5342 3432 5425 contrafactum,
3481 5348 3546 5406 et
3592 5364 3674 5406 ex
3720 5342 3842 5406 hoc
3890 5342 4097 5407 dictus
4145 5351 4395 5430 emptor
4450 5350 4515 5408 et
4575 5366 4729 5431 pars
4788 5345 4892 5409 vel

1251 5475 1475 5519 eorum
1520 5451 1793 5516 heredes
1842 5458 1906 5516 et
1952 5471 2321 5514 succesores
2369 5449 2722 5536 dampnum
2769 5449 3034 5535 aliquod
3079 5456 3475 5535 paterentur,
3509 5449 3982 5514 conservabunt
4027 5449 4199 5537 ipsos
4246 5458 4311 5515 et
4357 5472 4580 5515 eorum
4622 5452 4891 5517 heredes

1250 5568 1315 5626 et
1362 5581 1765 5625 successores
1812 5580 2038 5623 eornm
2085 5558 2484 5643 indempnes.
2532 5557 2829 5644 Insuper,
2879 5557 3177 5644 precibus
3225 5564 3290 5622 et
3335 5557 3656 5621 mandatis
3702 5556 3856 5621 dicti
3902 5556 4144 5621 domini
4189 5557 4489 5641 Martini,
4539 5581 4607 5623 se
4655 5560 4890 5646 princi-

1250 5669 1467 5755 palem
1513 5667 1929 5749 constituens,
1980 5666 2415 5752 promiserunt
2462 5664 2631 5730 dicto
2679 5665 2938 5730 domino
2985 5664 3244 5730 Bonino
3291 5664 3627 5750 recipienti
3673 5671 3744 5728 ut
3789 5663 4031 5728 dictum
4075 5671 4193 5748 est,
4242 5666 4599 5752 predictam
4642 5674 4894 5753 partem

1247 5776 1478 5840 domus
1524 5782 1589 5839 et
1637 5774 1830 5837 turris
1877 5773 2187 5860 predicte,
2222 5773 2304 5837 ab
2354 5773 2493 5859 ipso
2539 5771 2822 5837 Martino
2872 5772 3201 5837 venditam
3248 5771 3370 5858 ipsi
3415 5772 3816 5858 procuratori
3863 5778 3928 5836 et
3976 5772 4167 5859 parti,
4210 5773 4497 5858 legitime
4545 5773 4891 5839 defendere

1248 5891 1315 5949 et
1361 5883 1704 5965 auctorari,
1746 5889 1820 5946 et
1867 5904 1935 5946 se
1985 5883 2307 5945 facturum
2355 5889 2421 5945 et
2467 5888 2862 5964 curaturum,
2912 5880 3084 5946 omni
3130 5881 3512 5968 exceptione
3559 5887 3842 5963 remota,
3893 5880 4064 5966 quod
4119 5881 4326 5946 dictus
4380 5880 4700 5946 Martinus
4747 5904 4891 5969 pre·

1250 5991 1491 6056 dictam
1539 5990 1977 6054 venditionem
2026 6010 2065 6052 a
2112 6010 2180 6052 se
2229 5988 2469 6052 factam
2516 5994 2580 6052 et
2628 5988 2844 6052 omnia
2892 5996 2956 6052 et
3003 5987 3261 6073 singula
3295 6009 3492 6074 supra
3523 5988 3762 6073 scripta
3795 5994 4105 6074 perpetuo
4139 5989 4323 6051 firma
4357 5994 4421 6052 et
4454 5995 4595 6051 rata
4629 5989 4892 6054 habebit

1248 6106 1312 6164 et
1359 6099 1605 6162 tenebit
1653 6105 1717 6162 et
1765 6119 1895 6162 non
1942 6097 2386 6161 contraveniet
2433 6096 2513 6160 de
2561 6097 2698 6159 iure
2747 6097 2852 6161 vel
2900 6096 2979 6160 de
3029 6095 3199 6160 facto
3249 6117 3332 6159 ex
3394 6096 3819 6159 instrumento
3881 6095 4123 6160 domini
4168 6095 4370 6160 Juani
4416 6095 4495 6160 de
4543 6095 4892 6182 Bentengli

1251 6206 1506 6289 notarii,
1540 6207 1682 6271 heri
1729 6205 1902 6269 facto
1949 6204 2244 6269 Bononie
2293 6204 2357 6267 in
2406 6204 2642 6269 scholis
2690 6204 2995 6268 Fratrum
3039 6203 3559 6287 Predicatorum,
3594 6203 3999 6290 presentibus
4047 6202 4246 6267 fratre
4295 6203 4587 6269 Gerardo
4636 6203 4716 6268 de
4764 6203 4893 6268 Tn-

1246 6315 1452 6399 schis,
1501 6315 1702 6379 fratre
1766 6313 2116 6377 Brandano
2180 6312 2259 6376 de
2328 6311 2609 6377 Saliceto
2673 6311 2752 6376 de
2824 6311 3066 6377 Ordine
3136 6310 3656 6393 Predicatorum,
3704 6310 3961 6381 domino
4024 6317 4088 6374 ct
4153 6310 4462 6397 magistro
4524 6311 4891 6375 Rolandino

1407 6548 1486 6612 (1)
1528 6546 1633 6598 Sic.
