5542 7775
1637 656 2099 709 SPEOTANTIA
2156 659 2259 708 AD
2317 658 2827 710 PROFESSORES
2884 661 3096 712 JURls
3154 659 3421 711 CIVILIS
4200 643 4344 713 147

707 810 1060 909 redirent,
1119 819 1195 886 at
1250 821 1627 910 postquam
1685 814 2035 889 intellexit
2090 814 2263 889 nihil
2320 817 2659 914 proficere
2719 842 2947 915 posse,
2989 820 3075 890 de
3134 819 3456 891 omnibus
3514 820 3889 893 certiorem
3946 820 4115 892 fecit
4154 844 4344 893 sum-

710 960 903 1008 mum
958 937 1400 1033 Pontificem,
1444 939 1586 1034 qui,
1628 948 2006 1037 expectato
2065 941 2259 1037 prius
2316 941 2630 1013 adventu
2689 942 3089 1016 medietatis
3146 945 3756 1040 quadragesimae,
3797 945 4185 1042 promissae
4234 968 4348 1016 ra-

710 1060 1112 1134 tificationis
1169 1063 1494 1158 termine,
1538 1089 1623 1136 ac
1680 1064 1975 1138 ulterius
2033 1065 2189 1138 aliis
2241 1065 2561 1163 pluribus
2615 1067 2974 1140 mensibus
3027 1069 3427 1164 transactis,
3472 1070 3759 1142 tandem
3798 1078 4159 1167 comperto
4195 1077 4349 1140 tum

709 1187 899 1281 quod
954 1185 1335 1261 Thadaeus
1391 1213 1521 1285 pro
1579 1187 2098 1263 Conservatore
2159 1189 2468 1263 civitatis
2524 1216 2599 1265 se
2656 1202 2938 1287 gereret
2991 1201 3143 1265 tum
3194 1194 3384 1290 quod
3421 1218 3663 1268 omnes
3708 1194 3827 1267 alii
3884 1193 4221 1267 officiales
4277 1193 4348 1266 in

709 1334 950 1385 eorum
1027 1312 1257 1386 officio
1332 1315 1870 1410 continuarent,
1931 1322 2084 1387 tum
2157 1315 2440 1389 demum
2497 1318 2687 1414 quod
2743 1319 3066 1414 magistri
3124 1318 3522 1393 scholarum
3582 1321 4009 1415 edocebant,
4071 1318 4347 1393 schola-

705 1461 960 1533 resque
1018 1440 1425 1535 audiebant,
1485 1441 1759 1536 aJentes
1815 1441 2006 1537 quod
2060 1441 2314 1514 saltem
2370 1443 2443 1513 in
2498 1444 2854 1516 suburbiis
2911 1445 3147 1517 studia
3201 1445 3354 1518 fieri
3411 1455 3723 1542 possent,
3774 1445 4142 1542 completis
4198 1470 4348 1519 mo-

705 1563 1150 1637 nitorialibus
1209 1565 1532 1638 omnibus
1588 1566 1932 1662 terminis,
1974 1566 2046 1638 in
2084 1566 2219 1639 hac
2276 1567 2665 1665 apostolica
2723 1569 3025 1666 epistola
3081 1570 3397 1643 decrevit
3454 1570 3869 1644 Thadaeum
3925 1595 3970 1644 a
4025 1569 4218 1643 nullo
4276 1571 4350 1644 in

707 1686 1301 1762 Conservatorem
1341 1690 1650 1763 civitatis
1679 1690 2042 1764 Bononiae
2083 1693 2515 1787 recognosci,
2548 1718 2633 1766 ac
2673 1695 2997 1767 eamdem
3037 1695 3397 1768 civitatem
3438 1695 3820 1791 beneficiis,
3855 1696 4108 1790 feudiS,
4142 1720 4346 1792 prae-

703 1814 1047 1909 rogativis
1103 1839 1188 1887 ac
1245 1814 1493 1888 Studio
1550 1815 1866 1911 generali
1921 1817 2273 1913 privatam
2335 1817 2656 1913 intelligi,
2715 1827 2787 1891 et
2844 1819 3111 1892 dictum
3168 1819 3618 1915 Thadaeum,
3668 1830 4016 1916 quatenus
4072 1821 4145 1892 in
4203 1832 4346 1893 ter-

703 1940 894 2013 mino
950 1939 1250 2014 aliorum
1306 1941 1522 2013 trium
1560 1942 1907 2014 mensium
1947 1967 2086 2015 non
2124 1943 2595 2040 resipisceret,
2638 1944 3041 2019 durioribus
3080 1947 3325 2043 poenis
3365 1946 3516 2019 fore
3556 1947 3985 2019 vexandum.
4029 1946 4346 2035 Quorum

706 2065 1018 2137 omnium
1074 2065 1361 2162 eisdem,
1422 2067 1509 2138 de
1567 2067 1822 2163 quibus
1877 2068 1949 2139 in
2007 2067 2213 2140 titulo
2270 2068 2478 2164 hujus
2534 2094 2938 2167 processuS,
2997 2070 3548 2168 publicationem
3608 2071 4013 2144 demandat.
4076 2070 4342 2144 Datum

706 2191 1064 2263 Avenioni
1118 2191 1249 2264 VI.
1310 2191 1452 2265 kal.
1512 2193 1957 2290 septembris,
2017 2218 2204 2267 anno
2263 2195 2510 2291 quinto
2543 2192 2645 2267 (¹).

918 2317 1382 2391 Postmodum
1439 2318 1828 2390 instructus
1883 2318 2018 2391 fuit
2075 2319 2257 2392 alter
2313 2328 2562 2392 contra
2615 2320 3099 2394 Bononienses
3150 2346 3545 2418 processuS,
3587 2322 3707 2419 qui
3746 2322 4061 2395 continet
4110 2322 4346 2395 omnia

704 2467 885 2538 quae
942 2442 1285 2537 magister
1340 2441 1576 2537 Guigo
1635 2442 1720 2515 (le
1787 2443 2048 2517 Sancto
2124 2444 2527 2537 GermanO,
2586 2445 3017 2542 apostolicae
3094 2446 3294 2519 Sedis
3365 2446 3724 2539 NunciuS,
3785 2456 4030 2542 egerat
4104 2447 4173 2518 in
4247 2446 4343 2518 ci-

703 2568 926 2641 vitate
999 2568 1364 2641 Bononiae
1442 2578 1513 2641 et
1587 2593 1767 2665 quae
1827 2569 2056 2642 eidem
2124 2571 2571 2665 contigerant
2640 2572 2917 2666 agendo
2993 2571 3079 2643 de
3154 2571 3722 2645 reconciliatione
3772 2573 3987 2667 juxta
4042 2573 4344 2644 formam

703 2693 1094 2792 primarum
1148 2693 1517 2767 literarum
1572 2719 1733 2766 cum
1790 2694 2317 2768 Communitate
2376 2704 2446 2768 et
2502 2696 2763 2793 populo
2822 2696 3131 2769 civitatis
3190 2706 3260 2769 et
3317 2697 3679 2770 districtus
3735 2697 4209 2791 bononiensis,
4262 2720 4346 2767 ac

704 2843 864 2892 cum
920 2818 1260 2892 Thadaeo
1318 2818 1405 2891 de
1472 2819 1762 2916 Pepulis
1834 2828 1905 2891 et
1980 2820 2536 2916 quibuscumque
2606 2821 2760 2893 aliis
2832 2821 3175 2918 personis.
3238 2821 3850 2910 Quemadmodum
3925 2846 4093 2894 vero
4168 2820 4346 2892 haec

701 2944 948 3040 legalis
1006 2944 1256 3017 relatio
1314 2945 1628 3017 continet
1684 2953 2015 3017 exactum
2074 2944 2398 3041 diarium,
2442 2971 2583 3019 non
2639 2947 2766 3019 abs
2823 2971 2899 3018 re
2958 2947 3092 3018 erit
3147 2945 3317 3019 illud
3374 2947 3777 3019 summatim
3837 2945 3950 3018 hic
4006 2946 4341 3018 indicare.

916 3070 1061 3143 Sub
1134 3093 1320 3142 anno
1394 3068 2153 3163 MCCCXXXVIII.,
2221 3071 2474 3144 XXX.
2535 3071 2995 3168 septembris,
3055 3081 3126 3144 et
3200 3070 3653 3169 pontificatus
3721 3071 4090 3144 Benedicti
4163 3070 4339 3143 XII.

701 3219 887 3268 anno
945 3196 1230 3291 quinte,
1293 3195 1699 3293 praedictus
1774 3194 2098 3268 Nuncius
2170 3197 2531 3291 ingressus
2604 3196 2739 3269 fuit
2809 3197 2880 3268 in
2937 3197 3301 3269 civitatem
3357 3196 3765 3292 Bononiae,
3826 3221 3910 3270 ac
3965 3197 4038 3268 in
4096 3198 4345 3269 eadem

702 3320 1081 3394 honorifice
1139 3329 1475 3417 acceptus
1531 3346 1573 3392 a
1631 3320 1945 3416 civibus»,
2005 3321 2445 3394 scholaribus
2522 3329 2594 3394 et
2664 3321 3003 3395 Thadaeo
3075 3323 3160 3395 de
3218 3321 3546 3419 Pepulis,
3608 3347 3766 3394 cum
3842 3346 3981 3420 quo
4055 3346 4343 3420 prorsus

701 3447 941 3519 extitit
997 3447 1069 3518 in
1125 3445 1393 3544 palatio
1452 3445 1863 3518 Communis
1920 3446 2230 3519 civitatis
2287 3447 2716 3544 praedictae,
2762 3446 2948 3543 quod
2990 3456 3159 3520 tunc
3215 3449 3305 3520 ab
3363 3448 3614 3519 eodem
3670 3446 4008 3521 Thadaeo
4065 3447 4341 3520 inhabi-

698 3573 1013 3645 tabatur.
2514 3570 2521 3577 ⁴

913 3696 1047 3769 Die
1104 3697 1335 3794 prima
1379 3696 1694 3792 januarii
1750 3695 2390 3769 MCCCXXXIX.
2435 3697 2763 3795 exposita
2820 3697 2954 3769 fuit
3010 3699 3100 3770 ab
3157 3698 3407 3771 eodem
3462 3697 3743 3771 Nuncio
3803 3708 3949 3770 tam
4003 3697 4341 3769 Thadaeo

699 3822 786 3897 de
842 3823 1132 3922 Pepulis
1189 3847 1402 3921 quam
1458 3822 1607 3894 fere
1664 3822 2090 3918 sexagiunta
2147 3822 2416 3896 civibus
2475 3824 2581 3896 sui
2639 3823 2990 3897 adventus
3049 3847 3302 3920 causa,
3364 3823 3456 3898 ad
3511 3823 3814 3897 formam
3871 3822 4343 3919 capitulorum

697 3950 771 4022 in
827 3950 1072 4048 primis
1127 3949 1351 4022 literis
1407 3947 1999 4021 reconciliationis
2058 3957 2593 4044 contentorum3
2637 3974 2777 4045 quo
2829 3950 3072 4022 audito
3130 3950 3510 4023 Thadaeus
3568 3950 3871 4023 asseruit
3938 3948 4125 4044 quod
4181 3960 4340 4021 cssum

688 4075 843 4171 jam
896 4076 1047 4173 ipse
1105 4075 1319 4147 suerit
1377 4074 1466 4147 ad
1525 4075 1747 4146 vitam
1805 4073 2072 4146 electus
2128 4074 2607 4148 Conservator
2677 4075 3030 4170 civitatis,
3091 4100 3230 4148 non
3307 4083 3587 4172 poterat
3661 4075 3946 4171 quidem
4016 4074 4340 4171 praefata

702 4201 1293 4274 reconciliationis
1349 4199 1661 4298 capitula
1716 4198 2072 4296 amplecti,
2136 4207 2341 4273 utens
2399 4201 2720 4297 sequenti
2781 4201 3008 4273 dicto:
3085 4230 3120 4270 «
3180 4201 3380 4292 Quod
3410 4202 3573 4298 jam
3614 4224 3827 4297 equus
3864 4207 4139 4272 tantam
4180 4207 4341 4271 ante

688 4333 1160 4423 processerat,
1216 4326 1400 4423 quod
1456 4349 1593 4397 non
1648 4331 1917 4422 poterat
1970 4327 2258 4397 retroire
2315 4351 2385 4421 »,
2445 4325 2770 4398 addendo
2830 4324 3125 4398 ulterius
3183 4326 3252 4397 in
3311 4325 3576 4398 eisdem
3645 4325 3868 4398 literis
3934 4324 4340 4422 apostolicis

701 4450 907 4548 plura
963 4451 1308 4524 contineri
1366 4450 1677 4548 capitula
1734 4475 1913 4546 quae
1971 4450 2519 4524 inobservabilia
2574 4451 3087 4549 propemodum
3162 4460 3404 4546 erant;
3463 4451 3650 4523 inter
3705 4475 3886 4547 quae
3943 4451 4077 4523 sibi
4135 4449 4338 4522 valde

699 4576 1151 4674 displicebat:
1212 4577 1270 4650 I.
1330 4576 1402 4648 in
1470 4601 1910 4673 quocumque
1977 4576 2288 4673 capitulo
2359 4577 2607 4650 adesse
2684 4575 3073 4649 clausulam
3132 4579 3392 4672 (qnam
3464 4575 3947 4673 serpentinam
4007 4576 4339 4669 vocavit)

698 4703 888 4798 quod
943 4727 1197 4799 nempe
1253 4701 1771 4797 intelligeretur
1840 4702 2168 4799 apposita
2242 4726 2472 4799 poena
2540 4702 3047 4775 reincidentiae
3105 4701 3176 4773 in
3234 4725 3403 4774 casu
3470 4700 4074 4774 contraventionis
4130 4701 4338 4773 unius

698 4829 914 4902 etiam
971 4852 1063 4900 ex
1121 4835 1225 4900 tot
1284 4827 1651 4900 conventis
1706 4825 2072 4924 capitulis;
2133 4827 2229 4900 ΙΙ.
2289 4827 2632 4922 injustum
2688 4851 2842 4899 esse
2890 4826 3279 4923 capitulum
3319 4827 3506 4898 circa
3546 4825 3879 4923 expulsos
3920 4850 4010 4898 ex
4049 4851 4132 4900 eo
4172 4826 4338 4922 quia

680 4953 976 5050 ,quoties
1032 4953 1440 5025 eorumdem
1497 4952 1997 5024 admitteretur
2052 4952 2412 5047 ingressus
2467 4952 2538 5024 in
2606 4951 2936 5046 civitate,
2995 4952 3208 5024 iidem
3263 4951 3618 5023 vindictae
3676 4949 4044 5023 dulcedine
4102 4949 4337 5022 allecti

697 5079 1009 5152 nefanda
1063 5076 1331 5150 scelera
1388 5077 1952 5173 committerent;
2011 5077 2148 5150 ΙΙΙ.
2210 5077 2396 5172 quod
2456 5076 2846 5174 capitulum
2882 5078 3070 5149 circa
3105 5076 3733 5171 reintegrationem
3769 5076 4114 5149 bonorum
4157 5075 4333 5148 Car-

698 5204 951 5277 dinalis
1006 5203 1302 5298 Legati,
1362 5227 1522 5275 cum
1580 5202 1787 5299 plura
1842 5202 2143 5275 fuissent
2199 5203 2288 5274 ab
2347 5202 2594 5274 eodem
2652 5201 3018 5275 Cardinali
3082 5202 3555 5299 oppignorata
3608 5225 3737 5297 pro
3793 5199 3964 5274 MD.
4025 5199 4332 5295 florenis,

696 5329 1105 5403 eorumdem
1142 5328 1498 5401 restitutio
1537 5352 1679 5400 non
1717 5327 2003 5423 quidem
2040 5326 2544 5400 satisfactionis
2600 5327 2724 5400 sed
2772 5326 3196 5400 extorsionis
3237 5335 3520 5423 saperet
3559 5334 3927 5421 naturam,
3969 5325 4102 5398 IV.
4148 5324 4335 5421 quod

698 5479 859 5528 cum
922 5454 1157 5527 variae
1216 5452 1576 5526 clausulae
1634 5452 1704 5524 in
1760 5452 2026 5524 eisdem
2080 5450 2305 5526 literis
2359 5459 2736 5525 contentae
2795 5451 3123 5549 capitulis
3180 5451 3542 5524 difformes
3580 5460 3838 5546 essent,
3880 5450 4044 5523 hinc
4084 5474 4336 5546 seque-

697 5589 896 5653 retur
951 5578 1065 5652 vel
1120 5579 1482 5674 negotium
1540 5579 1806 5673 absque
1864 5579 2274 5651 earumdem
2332 5575 2810 5650 clausularum
2865 5576 3259 5649 irritatione
3317 5575 3654 5674 compleri
3708 5600 3850 5648 non
3905 5600 4153 5673 posse,
4212 5584 4338 5647 aut

699 5705 887 5802 quod
943 5702 1198 5777 saltem
1253 5704 1402 5777 fieri
1462 5711 1823 5800 oporteret
1877 5728 2064 5775 nova
2119 5703 2479 5800 expeditio
2537 5702 2626 5775 ad
2684 5700 2971 5774 Curiam
3031 5701 3119 5774 ad
3179 5701 3311 5774 hoc
3357 5710 3433 5773 nt
3490 5701 3819 5798 praefata
3875 5699 4187 5797 capitula
4223 5724 4335 5772 re-

684 5819 1200 5903 'formarentun

912 5956 1129 6029 Hisce
1189 5957 1725 6053 exceptionibus
1797 5955 2161 6053 respondit
2217 5953 2540 6028 Nuncius
2613 5956 2802 6051 quod
2872 5980 3033 6027 cum
3090 5955 3179 6028 ad
3239 5964 3506 6028 certam
3582 5978 3871 6027 causam
3942 5953 4335 6025 destinatus

698 6082 958 6178 fuerit,
1018 6106 1160 6155 non
1215 6090 1497 6178 poterat
1556 6081 1689 6153 nisi
1747 6080 2149 6154 executoris
2205 6079 2506 6175 figuram
2562 6104 2853 6177 gerere,
2914 6090 2984 6153 et
3042 6081 3231 6176 quod
3286 6080 3358 6152 in
3416 6103 3852 6177 consequens
3920 6079 4155 6151 omnia
4210 6102 4338 6176 per

698 6232 817 6281 eos
878 6207 1241 6305 proposita
1297 6208 1582 6305 penitus
1639 6207 2044 6304 respuebat.

860 6493 938 6559 (1)
978 6490 1117 6544 Vide
1157 6491 1274 6543 sub.
1314 6507 1463 6543 num.
1502 6490 1704 6557 LXV„
1741 6507 1788 6544 c.
1830 6494 1932 6544 108
1970 6495 2026 6545 et
2059 6508 2209 6561 seqq.
