5542 7775
2181 668 2565 719 APPENDIX
2617 668 2921 720 ALTERA

826 821 917 887 ΙΙ.
967 822 1147 888 Obiit
1193 824 1490 889 dominus
1539 823 1914 888 Theudinus
1952 823 2290 911 episcopus
2326 845 2473 910 por-

706 931 970 995 tuensis.

826 1037 1006 1103 Obiit
1037 1038 1354 1126 dompnus
1378 1038 1701 1125 Ugolinus
1726 1039 1998 1103 condam
2031 1038 2207 1125 prior
2232 1044 2469 1121 noster,

703 1145 982 1230 optimus
1014 1146 1401 1232 predicator.
1433 1147 1638 1211 Vivat
1666 1146 1735 1210 in
1770 1145 2047 1211 Christo.
2082 1146 2317 1210 Amen.

828 1251 1008 1317 Obiit
1067 1252 1385 1339 dompnus
1445 1253 1796 1317 Bastianus
1854 1253 2221 1335 canonicus,
2270 1251 2472 1316 frater

705 1366 943 1442 noster,
993 1368 1058 1424 et
1112 1368 1323 1426 rector
1383 1361 1593 1445 major
1654 1360 1915 1425 Ordinis
1978 1360 2213 1441 nostri,
2261 1366 2325 1423 et
2371 1379 2470 1423 se·

702 1468 920 1553 pultus
967 1474 1065 1532 est
1113 1468 1178 1532 in
1224 1468 1554 1533 mausoleo
1602 1475 1753 1532 ante
1801 1467 2008 1531 altare
2055 1467 2266 1551 majus
2299 1486 2468 1530 anno

706 1574 1157 1640 MOCOXXX.

824 1682 1020 1747 XIII.
1054 1682 1369 1746 kalendas
1403 1682 1646 1768 aprilis,
1692 1681 1869 1747 Obiit
1917 1681 2212 1746 dominus
2257 1680 2469 1744 Bene-

700 1788 968 1871 intendi‚
1016 1789 1240 1854 doctor
1283 1789 1523 1875 legum,
1573 1790 1939 1871 canonicae,
1981 1789 2184 1852 frater
2227 1795 2466 1870 noster,

702 1897 1073 1963 MCCXIX.

824 2005 953 2068 III.
1002 2003 1337 2068 kalendas.
1390 2003 1570 2068 Obiit
1628 2003 1947 2092 presbiter
1991 2000 2470 2087 Benteve[g]na

700 2115 987 2199 scolaris,
1043 2135 1082 2178 a
1131 2135 1257 2200 quo
1304 2114 1649 2178 habuimus
1694 2113 1912 2188 XXX.
1960 2114 2078 2177 sol.

1432 2257 1741 2322 Apmms.

823 2404 1049 2468 Nonis.
1110 2402 1289 2468 Obiit
1351 2403 1725 2485 Albericus,
1775 2403 2037 2487 reginus
2094 2402 2469 2488 episcopus,

704 2512 812 2598 qui
845 2512 969 2576 fuit
1000 2511 1177 2597 prior
1209 2517 1446 2575 noster.
1472 2510 1670 2574 Vivat
1703 2510 1769 2573 in
1803 2509 2059 2575 Christo
2094 2508 2470 2575 MOLXIII.

826 2618 981 2683 VII.
1031 2619 1195 2682 idus.
1246 2617 1425 2683 Obiit
1470 2617 1787 2702 dompnus
1835 2616 2155 2680 Martinus
2201 2638 2470 2681 venera-

700 2726 849 2790 bilis
899 2726 1220 2808 sacerdos,
1270 2726 1445 2811 prior
1492 2731 1709 2788 noster
1755 2724 2152 2789 MOLXXV.

824 2834 954 2898 III.
1002 2832 1340 2897 kalendas.
1388 2832 1567 2898 Obiit
1613 2832 1924 2917 magister
1969 2833 2290 2915 Jacobus,
2339 2832 2470 2898 De-

699 2949 1021 3007 eretorum
1052 2940 1297 3020 doctor,
1331 2941 1678 3005 canonieus
1727 2946 1792 3004 et
1839 2939 2040 3003 frater
2089 2946 2326 3024 noster,
2359 2940 2473 3026 qui

701 3051 823 3115 fuit
856 3049 1357 3135 archipresbiter
1387 3048 1867 3133 Montivegli(¹)
1901 3048 1980 3112 de
2014 3048 2370 3131 Lazarinis,
2407 3055 2472 3112 et

700 3159 878 3245 prior
924 3156 1133 3221 saneti
1178 3156 1482 3238 Victoris,
1518 3156 1628 3241 qui
1674 3177 1790 3241 per
1836 3155 2071 3220 multos
2112 3176 2315 3221 annos
2349 3155 2472 3220 fuit

702 3265 998 3352 publicus
1045 3264 1475 3328 Decretorum
1519 3263 1846 3349 professor
1893 3263 1958 3326 in
2012 3262 2187 3326 alma
2248 3270 2468 3327 nostra

701 3372 1080 3436 bononiensi
1126 3370 1568 3435 Universitate
1617 3391 1786 3434 anno
1833 3369 2258 3434 MCOOVIII.

824 3479 915 3544 II.
974 3478 1311 3542 kalendas.
1379 3478 1558 3543 Obiit
1602 3476 1898 3541 dominus
1960 3478 2284 3542 Henricus
2351 3478 2464 3542 bo-

703 3586 1030 3651 noniensis
1079 3586 1440 3671 episeopus,
1482 3585 1685 3649 frater
1731 3592 1969 3668 noster,
2018 3586 2128 3670 qui
2173 3584 2466 3671 sepultus

700 3701 797 3759 est
858 3695 924 3757 in
995 3693 1268 3757 eeclesia
1335 3693 1540 3757 sancti
1609 3692 1890 3756 Victoris
1963 3713 2132 3756 anno
2202 3692 2467 3756 Domini

699 3800 1059 3866 MCCXLI.

1458 3908 1715 3973 Mases.

824 4053 952 4119 III.
988 4053 1150 4117 idus.
1196 4052 1375 4118 Obiit
1419 4052 1713 4118 dominus
1760 4052 2059 4118 Andreas
2107 4054 2465 4136 alamanus,

706 4183 980 4248 magnus
1026 4162 1301 4247 scriptor
1344 4160 1984 4226 MCDLXXXVIII.

831 4269 921 4334 II.
971 4269 1150 4334 Obiit
1196 4269 1397 4333 frater
1441 4269 1727 4334 Jacobus
1774 4269 1854 4334 de
1900 4268 2275 4354 Ungarellis
2324 4268 2466 4332 mil-

705 4376 1058 4463 lipotensis,
1107 4377 1218 4463 qui
1263 4376 1387 4441 fuit
1432 4377 1778 4442 canonicus
1825 4383 1890 4441 et
1934 4376 2138 4440 frater
2181 4383 2420 4441 noster.

827 4483 1049 4548 XVII.
1084 4484 1399 4548 kalendas
1440 4484 1627 4569 junii.
1664 4483 1842 4548 Obiit
1874 4483 2189 4571 dompnus
2220 4484 2468 4549 Paulus

705 4592 1078 4656 veronensis
1123 4592 1597 4657 literatissimus
1645 4612 1869 4656 servus
1923 4592 2071 4674 Dei,
2122 4591 2468 4657 canonicus

704 4707 923 4764 noster
969 4707 1034 4764 et
1073 4701 1250 4786 prior
1278 4699 1659 4764 vicentinus.
1694 4698 1873 4764 Obiit
1903 4698 2202 4764 Ferrarie
2237 4700 2299 4763 in
2335 4722 2470 4765 mo-

705 4809 985 4872 nasterio
1033 4809 1238 4872 sancti
1283 4807 1520 4872 Lazari
1564 4814 1852 4893 tempore
1911 4807 2195 4893 Capituli
2257 4808 2468 4873 Gene-

703 4915 860 4978 ralis
908 4936 1076 4978 anno
1123 4914 1385 4979 Domini
1431 4914 1892 4999 MCDL11.(2)‚
1934 4937 2209 5001 magnus
2254 4916 2470 5001 predi-

705 5029 904 5102 cator,
953 5021 1051 5084 vir
1098 5028 1164 5085 et
1210 5028 1426 5086 orator
1471 5021 2036 5086 luculentissimus.

826 5129 912 5193 X.
960 5128 1297 5192 kalendas.
1347 5129 1524 5193 Obiit
1585 5130 1902 5216 dompnus
1942 5130 2227 5213 Petrus,
2276 5151 2470 5195 vene-

698 5237 927 5301 rabilis
984 5243 1049 5300 et
1112 5237 1389 5322 optimus
1454 5237 1630 5322 prior
1689 5244 1926 5319 noster,
1977 5258 2146 5301 anno
2206 5237 2471 5301 Domini

703 5343 1046 5409 MOXXX.

829 5450 985 5515 VII.
1030 5449 1407 5516 MCDLIII.
1454 5451 1557 5516 die
1610 5451 1863 5516 XXVI.
1912 5451 2130 5515 madii.
2178 5451 2470 5516 Venera-

704 5558 851 5623 bilis
905 5565 1091 5645 pater
1137 5559 1431 5623 dominus
1478 5558 1972 5623 Bartholomeus
2020 5557 2099 5623 de
2146 5557 2471 5623 Pasolinis

705 5665 783 5731 de
828 5666 1159 5749 Bononia,
1208 5665 1309 5729 vir
1373 5666 1724 5729 innumeris
1794 5673 2059 5730 ornatus
2122 5666 2470 5731 virtutibus

705 5774 815 5859 qui
897 5773 1020 5837 hoc
1103 5772 1563 5836 monasterium
1641 5771 1871 5837 Ordini
1956 5779 2176 5837 nostro
2253 5773 2468 5857 dedit3

703 5885 1040 5969 ipsumque
1087 5882 1380 5967 plurimis
1435 5881 1702 5946 edificiis
1757 5889 1822 5946 et
1873 5882 2271 5946 ornamentis
2333 5903 2467 5946 am-

703 5990 952 6076 pliavit.
986 5989 1144 6053 Post
1189 5988 1445 6053 labores
1491 5988 1801 6074 plurimos
1850 6009 2009 6073 quos
2051 5988 2467 6074 predicando,

702 6097 1062 6177 scribendo,
1113 6095 1547 6160 confessiones
1595 6094 1916 6159 audiendo
1964 6094 2275 6179 [sustulit]
2323 6118 2468 6160 eum

702 6203 918 6267 LXII.
969 6203 1153 6267 annis
1217 6203 1282 6266 in
1343 6202 1686 6287 Religione
1749 6209 2249 6290 perseverasset,
2298 6224 2469 6268 anno

811 6453 888 6517 (1)
929 6450 1131 6517 Verba,
1157 6466 1298 6520 quae
1323 6453 1643 6520 sequuntur,
1669 6466 1837 6503 manu
1865 6451 2155 6503 admodum
2181 6447 2475 6504 recentiori

704 6540 904 6592 addita.

937 6750 1057 6788 ΤΟΜ
1095 6750 1158 6787 11.

4217 651 4367 723 289

2602 824 2795 889 etatis
2842 846 2956 888 sue
3003 823 3249 889 LXXI.
3295 824 3547 889 felicem
3598 823 3853 890 Christo
3902 825 4185 889 animam
4231 826 4376 891 red-

2600 930 2785 996 didit.

2724 1038 2807 1103 V.
2857 1038 3035 1104 Obiit
3082 1039 3445 1105 Aimericus
3494 1040 3919 1104 cancellarius
3965 1040 4212 1123 Rome,
4261 1041 4370 1126 qui

2600 1146 2862 1231 reliquit
2907 1146 3092 1210 nobis
3138 1145 3289 1210 XX.
3338 1147 3562 1210 uncias
3610 1147 3772 1211 auri.

3354 1253 3394 1318 J
3401 1272 3630 1318 mnus.

2722 1360 3058 1425 Kalendis.
3108 1361 3287 1427 Obiit
3333 1361 3480 1447 Ugo
3528 1362 3923 1445 causidicus,
3973 1362 4248 1427 clericus
4309 1371 4375 1428 et

2597 1466 2801 1531 frater
2849 1475 3087 1551 noster,
3137 1490 3307 1533 anno
3356 1469 3620 1535 Domini
3667 1469 4109 1535 MCLXVIII.

2723 1576 2802 1640 (3)
2817 1575 2975 1640 VII.
3002 1576 3164 1640 idus.
3199 1576 3380 1642 Obiit
3402 1577 3725 1642 Antonius
3758 1576 3889 1661 [de]
3922 1578 4367 1661 Lamandinis,

2595 1689 2784 1768 pater
2823 1684 3055 1768 prioris
3101 1683 3397 1768 Rodulfi,
3448 1686 3633 1771 cujus
3690 1687 3907 1750 anima
3962 1687 4256 1772 quiescat
4307 1686 4371 1749 in

2594 1810 2758 1875 pace
2804 1789 3359 1856 MCCOXLVIII.

2718 1896 2801 1961 V.
2851 1897 3030 1962 Obiit
3088 1900 3407 1985 presbiter
3476 1900 3792 1964 Fantinus
3866 1900 4372 1987 archipresbiter

2596 2005 2805 2069 sancti
2850 2004 3161 2088 Auxiani,
3211 2005 3414 2071 frater
3461 2014 3680 2072 noster
3727 2008 4031 2073 exterior.

2720 2112 2981 2177 XVIII.
3031 2113 3345 2178 kalendas
3387 2115 3555 2199 julii.
3607 2116 3787 2180 Obiit
3840 2117 4155 2203 magister
4215 2116 4369 2182 Otto

2597 2219 2801 2284 frater
2848 2229 3066 2285 noster
3113 2223 3419 2286 exterior.

2723 2327 2904 2393 Obiit
2951 2328 3110 2393 Gisa
3154 2351 3338 2394 soror
3381 2338 3603 2394 nostra
3649 2331 3954 2396 exterior.

2720 2434 2911 2499 VIII.
2950 2435 3128 2500 Obiit
3160 2435 3420 2500 domina
3453 2437 3694 2502 Oeeilia
3726 2446 3933 2504 mater
3965 2439 4371 2504 dominorum

2598 2541 2832 2607 Jacobi
2877 2550 2942 2606 et
2998 2543 3186 2607 Pauli
3249 2551 3314 2608 et
3374 2545 3678 2609 Lazarini
3732 2546 4066 2610 doctorum
4129 2547 4370 2611 Decre-

2599 2656 2834 2715 torum.

2722 2758 2805 2822 V.
2854 2757 3033 2823 Obiit
3093 2758 3355 2824 domina
3416 2760 3722 2825 Imildina
3798 2762 4132 2844 heremita,
4191 2785 4372 2827 soror

2599 2872 2843 2930 nostra.

3349 2975 3622 3040 «IULIUS.

2723 3082 3061 3146 Kalendis.
3097 3082 3275 3147 Obiit
3306 3083 3602 3146 dominus
3626 3083 3791 3148 Erro
3819 3085 4179 3150 causidicus
4207 3087 4368 3149 ami-

2597 3209 2709 3252 cus
2758 3195 2978 3253 noster
3023 3189 3561 3254 MCLXXXVII.

2719 3296 2848 3360 III.
2897 3317 3121 3361 nonas.
3187 3297 3367 3362 Obiit
3435 3298 3753 3383 presbiter
3821 3298 4142 3363 Rodulfus
4214 3300 4367 3364 olim

2594 3403 2791 3490 prior,
2833 3411 3120 3491 tempore
3169 3406 3354 3489 cujus
3418 3412 3482 3469 et
3529 3405 3740 3469 studio
3789 3405 4236 3470 dormitorium
4298 3417 4363 3471 et

2594 3512 2947 3576 claustrum
2972 3513 3267 3598 superius
3300 3519 3666 3578 constructa
3699 3523 3867 3578 sunt.
3893 3513 4186 3578 Ecclesia
4219 3537 4359 3601 cap.

2594 3618 2888 3705 depicta,
2970 3619 3414 3684 dormitorium
3491 3622 3687 3684 etiam
3764 3623 3970 3685 sancti
4042 3621 4361 3687 Johannis

2592 3734 2920 3790 muratum
2984 3727 3141 3810 fuit,
3190 3748 3306 3813 pro
3370 3748 3517 3813 quo·
3559 3728 3832 3793 sollicite
3880 3729 4196 3793 orandum
4243 3737 4359 3794 est.

2591 3832 2962 3899 MCCXXI.

2717 3941 2944 4006 Nonis.
2994 3942 3176 4007 Obiit
3219 3943 3396 4028 prior
3441 3943 3760 4007 Ribaldus
3804 3943 4308 4009 MCLXXXIX.

2716 4048 3003 4113 (4)VIII.
3053 4049 3216 4114 idus.
3268 4049 3446 4114 Obiit
3514 4051 3785 4114 domnus
3848 4050 4217 4115 Jeronimus
4281 4051 4362 4116 de

2591 4157 2880 4222 Forlivio
2942 4156 3244 4221 sacerdos
3309 4165 3374 4221 et
3437 4158 3784 4223 canonicus
3856 4156 4059 4222 frater
4121 4166 4360 4241 noster,

2592 4285 2669 4328 ac
2716 4265 3026 4349 magister
3087 4265 3475 4330 novitiorum
3537 4272 3825 4351 tempore
3883 4287 4116 4351 magne
4163 4267 4362 4352 pestis

2592 4371 3030 4438 MODXLIX.

2717 4480 2873 4572 VII.
2903 4480 3081 4545 Obiit
3113 4480 3311 4544 Wido
3357 4481 3696 4567 presbiter,
3723 4481 4214 4545 archidiaconus
4260 4503 4363 4545 ra-

2596 4588 2893 4675 vennatis
2939 4588 3252 4671 Ecclesie‚
3299 4588 3502 4652 frater
3547 4595 3766 4653 noster
3811 4589 4115 4653 exterior.

2722 4695 2903 4760 Obiit
2948 4696 3277 4760 Jordanus
3324 4716 3496 4780 mag.
3544 4696 3788 4760 amicus
3835 4703 4073 4760 noster.

2719 4802 2803 4868 V.
2854 4802 3032 4868 Obiit
3077 4804 3312 4868 Petrus
3360 4804 3438 4868 de
3479 4802 3845 4868 Mamelinis
3877 4803 4146 4867 devotus
4179 4803 4364 4868 cleri-

2596 4932 2707 4975 cus
2754 4919 2993 4994 noster,
3043 4912 3153 4997 qui
3200 4911 3459 4997 reliquit
3503 4911 3688 4976 nobis
3736 4933 3923 4974 suum
3969 4910 4365 4974 breviarium

2596 5018 2835 5082 valoris
2883 5018 3259 5083 ducatorum
3309 5018 3494 5082 XVI.
3543 5039 3712 5082 anno
3757 5017 4207 5082 MCDXXIII.

2719 5125 2965 5190 Idibus.
3003 5125 3183 5190 Obiit
3222 5126 3482 5190 domina
3516 5125 3708 5190 Oliva
3740 5146 3922 5189 soror
3954 5124 4215 5211 dompni
4247 5125 4364 5188 Al·

2595 5233 2801 5298 ticlini
2846 5233 3079 5319 prioris
3124 5232 3681 5298 MCOLXXXVI.

2722 5340 2800 5405 (5)
2832 5339 2980 5404 XV.
3016 5339 3330 5404 kalendas
3378 5341 3658 5426 augusti.
3693 5340 3872 5405 Obiit
3914 5339 4115 5404 frater
4146 5339 4362 5403 Bona-

2595 5455 2871 5514 ventura
2919 5455 3108 5511 natus
3173 5448 3466 5533 magistri
3526 5448 3819 5534 Spinelli,
3869 5454 3934 5511 et
3978 5446 4203 5511 doct'or
4249 5447 4360 5509 de-

2595 5563 2952 5639 cretorum,
3002 5578 3118 5643 pro
3182 5577 3309 5641 quo
3373 5555 3717 5621 habuimus
3774 5555 4073 5638 domum,
4123 5555 4189 5618 in
4236 5575 4366 5639 qua

2596 5663 2813 5729 stabat
2857 5663 3265 5749 Zangarinus
3311 5662 3391 5727 de
3439 5663 3802 5727 Becadellis
3849 5662 3968 5726 sub
4012 5662 4216 5728 Podio
4253 5683 4365 5726 no-

2596 5779 2750 5855 stro,
2786 5777 2851 5836 et
2883 5771 3036 5835 fecit
3075 5777 3300 5857 aptare
3348 5791 3673 5836 eameram
3720 5771 4012 5857 pulcram
4058 5771 4126 5834 in
4174 5770 4364 5834 domo

2596 5901 2647 5944 s.
2698 5879 2849 5943 Ghi.
2896 5900 3014 5965 pro
3062 5899 3152 5960 se,
3202 5886 3267 5942 et
3326 5878 3530 5942 multa
3592 5878 3722 5942 alia
3778 5877 3950 5941 bona
3996 5877 4362 5941 habuimus.

2596 5986 2797 6052 Orate
2844 5986 3077 6050 fratres
3124 6007 3242 6072 pro
3291 6006 3389 6050 ee.
3438 5985 3866 6051 MOOOXIII.

2718 6093 2915 6158 XIII.
2966 6093 3145 6157 Obiit
3206 6091 3410 6157 frater
3470 6092 3794 6157 Antonius
3832 6093 4169 6177 Januensis
4226 6113 4364 6157 ere-

2598 6203 2776 6285 mita,
2810 6201 2921 6287 qui
2961 6201 3227 6265 donavit
3267 6201 3451 6265 nobis
3496 6221 3692 6264 unam
3739 6201 4206 6286 pulcherimam
4253 6200 4364 6263 Bi·

2726 6453 2781 6517 (2
2822 6455 2873 6518 3,
2912 6455 2944 6504 4
2984 6454 3046 6504 et
3076 6451 3133 6516 5)
3170 6449 3486 6502 Recentiori
3524 6466 3706 6501 manu.

4137 6734 4202 6784 37
