5542 7775
1202 612 1233 681 1
1251 612 1293 682 2
1306 613 1348 682 4
2787 632 3270 683 uomnssmm

2905 1000 3150 1065 LXVI.

2740 1215 2941 1297 1340,
2993 1217 3076 1279 14
3125 1219 3305 1279 iunii.

1567 1428 1673 1492 Ex
1720 1436 1894 1492 tomo
1944 1426 2259 1493 LXXXI.
2314 1427 2551 1493 Codicis
2596 1429 2976 1514 diplomata-i
3018 1429 3420 1514 bononiensia,
3469 1453 3643 1494 num.
3693 1430 3785 1513 I.,
3833 1452 3890 1494 c.
3939 1433 4068 1495 239
4117 1454 4170 1496 r.
4218 1440 4284 1496 et
4327 1454 4462 1519 seq.

1365 1643 1758 1708 Benedictus
1807 1643 2147 1729 episcopus
2194 1664 2419 1706 servus
2468 1664 2802 1708 servorum
2851 1644 2998 1727 Dei,
3049 1644 3128 1708 ad
3179 1651 3562 1732 perpetuam
3611 1644 3704 1708 rei
3751 1645 4148 1710 memoriam.

1367 1751 1631 1816 Dudum
1679 1750 2136 1815 accedentibus
2183 1750 2266 1814 ad
2316 1752 2739 1837 apostolicam
2808 1752 3044 1817 Sedem
3107 1753 3434 1838 magistris
3495 1752 3705 1816 Paulo
3766 1752 3846 1816 de
3907 1752 4228 1838 Liazarijs
4289 1754 4728 1837 decretorum,
4776 1762 4842 1818 et

1189 1858 1644 1943 Machagnauo
1691 1858 1771 1922 de
1817 1858 2211 1943 Azzoguidis
2261 1879 2337 1921 ac
2378 1857 2575 1922 Petro
2616 1859 2696 1923 de
2730 1858 3078 1946 Bonpetris
3124 1861 3343 1945 legum
3385 1860 3775 1943 doctoribus,
3810 1860 4384 1944 ambaxiatoribus,
4418 1883 4494 1926 ac
4539 1861 4837 1926 Rolando

1190 1965 1515 2053 quondam
1560 1965 1882 2030 «Iohannis
1929 1964 2009 2028 de
2056 1964 2386 2050 Faututijs
2433 1965 2678 2030 sindico
2726 1974 2792 2029 et
2832 1977 3250 2053 procuratore
3299 1988 3374 2030 ac
3417 1968 3643 2030 nuntio
3675 1967 3941 2053 speciali
3973 1967 4431 2051 universitatis,
4465 1968 4836 2033 Communis

1187 2082 1253 2138 et
1300 2073 1521 2160 populi
1571 2072 2084 2155 bononiensium,
2120 2072 2368 2136 civibus
2415 2073 2942 2156 bononiensibus,
2976 2096 3052 2138 ac
3085 2096 3304 2138 coram
3353 2075 3538 2138 uobis
3569 2084 3634 2138 et
3665 2075 4004 2139 Fratribus
4051 2076 4286 2139 nostris
4333 2076 4398 2139 in
4443 2075 4837 2140 Consistorio

1188 2181 1449 2267 publico
1497 2180 2040 2267 comparentibus,
2074 2201 2151 2245 ac
2194 2202 2312 2266 per
2358 2180 2598 2244 dictum
2647 2182 2966 2246 sindicum
3013 2182 3358 2246 sindicario
3405 2192 3470 2246 et
3518 2183 3960 2268 procuratorio
4008 2183 4264 2246 nomine
4311 2183 4836 2247 constituentium

1189 2288 1625 2375 predictorum
1672 2287 1999 2351 nonnullis
2047 2308 2265 2352 coram
2298 2287 2483 2351 nobis
2516 2296 2581 2352 et
2614 2288 2801 2352 dictis
2831 2289 3172 2353 Fratribus
3207 2290 3270 2353 in
3304 2289 3532 2353 eodem
3565 2290 3964 2354 Concistorio
3997 2290 4367 2375 recognitis,
4400 2291 4581 2372 actis,
4614 2290 4835 2375 gestis,

1189 2396 1541 2481 promissis,
1590 2396 1779 2477 datis,
1829 2394 2213 2477 constitutis,
2262 2394 2472 2477 factis,
2520 2396 2759 2460 habitis
2808 2405 2872 2460 et
2912 2398 3170 2480 juratis,
3219 2419 3364 2479 nos,
3413 2419 3608 2483 super
3653 2398 3746 2461 eis
3794 2406 3858 2461 et
3905 2397 4031 2481 hijs
4077 2398 4304 2479 etiam,
4352 2419 4476 2483 que
4541 2419 4657 2484 per
4717 2419 4835 2461 nos

1188 2503 1268 2567 de
1318 2503 1634 2567 dictorum
1690 2503 1995 2566 Fratrum
2043 2503 2310 2566 consilio
2359 2524 2664 2566 concessa
2710 2513 2776 2568 et
2821 2504 3134 2589 disposita
3181 2504 3476 2585 fuerunt,
3527 2526 3642 2568 nec
3693 2526 3818 2568 nou
3867 2526 4061 2591 super
4106 2512 4258 2569 tunc
4305 2514 4566 2591 sperata
4613 2526 4834 2569 recon-

1186 2611 1513 2675 ciliatione
1562 2611 1848 2696 ipsorum
1897 2610 2138 2691 literas,
2174 2609 2353 2674 bulla
2401 2619 2621 2674 nostra
2671 2613 2973 2693 munitaS,
3023 2612 3160 2675 fieri
3209 2612 3477 2675 fecimus
3525 2612 3644 2675 sub
3692 2611 3813 2675 hae
3859 2612 4104 2675 forma:
4149 2638 4180 2669 α
4215 2612 4586 2677 Benedictus
4615 2620 4719 2677 etc.
4751 2613 4839 2676 ad

1182 2727 1538 2803 perpetuam
1591 2720 1681 2781 rei
1724 2720 2121 2782 memoriam:
2164 2719 2480 2802 apostolice
2514 2720 2900 2803 providentie
2945 2721 3262 2804 disee'pline
3306 2720 3392 2783 ad
3435 2720 3542 2782 hoc
3587 2719 4078 2804 delinquentibus
4107 2720 4483 2805 lienemque
4527 2729 4631 2784 etc.
4677 2745 4706 2776 ι
4762 2728 4835 2783 ut

1186 2847 1383 2913 supra
1419 2827 1481 2889 in
1516 2826 1702 2911 epist.
1731 2825 2119 2908 num.V.(¹),
2154 2826 2245 2889 nil
2278 2834 2545 2890 mutato.
2574 2826 2819 2891 Verum
2854 2828 3004 2911 quia
3039 2827 3445 2909 universitas,
3472 2828 3748 2913 populus
3781 2836 3844 2891 et
3879 2827 4233 2891 Commune
4266 2827 4501 2912 prefati
4533 2834 4834 2891 contenta

1186 2934 1250 2997 in
1298 2933 1539 2997 eisdem
1586 2933 1790 2996 literis
1839 2932 2214 3019 adimplere,
2250 2940 2439 3019 prout
2488 2933 2877 2998 tenebantur
2927 2934 3096 2997 infra
3141 2935 3485 2998 terminum
3532 2934 3615 2997 ad
3662 2934 3879 2998 hocin
3913 2933 4100 2997 dictis
4133 2934 4334 2998 literis
4375 2936 4470 2998 eis
4516 2934 4836 3020 prefixum

1186 3041 1447 3105 minime
1496 3047 1906 3122 curaverunt,
1942 3041 2006 3104 in
2052 3062 2272 3105 omnes
2320 3063 2522 3127 penas
2570 3051 2632 3105 et
2682 3042 3036 3105 sententias
3094 3043 3326 3127 quibus
3373 3053 3638 3128 propter
3682 3064 3904 3106 eorum
3951 3062 4257 3105 excessus
4305 3050 4369 3105 et
4416 3042 4639 3128 culpas
4687 3048 4838 3105 ante

1187 3149 1504 3212 dictarum
1551 3149 1886 3212 literarum
1935 3148 2401 3212 confectionem
2450 3149 2840 3213 tenebantur
2887 3150 3154 3231 astricti,
3204 3150 3507 3213 recidisse
3557 3158 3928 3213 noscuntur.

1364 3257 1499 3321 Nos
1546 3256 1743 3320 etiam
1791 3256 1961 3341 ipsos
2008 3256 2075 3319 in
2119 3277 2323 3341 penas
2371 3264 2433 3320 et
2483 3258 2838 3320 sententias
2889 3257 3192 3321 recidisse
3239 3257 3561 3343 predictas
3606 3279 3723 3343 per
3770 3278 4108 3342 processus
4157 3263 4407 3320 nostros
4463 3277 4660 3342 super
4713 3256 4835 3320 hoe

1185 3366 1553 3450 specialiter
1598 3364 1857 3428 habitos
1905 3385 2020 3449 per
2066 3363 2358 3428 diversas
2406 3364 2629 3427 mundi
2692 3365 3059 3450 provincias
3123 3366 3392 3428 fecimus
3454 3365 3791 3451 publicari.
3842 3363 4122 3427 Demum
4185 3384 4340 3428 vero
4402 3365 4832 3445 universitas,

1188 3472 1464 3558 populus
1512 3478 1577 3535 et
1624 3471 1978 3536 Commune
2025 3472 2264 3556 prefati
2310 3472 2609 3535 eumdem
2655 3472 3038 3557 magistrum
3086 3473 3352 3536 Petrum
3401 3472 3482 3535 de
3530 3471 3897 3558 Bonpetris,
3941 3492 4058 3535 nec
4102 3492 4227 3535 nou
4277 3471 4658 3556 magistrum
4705 3471 4833 3535 Bo-

1187 3588 1614 3644 naventuram
1660 3579 1703 3644 J
1709 3579 1982 3662 acobini,
2019 3580 2225 3644 civem
2265 3580 2748 3662 bononiensem,
2797 3588 3247 3666 procuratores
3295 3589 3360 3645 et
3407 3580 3686 3645 sindicos
3732 3580 4104 3644 eorumdem
4136 3580 4219 3643 ad
4250 3588 4539 3644 nostram
4572 3600 4832 3665 presen-

1185 3687 1342 3751 tiam
1390 3687 1831 3769 destinarunt‚
1895 3686 2081 3750 nobis
2130 3708 2246 3771 per
2304 3709 2415 3751 eos
2464 3708 2579 3751 nec
2628 3708 2755 3751 non
2806 3708 2922 3772 per
2968 3687 3355 3751 sindicatum
3402 3696 3465 3751 et
3510 3687 4024 3773 procuratorium
4093 3686 4501 3768 eorumdem,
4550 3686 4720 3771 quod
4767 3687 4830 3749 in

1185 3795 1473 3860 archivio
1521 3815 1786 3858 romane
1835 3793 2123 3857 Ecclesie
2171 3793 2444 3858 facimus
2493 3795 2885 3876 conservari,
2920 3795 3233 3880 cujusque
3281 3805 3572 3859 tenorem
3616 3794 3694 3858 de
3745 3794 3942 3857 verbo
3989 3794 4069 3857 ad
4120 3795 4392 3858 verbum
4424 3793 4830 3880 presentibus

1187 3903 1456 3968 fecimus
1505 3904 1836 3987 annotari,
1884 3903 2215 3967 humiliter
2277 3904 2714 3989 supplicantes
2781 3911 2850 3967 ut
2909 3926 3055 3967 cum
3102 3905 3509 3968 universitati
3556 3904 3871 3989 predicte,
3920 3925 4035 3967 seu
4084 3904 4290 3989 ipsam
4345 3904 4719 3988 regentibus
4765 3904 4832 3966 in

1188 4010 1431 4076 eisdem
1478 4012 1682 4074 literis
1732 4012 2007 4096 quedam
2056 4010 2335 4074 existere
2400 4010 2632 4092 dubia,
2684 4011 2960 4096 quedam
3018 4032 3171 4075 vero
3233 4012 3547 4075 contineri
3609 4011 4110 4074 inobservabilia
4170 4018 4234 4074 et
4298 4010 4575 4096 quedam
4636 4009 4833 4074 fuisse

1186 4119 1489 4183 ommissa
1553 4119 1751 4182 etiam
1810 4117 2213 4200 viderentur,
2264 4117 2634 4203 hujusmodi
2696 4118 2894 4182 dubia
2955 4118 3288 4182 declarare
3352 4118 3608 4204 aliaque
3670 4118 3991 4182 moderari
4052 4126 4116 4182 ct
4177 4117 4466 4203 predicta
4530 4117 4833 4181 ommissa

1189 4227 1513 4313 supplere,
1564 4248 1802 4312 eosque
1851 4225 1933 4288 ad
1982 4226 2523 4289 reconciliationis
2571 4226 2852 4311 gratiam
2899 4226 3178 4310 benigne
3227 4227 3512 4313 recipere
3556 4226 3994 4310 dignaremur.

1370 4334 1505 4396 Nos
1554 4333 1774 4418 itaque
1825 4333 1887 4395 in
1938 4332 2234 4396 omnibus
2283 4340 2595 4417 quantum
2642 4354 2788 4396 cum
2830 4332 2972 4396 Deo
3006 4355 3344 4418 possumus
3377 4332 3883 4396 misericordiam
3916 4333 4398 4418 amplectentes,
4431 4353 4654 4395 eorum
4686 4353 4834 4416 sup-

1186 4440 1643 4527 plicationibus
1691 4440 2021 4522 inclinati,
2071 4440 2362 4503 volentes
2424 4462 2618 4526 super
2681 4440 2808 4524 hijs
2856 4441 3202 4504 salubriter
3248 4440 3620 4525 providere,
3671 4440 3749 4503 de
3797 4440 4101 4503 Fratrum
4155 4447 4520 4504 nostrorum
4567 4439 4832 4503 consilio

1187 4549 1572 4613 auctoritate
1621 4547 1977 4633 apostolica
2025 4546 2466 4629 declaramus,
2517 4547 2690 4633 quod
2752 4548 3044 4611 clausula
3106 4548 3169 4611 in
3233 4549 3437 4612 literis
3485 4549 3751 4633 prefatis
3799 4548 4096 4633 apposita
4143 4547 4510 4629 eontinenS,
4560 4546 4731 4632 quod
4778 4546 4833 4609 si

1186 4656 1340 4720 dicti
1385 4656 1810 4737 universitaS,
1860 4655 2137 4741 populus
2185 4676 2299 4719 seu
2349 4654 2703 4719 Commune
2752 4662 3055 4719 contenta
3102 4656 3167 4718 in
3214 4656 3402 4720 dictis
3451 4655 3653 4719 literis
3700 4676 3828 4719 non
3878 4654 4313 4734 servaverint,
4361 4654 4467 4717 vel
4513 4654 4833 4718 contrafe-

1185 4764 1423 4844 cerint,
1473 4762 1643 4848 quod
1708 4763 1993 4826 omnium
2057 4783 2372 4847 penarum
2433 4762 2499 4825 in
2566 4761 2753 4826 dictis
2802 4762 3005 4826 literis
3055 4784 3510 4847 expressarum
3559 4763 3911 4838 relaxatio,
3962 4769 4027 4825 et
4072 4761 4138 4825 in
4187 4761 4547 4846 integrum,
4594 4768 4660 4823 et
4707 4760 4832 4824 alie

1186 4870 1628 4934 restitutiones
1691 4875 1756 4934 et
1816 4869 2263 4933 concessiones
2313 4891 2387 4933 ac
2433 4870 2642 4954 gratie
2690 4891 2886 4955 super
2930 4871 3260 4955 premissis
3309 4870 3752 4957 principaliter
3807 4870 3909 4933 vel
3958 4868 4334 4950 incidenter,
4380 4889 4456 4932 ac
4503 4868 4834 4953 dispensa·

1185 4978 1392 5042 tiones
1440 5000 1556 5064 per
1605 4998 1754 5058 nos,
1804 4998 1919 5040 seu
1966 4976 2045 5039 de
2094 4975 2400 5040 mandato
2450 4985 2669 5041 nostro
2715 4978 2918 5059 facte,
2967 4977 3096 5040 sint
3143 4999 3363 5060 casse,
3413 4998 3652 5058 vacue,
3703 4977 3880 5040 irrite
3928 4984 3992 5041 et
4055 4977 4315 5059 inanes,
4363 4983 4429 5039 et
4474 4974 4837 5038 habeantur

1184 5086 1441 5172 penitus
1489 5107 1605 5171 pro
1653 5106 1782 5149 non
1832 5084 2042 5167 factis,
2077 5092 2141 5148 et
2187 5084 2359 5170 quod
2408 5085 2473 5148 in
2522 5084 2780 5149 easdem
2829 5106 3030 5171 penas
3080 5092 3144 5149 et
3192 5085 3546 5149 sententias
3594 5085 3827 5169 quibus
3871 5091 4062 5146 antea
4101 5084 4510 5163 tenebantur,
4544 5082 4832 5147 recidant

1184 5192 1324 5278 ipso
1373 5192 1577 5275 facto,
1628 5214 1753 5256 non
1803 5192 2195 5256 extendatur
2244 5192 2327 5255 ad
2374 5193 2590 5256 omnia
2638 5200 2703 5256 et
2747 5193 3006 5277 singula
3055 5194 3119 5256 in
3169 5192 3372 5256 literis
3418 5191 3664 5255 eisdem
3710 5197 4047 5272 contenta,
4097 5191 4209 5255 sed
4257 5190 4577 5255 referatur
4623 5196 4689 5253 et
4733 5211 4832 5254 re-

1185 5299 1544 5384 stringatur
1591 5306 1654 5363 et
1701 5300 1998 5363 restricta
2046 5300 2127 5363 sit
2185 5306 2248 5363 et
2295 5321 2436 5362 esse
2484 5299 2889 5384 intelligatur
2936 5300 3276 5363 dumtaxat
3325 5299 3408 5363 ad
3457 5300 3740 5385 capitula
3790 5299 4222 5385 infrascripta,
4271 5297 4603 5361 videlicet:

1362 5408 1605 5488 Prim0,
1642 5407 1726 5470 ad
1767 5406 2121 5492 capitulum
2171 5407 2234 5470 in
2283 5407 2525 5471 eisdem
2576 5407 2777 5470 literis
2827 5407 3382 5493 comprehensum,
3417 5407 3483 5470 in
3534 5428 3659 5491 quo
3706 5407 3874 5469 inter
3906 5406 4034 5469 alia
4067 5406 4432 5469 continetur
4472 5403 4642 5489 quod
4690 5425 4833 5490 pre·

1187 5514 1307 5578 fati
1352 5515 1761 5596 universitaS,
1800 5514 2077 5600 populus
2110 5520 2174 5577 et
2207 5513 2562 5578 Commune
2611 5515 2819 5596 nobis,
2855 5523 3073 5578 nostro
3125 5521 3189 5578 et
3236 5536 3676 5578 successorum
3717 5521 4102 5595 nostrorum,
4138 5534 4212 5576 ac
4246 5512 4536 5597 ejusdem
4571 5532 4834 5574 romane

1186 5622 1477 5686 Ecclesie
1535 5622 1829 5703 nomine,
1880 5622 1982 5685 vel
2034 5621 2163 5704 illi,
2212 5643 2324 5685 seu
2374 5622 2503 5685 illis
2549 5623 2843 5708 personis
2906 5643 3101 5708 quam
3142 5644 3256 5686 seu
3309 5644 3468 5707 quas
3516 5622 3598 5685 ad
3644 5621 3766 5684 hoc
3813 5621 4188 5685 duxerimus
4235 5619 4672 5706 deputandam
4719 5639 4834 5682 seu

1184 5729 1624 5815 deputandae,
1674 5729 2178 5815 possessionem,
2228 5736 2292 5793 et
2354 5730 2567 5814 quasi,
2618 5730 2933 5811 civitatis,
2985 5731 3326 5793 comitatus
3373 5737 3438 5793 et
3484 5729 3811 5792 districtus
3859 5728 4350 5791 bononiensium
4414 5748 4488 5790 ac
4554 5726 4713 5789 meri
4769 5732 4834 5789 et

1183 5837 1371 5900 mixti
1420 5837 1676 5922 imperij
1726 5845 1791 5900 et
1847 5836 2210 5900 omnimode
2251 5837 2740 5920 jurisdictioniS,
2777 5858 2892 5900 nec
2941 5859 3070 5901 non
3118 5845 3478 5901 ceterorum
3518 5837 3763 5921 jurium
3809 5835 4108 5918 civitatis,
4143 5835 4482 5899 comitatus
4524 5841 4590 5897 et
4620 5833 4833 5896 distri·

1183 5949 1325 6008 ctus
1390 5944 1862 6029 predictorum,
1912 5943 2145 6028 quibus
2210 5943 2414 6007 felicis
2478 5943 2943 6008 recordationis
2991 5945 3279 6009 Joannes
3326 5965 3498 6030 papa
3545 5944 3686 6028 xxij
3750 5942 4166 6028 predecessor
4220 5949 4438 6005 noster
4483 5962 4558 6003 ao
4605 5961 4721 6004 nos
4768 5945 4833 6002 et

1184 6051 1412 6115 eadem
1460 6072 1732 6115 romana
1778 6051 2074 6115 Ecclesia
2122 6050 2360 6114 fuimus
2409 6051 2688 6136 spoliati,
2738 6051 2928 6137 plene
2976 6059 3040 6115 et
3087 6053 3337 6137 integre
3386 6051 3744 6132 restituent,
3795 6050 4064 6113 reddent
4111 6055 4172 6112 et
4221 6048 4676 6133 assignabunt,
4727 6046 4838 6109 ubi

1180 6158 1349 6224 forte
1396 6158 1568 6222 infra
1615 6158 1933 6222 kalendas
1981 6157 2218 6221 mensis
2266 6159 2650 6243 septembris
2692 6160 2990 6245 proximo
3024 6159 3295 6240 futuras,
3331 6179 3493 6243 quas
3532 6158 3623 6221 eis
3657 6157 3740 6221 ad
3774 6156 3893 6221 hoc
3925 6176 4041 6242 pro
4074 6155 4505 6242 peremptorio
4539 6154 4834 6234 termin0,

1181 6272 1405 6331 tenore
1454 6267 1874 6353 presentium,
1918 6267 2348 6351 assignamuS,
2384 6266 2757 6351 hujusmodi
2806 6267 3248 6353 possessionis,
3296 6274 3360 6330 et
3409 6266 3613 6351 quasi,
3648 6265 3968 6329 restitutio
4017 6263 4200 6328 uobis
4246 6271 4312 6328 et
4358 6261 4833 6328 successoribus

1342 6499 1421 6564 (1)
1462 6496 1575 6549 Sub
1615 6514 1763 6549 num.
1802 6496 1951 6560 LX.,
1989 6514 2036 6548 c.
2077 6500 2162 6548 98.
