5542 7775
1270 580 1303 653 1
1322 581 1420 653 70
2841 603 3330 655 MONUMENTA

1266 757 1642 844 adimplere,
1690 779 1768 821 ea
1832 778 1959 843 qua
2008 757 2341 843 fungimur
2387 757 2793 839 auctoritate,
2842 756 3027 821 vobis
3089 757 3374 823 districte
3429 765 3492 824 et
3554 760 3986 847 peremptorie
4041 760 4454 848 percipiendo
4509 762 4909 847 mandamns,

1265 864 1569 950 quatinus
1602 863 1850 929 decimo
1884 864 1987 929 die
2027 872 2177 951 post
2222 864 2454 928 harum
2486 864 3128 951 representationem,
3163 864 3267 929 die
3301 866 3880 952 representacionis
3913 867 3976 932 in
4013 888 4280 933 numero
4315 875 4705 955 computatO,
4743 872 4912 957 apud

1262 973 1728 1059 Episcopatum
1774 971 2170 1037 bononiense
2219 993 2435 1035 coram
2485 971 2691 1054 nobis,
2728 970 3077 1039 Guilielmo
3111 972 3373 1037 doctore
3412 973 3860 1057 Decretorum,
3895 980 3958 1038 et
3994 973 4342 1040 Guilielmo
4377 974 4638 1041 doctore
4671 975 4911 1042 Decre-

1265 1080 1513 1161 talium,
1546 1086 1611 1143 et
1657 1100 1875 1144 coram
1922 1078 2181 1144 domino
2230 1078 2540 1164 magistro
2586 1078 2969 1143 Alexandro
3016 1079 3364 1165 theologie,
3414 1080 3838 1166 subdelegato
3885 1081 4011 1145 mei
4065 1081 4371 1169 Episcopi
4418 1081 4725 1169 paduani,
4766 1106 4909 1170 pre-

1263 1189 1400 1253 fato
1448 1186 1625 1252 abati
1673 1208 1867 1273 super
1912 1185 2141 1251 eadem
2189 1186 2523 1272 questione
2570 1185 2849 1250 veniatis
2896 1185 3187 1272 plenarie
3245 1188 3615 1274 responsuri
3652 1212 3713 1252 ».
3745 1187 3832 1253 Et
3880 1189 3998 1252 has
4045 1189 4267 1253 literas
4315 1190 4609 1276 prefatus
4650 1193 4911 1256 nuntius

1264 1295 1443 1360 dedit
1481 1294 1786 1381 predictis
1831 1293 2092 1358 Sindico
2140 1300 2204 1358 et
2249 1293 2589 1358 Fratribus
2623 1293 2887 1358 Ordinis
2921 1292 3438 1377 cruciferorum;
3488 1302 3552 1359 et
3602 1296 3776 1382 ipsas
3808 1303 4193 1383 receperunt
4226 1296 4513 1361 dicentes
4546 1298 4718 1383 qnod
4749 1298 4912 1363 bene

1262 1402 1552 1467 facerent
1599 1423 1723 1487 que
1772 1401 1837 1465 in
1883 1400 2089 1465 literis
2137 1400 2653 1465 continebantur.

1441 1508 1585 1595 Ego
1632 1506 1992 1591 Can[bi]us,
2041 1508 2209 1573 sacri
2255 1506 2497 1572 Palatii
2544 1506 2856 1589 notarius,
2906 1514 2977 1571 ut
3025 1528 3223 1593 supra
3271 1507 3532 1593 legitur,
3582 1516 3849 1595 rogatus
3895 1509 4159 1574 interfui
4206 1517 4272 1574 et
4318 1511 4564 1598 scripsi.

2973 1828 3197 1894 XVII.

2780 2044 2973 2125 1235,
3023 2044 3063 2107 4
3111 2045 3409 2108 ianuarii.

1836 2255 1942 2320 Ex
1986 2261 2142 2321 tom.
2191 2255 2480 2320 XXVII.
2534 2255 2679 2320 Cod.
2729 2256 2882 2341 dipl.
2931 2256 3096 2321 Eccl.
3144 2256 3359 2321 bonon.
3408 2257 3625 2339 (num.
3674 2260 3759 2322 84
3778 2258 3825 2341 ),
3875 2257 4015 2324 doc.
4064 2258 4345 2324 XXXV.

1445 2471 1804 2557 Gregorius
1850 2469 2070 2536 IX.(¹)
2103 2470 2416 2556 magistro
2465 2469 2661 2553 Zoen,
2709 2470 3274 2557 Archipresbitero
3319 2471 3720 2536 bononiensi.

1444 2579 1716 2645 Celestis
1763 2577 2272 2665 patrisfamilias,
2306 2577 2457 2642 licet
2505 2577 3036 2642 insufficientibus
3085 2578 3350 2661 meritis,
3383 2579 3590 2643 vicem
3639 2588 3938 2664 gerentes
3985 2580 4050 2645 in
4099 2581 4308 2661 terriS,
4345 2581 4454 2667 qui
4501 2602 4723 2647 servos
4756 2602 4908 2646 suos

1266 2687 1514 2751 talenta
1561 2686 1965 2772 duplicantes
2013 2685 2136 2749 sibi
2183 2685 2427 2750 credita
2476 2685 2806 2749 constituit
2839 2707 3032 2771 super
3065 2686 3289 2767 multa,
3323 2685 3759 2751 subiectorum
3791 2694 4156 2753 nostrorum
4189 2688 4474 2753 actiones
4508 2688 4908 2774 exquirimus

1266 2800 1330 2858 et
1377 2794 1446 2858 in
1493 2796 1607 2875 eis,
1657 2794 1767 2880 qui
1816 2799 2151 2879 acceptum
2199 2792 2441 2857 donum
2487 2792 2752 2857 scientie
2801 2814 2929 2858 non
2976 2793 3095 2856 sub
3143 2800 3316 2857 terra
3362 2814 3508 2858 cum
3556 2795 3766 2859 inutili
3811 2817 3998 2860 servo
4047 2795 4435 2878 recondunt,
4485 2794 4600 2860 sed
4647 2795 4914 2860 tradunt

1266 2902 1717 2988 nummularijs
1765 2908 1830 2966 et
1876 2901 2308 2988 multiplicant
2363 2901 2644 2987 acceptis
2690 2901 3063 2984 honoribus,
3111 2902 3388 2966 honores
3435 2903 3632 2967 etiam
3679 2903 4100 2968 cumulamus.
4147 2903 4391 2968 Pensat
4438 2903 4610 2968 enim
4654 2910 4912 2989 aposto-

1266 3009 1396 3074 lica
1443 3010 1667 3093 sedes,
1718 3009 1888 3095 quod
1937 3009 1983 3094 ij
2030 3009 2434 3095 potissimum
2497 3015 2644 3072 sunt
2706 3009 3005 3095 specialis
3052 3009 3261 3094 gratie
3324 3011 3740 3096 prerogativa
3785 3010 4068 3075 donandi
4115 3017 4178 3074 et
4224 3010 4496 3097 provehi
4543 3010 4779 3075 debent
4827 3010 4911 3074 de

1269 3119 1482 3202 gratia
1514 3118 1579 3181 in
1612 3117 1913 3203 gratiam,
1949 3117 2058 3202 qui
2104 3117 2390 3181 moribus
2438 3122 2671 3180 ornant
2713 3117 3047 3181 scientiam
3088 3124 3152 3180 et
3184 3118 3739 3182 conversationem
3771 3118 4068 3182 muniunt
4114 3118 4474 3183 honestate.
4522 3117 4912 3205 Eapropter,

1269 3225 1501 3290 dilecte
1546 3225 1616 3289 in
1666 3224 1947 3289 Domino
1997 3224 2107 3306 fili,
2148 3223 2551 3289 honestatem
2601 3245 2852 3288 morum
2899 3232 2963 3288 et
3018 3224 3285 3289 scientie
3345 3225 3611 3307 merita,
3659 3225 3892 3312 quibus
3937 3225 4182 3313 pollere
4231 3225 4648 3311 dignosceris,
4700 3232 4910 3290 atten-

1271 3332 1517 3415 dentes,
1552 3354 1697 3396 cum
1732 3353 1849 3418 per
1879 3331 2007 3396 Dei
2052 3331 2333 3417 gratiam
2378 3330 2620 3395 dudum
2667 3352 2853 3395 secus
2901 3332 3141 3396 fluenta
3189 3332 3345 3396 iuris
3392 3333 3723 3419 plantatus
3769 3333 3932 3398 adeo
3982 3333 4130 3397 altis
4169 3333 4495 3398 radicibus
4528 3332 4912 3413 adoleveris,

1269 3439 1440 3527 quod
1487 3440 1713 3504 doetus
1760 3440 1826 3503 in
1876 3461 1952 3504 eo
2001 3440 2163 3504 alios
2210 3440 2522 3503 merueris
2567 3439 2874 3521 edocere,
2923 3460 2998 3503 ac
3059 3461 3176 3527 per
3239 3440 3358 3505 hoc
3420 3440 3710 3505 volentes
3765 3441 3883 3505 tibi
3930 3441 4208 3527 gratiam
4257 3441 4470 3506 facere
4519 3440 4909 3527 specialem,

1266 3548 1665 3634 presentium
1712 3547 1829 3611 tibi
1878 3546 2260 3611 auctoritate
2308 3546 2717 3611 concedimus
2764 3554 2836 3610 ut
2887 3546 3274 3612 lectoratum
3336 3547 3653 3612 baciensis
3671 3548 3749 3613 (2)
3781 3547 4102 3631 Ecclesie,
4150 3570 4340 3635 quem
4386 3569 4516 3614 non
4562 3547 4915 3612 habentem

1268 3676 1488 3720 curam
1538 3654 1902 3719 animarum
1949 3675 2272 3718 annexam
2320 3653 2626 3718 canonice
2666 3660 2729 3717 te
2762 3653 3068 3741 proponis
3117 3654 3444 3741 adeptum,
3477 3676 3608 3719 una
3650 3676 3795 3719 cum
3827 3655 4464 3742 Archipresbiteratu
4495 3655 4915 3721 bononiensis

1265 3762 1580 3845 Ecclesie,
1625 3784 1847 3827 curam
1894 3762 2255 3826 animarum
2302 3761 2621 3844 habente,
2671 3782 2864 3847 quem
2909 3767 3054 3848 post
3102 3762 3573 3827 assecutionem
3620 3763 3970 3827 lectoratus
4017 3762 4384 3828 huiusmodi
4430 3762 4788 3849 suscepisti,
4840 3762 4919 3825 li·

1266 3871 1421 3936 bere
1468 3870 1691 3936 valeas
1739 3869 2039 3952 retinere,
2072 3869 2331 3957 proviso
2381 3868 2551 3956 quod
2599 3869 2809 3934 eidem
2859 3868 3144 3935 baciensi
3189 3868 3481 3935 Ecclesie
3529 3869 3731 3935 facias
3769 3892 3887 3958 per
3916 3869 4250 3936 Vicarium
4281 3869 4585 3937 idoneum
4616 3870 4683 3935 in
4714 3869 4917 3935 lecto-

1266 3987 1448 4044 ratus
1497 3978 1706 4044 officio
1753 3977 2084 4042 deserviri.
2134 3977 2315 4042 Nulli
2361 3999 2517 4063 ergo
2565 3978 2826 4042 omnino
2872 3977 3202 4043 hominum
3265 3977 3459 4042 liceat
3505 3978 3671 4042 hanc
3718 3978 4027 4065 paginam
4073 3985 4289 4043 nostre
4338 3978 4772 4044 concessionis
4819 3977 4919 4042 in·

1269 4086 1555 4173 fringere
1603 4085 1709 4150 vel
1757 4086 1818 4150 ei
1864 4106 2028 4150 ausu
2074 4085 2418 4150 temerario
2467 4086 2811 4149 contraire.
2848 4084 2917 4149 Si
2951 4085 3092 4171 quis
3128 4093 3344 4149 autem
3375 4085 3498 4150 hoo
3532 4092 3850 4150 attentare
3882 4086 4366 4172 presumpserit,
4402 4085 4916 4171 indignationem

1270 4193 1727 4281 omnipotentis
1775 4192 1902 4256 Dei
1949 4214 2029 4257 ac
2071 4193 2409 4257 beatorum
2456 4192 2636 4257 Petri
2682 4199 2747 4256 et
2793 4191 3006 4274 Pauli,
3056 4191 3495 4279 apostolorum
3541 4192 3701 4275 eius,
3749 4214 3818 4257 se
3865 4193 4118 4258 noverit
4164 4193 4589 4258 incursurum.

1447 4300 1692 4365 Datum
1738 4299 1996 4384 Perusij
2045 4299 2327 4365 secundo
2374 4321 2579 4364 nonas
2623 4299 2931 4384 januarii,
2982 4299 3391 4386 pontificatus
3440 4300 3642 4365 nostri
3689 4321 3860 4365 anno
3909 4307 4158 4365 octavo.

2963 4620 3221 4686 XVIII.

2813 4836 3006 4919 1247,
3064 4837 3147 4898 13
3191 4838 3371 4900 iunii.

2154 5051 2256 5115 Ex
2303 5051 2529 5117 eodem
2578 5057 2750 5115 tomo
2806 5049 2951 5114 Coa.
3000 5051 3151 5135 dipl.
3200 5049 3366 5114 Eccl.
3413 5049 3585 5132 bon„
3632 5049 3772 5114 doc.
3823 5049 4024 5115 CXV.

1443 5268 1861 5334 Innocentius
1908 5266 2026 5331 IV.
2055 5267 2134 5330 (3)
2179 5265 2505 5352 Episcopo
2553 5264 2890 5347 cerviensi,
2938 5263 3230 5329 Bononie
3279 5263 3719 5346 commoranti,
3753 5269 3818 5328 et
3848 5263 4158 5350 magistro
4204 5264 4561 5347 Bernardo,
4596 5264 4911 5328 canonico

1263 5375 1682 5458 bononiensi,
1733 5374 2070 5461 capellano
2119 5379 2359 5439 nostro.

1445 5484 1629 5566 Cum,
1681 5483 1847 5547 sicut
1894 5503 1979 5546 ex
2023 5488 2209 5568 parte
2257 5480 2476 5545 dilecti
2522 5480 2638 5544 filii
2684 5478 2963 5544 Abbatis
3029 5478 3401 5542 monasterii
3446 5477 3525 5541 de
3572 5477 3967 5560 Nonantula,
4003 5477 4243 5542 ordinis
4289 5479 4496 5543 sancti
4543 5478 4908 5561 Benedicti,

1265 5592 1351 5657 ad
1396 5612 1732 5656 romanam
1778 5588 2139 5654 Ecclesiam
2188 5588 2366 5652 nullo
2414 5587 2625 5652 medio
2673 5586 3075 5674 pertinentis,
3124 5585 3246 5649 fuit
3291 5585 3692 5672 propositum
3738 5605 3956 5649 coram
4002 5584 4206 5666 nobis,
4252 5584 4420 5649 idem
4467 5585 4909 5668 considerans,

1268 5698 1438 5786 quod
1487 5698 1816 5763 confectus
1865 5696 2044 5761 senio
2086 5697 2226 5780 jam
2272 5716 2401 5760 non
2448 5701 2661 5781 potest
2707 5700 2968 5781 portare
3011 5693 3332 5757 sarcinam
3380 5698 3774 5775 consuetam,
3808 5691 3964 5755 velit
4002 5691 4301 5778 regimini
4347 5692 4574 5757 cedere
4623 5691 4909 5774 abbatie,

1262 5806 1667 5889 mandamus,
1703 5812 2022 5891 quatenus
2067 5804 2271 5890 ipsius
2318 5804 2605 5869 cessione
2653 5809 2935 5889 recepta,
2970 5808 3034 5866 et
3077 5801 3441 5888 provisione
3490 5801 3612 5865 sibi
3659 5821 3945 5885 congrua
3992 5800 4071 5864 de
4119 5800 4304 5866 bonis
4351 5799 4641 5885 ejusdem
4681 5823 4908 5866 mona-

1265 5915 1445 5980 sterii
1495 5915 1863 6000 assignata,
1914 5913 2233 5978 mandetis
2282 5935 2366 5976 ex
2412 5919 2595 5999 parte
2644 5919 2864 5975 nostra
2913 5910 3259 5975 conventui
3305 5910 3459 5975 dieti
3503 5909 3877 5974 monasterii
3924 5916 3993 5973 ut
4041 5909 4208 5973 infra
4256 5917 4543 5996 tempus,
4594 5909 4764 5995 quod
4812 5911 4910 5975 eis

1262 6024 1710 6110 prefigendum
1759 6022 2097 6105 duxeritis,
2141 6022 2224 6086 ad
2268 6021 2660 6108 presentiam
2708 6027 2992 6084 vestram
3040 6020 3105 6083 in
3154 6027 3292 6084 tuto
3339 6019 3479 6084 loco
3528 6018 3811 6101 veniant,
3845 6019 3948 6082 vel
3997 6019 4246 6105 aliquos
4293 6018 4373 6083 de
4421 6018 4705 6105 ipsorum
4755 6018 4907 6084 Col·

1420 6295 1499 6361 (1)
1537 6293 1622 6345 Ex
1649 6293 1881 6364 registro
1902 6292 2002 6345 IV.
2029 6291 2279 6362 Gregorii
2306 6289 2437 6352 IX..
2461 6291 2620 6360 epist.
2642 6294 2764 6355 393,
2793 6290 2888 6342 fol.
2911 6292 3032 6356 247,
3305 6292 3382 6355 (3)
3421 6288 3504 6340 Ex
3560 6288 3697 6358 Reg.
3736 6288 3781 6340 1.
3820 6288 4130 6341 Innocentii
4168 6287 4296 6355 1V.,
4336 6304 4423 6357 ep.
4463 6290 4597 6354 828,
4635 6287 4730 6340 sol.
4770 6291 4905 6352 409,

1229 6400 1404 6457 ‚anno
1439 6382 1854 6450 MGOXXXV„
1893 6381 1993 6435 IV.
2031 6381 2282 6434 ianuarii.
3144 6396 3232 6432 sn.
3273 6378 3681 6443 MCCXLVII„
3721 6377 3880 6430 XIII.
3919 6377 4071 6430 iunii.

1420 6475 1498 6541 (2)
1538 6473 1644 6525 Sic.
