5542 7775
1421 678 1881 730 srno'rAN'mA
1922 680 2024 731 An
2061 681 2277 733 paor.
2321 682 2554 756 mm,
2595 682 2894 733 HUMAN.
2937 684 3080 733 m.
3124 683 3218 733 ΕΤ
3259 682 3528 733 maon.
4136 662 4286 732 243

659 834 991 899 notificare
1037 835 1414 922 parentibus
1462 842 1526 899 et
1573 836 1934 921 germanis,
1981 845 2053 900 ut
2100 837 2392 901 mittatur
2439 838 2565 902 cito
2611 859 2728 924 pro
2778 859 2875 903 eo.
2923 837 3011 903 Et
3057 837 3209 924 quia
3255 859 3371 925 per
3417 860 3485 902 se
3532 838 3833 925 pedester
3880 841 4117 904 reverti
4164 861 4291 904 non

659 948 934 1028 poterat,
969 942 1276 1025 vulneris,
1310 943 1446 1007 sive
1493 942 1687 1029 plage
1735 944 2114 1030 qualitatem
2161 945 2468 1028 notificat,
2517 952 2581 1009 et
2627 951 2699 1009 ut
2745 946 3019 1010 asellum
3068 953 3179 1010 aut
3225 946 3466 1010 animal
3506 945 3683 1010 aliud
3717 967 3832 1032 pro
3865 947 4004 1033 ipso
4037 947 4292 1013 mittere
4354 930 4369 935 ’

658 1056 1098 1135 procurarent.
1146 1049 1451 1135 Receptis
1499 1056 1716 1114 autem
1760 1049 1994 1133 literis,
2044 1050 2198 1115 dicti
2246 1052 2345 1114 sui
2391 1059 2693 1137 parentes
2740 1058 2807 1116 et
2851 1051 3086 1117 fratres
3134 1052 3472 1116 tristantur
3520 1053 3902 1138 plurimum3
3952 1055 4289 1119 tristantur

658 1155 856 1219 etiam
902 1154 1253 1238 convicini3
1300 1163 1366 1220 et
1395 1155 1740 1221 Nicholam
1772 1157 1912 1240 ejus
1945 1177 2346 1241 germanum,
2381 1157 2492 1243 qui
2521 1157 2564 1223 J
2570 1158 2891 1222 ohannem
2923 1158 3126 1223 artius
3160 1157 3503 1243 dirigebat,
3537 1180 3684 1224 cum
3721 1161 3904 1226 asino
3950 1161 4030 1224 ad
4081 1162 4293 1248 ipsum

658 1261 1092 1327 reducendum
1140 1263 1503 1349 Bononiam
1549 1263 2043 1327 transmiserunt
2068 1263 2166 1328 (1).

834 1477 891 1561 c)
943 1478 1144 1564 Hugo
1176 1479 1414 1564 quippe
1447 1478 1856 1544 beatissimus
1888 1479 1967 1542 de
2001 1478 2256 1566 Oppido
2292 1478 2482 1543 Serre
2515 1481 2722 1544 sancti
2754 1480 3001 1554 Quirici
3039 1481 3256 1546 extitit
3286 1482 3616 1565 oriundus,
3650 1489 3714 1548 et
3746 1483 3988 1548 domini
4020 1484 4292 1549 Actonis

658 1587 862 1651 filius:
912 1594 978 1651 et
1024 1585 1562 1672 quemadmodum
1610 1586 1915 1671 puerulus
1961 1593 2249 1672 tempore
2297 1587 2363 1651 in
2411 1588 2735 1674 corporeis
2793 1588 3062 1652 artubus
3122 1589 3569 1653 succrescebat
3633 1591 3859 1674 etatis,
3905 1591 3998 1655 ita
4043 1613 4293 1657 morum

659 1702 723 1760 et
769 1695 1079 1758 virtutum
1119 1694 1277 1779 juge
1325 1693 1715 1778 suscipiebat
1762 1694 2262 1777 incrementum3
2311 1694 2607 1780 idemque
2657 1694 2890 1759 indolis
2937 1701 3002 1759 et
3045 1694 3361 1781 siquidem
3408 1696 3632 1761 docilis
3680 1705 3839 1780 crat,
3875 1699 3956 1763 ob
3990 1698 4183 1784 idque
4222 1707 4295 1764 ut

656 1803 990 1867 literarum
1036 1802 1264 1866 studiis
1311 1801 1661 1883 insudaret,
1696 1801 1896 1887 ipsius
1944 1802 2199 1887 genitor
2245 1822 2392 1865 eum
2437 1801 2725 1888 profecto
2775 1802 3190 1867 imbuendum
3237 1803 3597 1868 Bononiam
3646 1805 4026 1889 destinavit3
4077 1806 4295 1892 ibique

658 1917 803 1997 post
846 1931 1094 1973 moram
1139 1910 1445 1994 temporis
1492 1908 1837 1972 admodum
1884 1909 2074 1995 pauci
2122 1917 2185 1973 et
2233 1957 2653 1974 .......
2701 1910 2934 1995 peritia
2980 1911 3151 1996 cepit
3195 1911 3545 1998 plurimum
3591 1913 3924 1998 proficere.
3976 1912 4105 1977 Sed
4149 1935 4296 1978 cum

658 2016 894 2081 ibidem
941 2017 1177 2080 multos
1225 2016 1317 2080 ire
1363 2037 1482 2101 per
1527 2016 1805 2101 abrupta
1850 2016 2152 2080 vitiorum
2200 2023 2519 2098 cerneret,
2571 2037 2817 2103 peneve
2864 2017 3223 2102 omnigenis
3270 2018 3443 2082 vitiis
3491 2019 3959 2102 exuberantes,
4007 2021 4294 2106 cogitatu

656 2125 880 2189 sedulo
925 2124 1310 2188 authumare
1358 2123 1556 2208 cepit,
1590 2123 1682 2187 sic
1729 2124 1794 2186 in
1841 2123 1974 2187 suis
2021 2123 2357 2209 alloquens
2404 2123 2791 2210 precordiis:
2827 2125 3150 2189 incassum
3195 2124 3421 2190 laboro
3461 2127 3516 2189 si
3563 2147 3648 2190 ex
3679 2147 3899 2191 earum
3935 2127 4148 2192 studio
4181 2149 4292 2192 cor

658 2254 871 2296 meum
917 2231 1171 2295 illesum
1219 2251 1480 2295 servare
1543 2230 1843 2316 nequibo,
1892 2230 2102 2316 Igitur
2163 2231 2497 2295 literarum
2559 2231 2770 2295 studio
2834 2231 3175 2317 despect0‚
3223 2232 3613 2297 sublimioris
3676 2233 4001 2319 profectus
4064 2235 4294 2300 ardore

659 2360 1025 2421 succensus,
1069 2346 1230 2403 nutu
1276 2338 1401 2403 Dei
1449 2337 1795 2423 divinaque
1844 2337 1934 2401 sic
1981 2337 2360 2424 disponente
2408 2337 2769 2421 clementia,
2806 2338 2889 2402 ad
2935 2340 3146 2403 locum
3195 2339 3400 2403 sancti
3431 2339 3705 2405 Joannis
3751 2340 3831 2405 de
3875 2341 4294 2407 Saxoferrato

660 2448 836 2513 venit
881 2446 1183 2528 festinus,
1231 2446 1449 2530 ibique
1498 2445 1882 2509 Silvestrum
1928 2445 2368 2509 beatissimum
2417 2445 2618 2509 nostri
2666 2444 2929 2510 Ordinis
2976 2447 3370 2533 inceptorem
3418 2447 3731 2532 peculiari
3776 2448 3990 2533 gratia
4034 2449 4293 2513 humili-

657 2556 808 2621 tatis
855 2562 1153 2620 ornatnm
1202 2553 1440 2639 reperit
1464 2552 1564 2616 (2).

2411 2911 2531 2976 VI.

2224 3144 2478 3209 Saeculo
2525 3143 2730 3208 XIII.

788 3378 895 3443 Ex
938 3379 1385 3445 Bibliothecae
1432 3378 1892 3444 Malatestiana
1940 3385 2309 3459 caesenate,
2358 3377 2518 3463 plut.
2567 3377 2658 3442 II.
2707 3378 3177 3459 sinistrorsum,
3226 3399 3308 3440 ex
3357 3377 3495 3441 cod.
3544 3377 3699 3460 IV.,
3748 3397 3915 3441 saec.
3964 3376 4158 3459 XII.,

1433 3487 1543 3573 qui
1590 3486 1877 3551 continet
1924 3485 2247 3549 Summam
2296 3485 2809 3571 Raymundinam
2856 3490 2922 3548 et
2968 3484 3118 3566 alia,
3167 3505 3222 3548 c.
3273 3486 3401 3549 268
3428 3484 3528 3548 (3).

825 3737 1140 3824 Magister
1194 3736 1458 3801 Moneta
1504 3743 1569 3800 et
1616 3736 1925 3821 magister
1971 3734 2278 3821 Paganus
2326 3742 2391 3799 et
2435 3734 2637 3797 frater
2683 3733 3026 3798 Albericus
3091 3733 3495 3820 placentinus
3559 3741 3623 3798 et
3686 3734 3888 3799 frater
3948 3735 4291 3801 Bartholo-

649 3868 831 3911 meus
878 3846 1316 3930 bononiensis,
1348 3844 1615 3909 Fratres
1662 3865 1883 3909 omnes
1930 3843 2201 3931 predicti
2251 3842 2512 3908 Ordinis
2558 3840 3069 3925 Predicatorum,
3105 3841 3183 3907 de
3233 3842 3555 3907 communi
3595 3843 3937 3908 concordia
3969 3851 4035 3909 et
4064 3845 4292 3909 volun-

650 3962 782 4020 tate
830 3954 1291 4020 consuluerunt
1338 3953 1510 4039 quod
1576 3952 1640 4016 in
1703 3952 2138 4017 contractibus
2185 3951 2550 4016 socidarum
2595 3950 2823 4032 boum,
2871 3950 3090 4014 inuitis
3138 3949 3287 4013 hinc
3335 3957 3507 4014 retro
3556 3949 3638 4013 ad
3686 3960 3980 4036 quartam
4038 3959 4291 4038 partem

650 4063 812 4127 lucri
859 4070 924 4127 et
970 4061 1253 4148 dampni,
1288 4069 1353 4126 et
1401 4082 1530 4125 non
1576 4060 1839 4124 fuerunt
1886 4059 2016 4122 alia
2062 4059 2305 4122 inserta
2352 4058 2415 4121 in
2465 4064 2820 4141 contractu,
2854 4056 3025 4142 quod
3074 4056 3182 4121 ille
3231 4056 3341 4142 qui
3388 4057 3703 4122 concessit
3748 4057 3946 4122 boves
3993 4067 4291 4124 teneatur

649 4172 987 4235 restituere
1035 4171 1119 4233 ad
1165 4169 1441 4233 salutem
1487 4167 1699 4231 anime
1746 4188 1860 4231 sue
1907 4173 2038 4230 tres
2086 4173 2304 4252 partes
2350 4164 2686 4247 frumenti,
2736 4185 2898 4249 quas
2943 4164 3221 4249 recepit,
3271 4164 3407 4228 sive
3456 4164 3627 4249 quod
3674 4165 3917 4251 recepit
3964 4186 4003 4229 a
4048 4167 4288 4231 rustico

651 4300 769 4364 pro
818 4277 1023 4342 tribus
1070 4276 1363 4363 partibus
1426 4275 1506 4339 de
1555 4274 1786 4360 quibus
1836 4294 1963 4337 uon
2028 4281 2169 4337 erat
2228 4271 2586 4359 periculum
2648 4270 3057 4335 concedentis
3119 4271 3318 4335 boves
3382 4271 3497 4335 sed
3563 4272 3803 4336 rustici.
3851 4272 3938 4336 Et
3993 4281 4288 4358 quartam

649 4393 900 4472 partem
946 4384 1252 4448 frumenti
1298 4390 1596 4447 teneatur
1642 4382 1766 4446 sibi
1812 4381 1967 4445 dare
2014 4381 2180 4446 sicut
2224 4380 2348 4444 fuit
2393 4400 2579 4443 suum
2627 4378 2985 4464 periculum
3034 4400 3149 4464 pro
3199 4385 3429 4464 quarta
3474 4386 3659 4464 parte
3701 4379 3780 4444 de
3827 4380 3992 4444 bove
4033 4389 4285 4445 mortuo

649 4493 752 4558 vel
799 4492 1189 4557 deteriorato
1237 4511 1640 4577 quocumque
1688 4510 1843 4553 casu
1883 4488 2169 4570 fortuito,
2203 4488 2399 4552 etiam
2447 4486 2665 4551 divino
2706 4486 2972 4571 judicic.
3005 4486 3311 4551 Rusticus
3350 4487 3646 4572 paciatur
3690 4488 4045 4573 periculum
4093 4490 4288 4553 trium

648 4602 928 4688 partium
990 4607 1054 4664 et
1115 4606 1414 4663 teneatur
1475 4598 1557 4661 ad
1618 4596 1998 4662 solvendum
2046 4595 2191 4659 illas
2238 4603 2367 4659 tres
2416 4601 2634 4681 partes
2679 4593 2973 4677 domino,
3024 4616 3168 4659 cum
3231 4594 3315 4658 sit
3376 4594 3781 4679 quodamodo
3844 4602 4173 4678 mutuum,
4223 4606 4287 4660 et

647 4708 845 4772 habet
891 4713 1190 4771 naturam
1236 4705 1442 4770 mutui
1489 4726 1605 4791 pro
1654 4704 1781 4767 illis
1829 4703 2034 4767 tribus
2081 4702 2375 4789 partibus
2423 4701 2872 4787 dampnorum.

831 4814 1000 4878 Item
1040 4813 1500 4878 consuluerunt
1532 4832 1754 4876 omnes
1786 4810 2058 4897 predicti
2088 4810 2321 4874 fratres
2355 4808 2524 4895 quod
2573 4815 2941 4873 contractus
2983 4808 3197 4873 socide
3229 4809 3433 4894 possit
3462 4808 3601 4872 fieri
3631 4809 3806 4873 licite
3845 4809 3984 4874 sine
4033 4812 4288 4875 macula

649 4923 860 5009 pecati
906 4923 972 4985 in
1015 4922 1189 4985 hunc
1235 4920 1530 4984 modum:
1580 4919 1731 4983 talis
1778 4918 2093 4983 concessit
2136 4917 2253 4981 tali
2314 4917 2553 4982 rustico
2617 4916 2701 4980 ad
2763 4915 3189 4980 laborandum
3240 4915 3319 4979 ad
3370 4924 3667 5001 quartam
3714 4925 3965 5003 partem
4012 4918 4176 4982 lucri
4222 4927 4289 4984 et

648 5029 909 5116 dampni
959 5028 1120 5094 duos
1171 5028 1364 5092 boves
1411 5026 1611 5113 precii
1665 5048 1777 5089 xx.
1808 5026 2120 5089 librarum
2169 5029 2692 5106 ravennatorum,
2725 5023 3081 5109 suscipiens
3130 5023 3196 5087 in
3243 5043 3312 5087 se
3357 5022 3565 5087 dictus
3596 5024 3873 5088 rusticus
3905 5031 4036 5089 tres
4067 5033 4285 5111 partes

649 5136 937 5224 periculi.
971 5135 1289 5201 Dominus
1323 5155 1476 5199 vero
1510 5141 1807 5219 quartam
1840 5140 2090 5218 partem
2123 5152 2504 5217 quocunque
2536 5151 2691 5195 casu
2723 5129 2989 5195 fortuito
3021 5130 3176 5194 dicti
3223 5130 3421 5194 boves
3467 5130 3796 5216 perierint,
3829 5132 4025 5194 etiam
4067 5131 4286 5198 divino

644 5244 926 5328 judici03
967 5251 1032 5308 et
1078 5264 1194 5330 pro
1237 5249 1468 5328 quarta
1498 5247 1683 5327 parte
1715 5239 2019 5304 laborerii
2052 5239 2369 5304 dictorum
2400 5238 2594 5303 boum
2643 5237 2938 5324 promisit
2985 5237 3259 5301 rusticus
3306 5236 3559 5301 deferre
3607 5237 3691 5301 ad
3738 5237 3998 5302 domum
4045 5239 4287 5303 domini

649 5374 713 5415 x.
749 5351 973 5415 corbes
1016 5350 1342 5431 frumenti,
1377 5357 1442 5413 et
1483 5349 1774 5434 promisit
1820 5348 2115 5412 dominus
2163 5368 2231 5411 se
2279 5367 2419 5410 esse
2467 5352 2838 5413 contentum
2870 5345 2949 5410 de
2983 5346 3154 5410 dicta
3188 5346 3548 5431 quantitate
3579 5346 3776 5410 etiam
3807 5346 3861 5409 si
3894 5345 4039 5433 plus
4070 5355 4289 5433 posset

647 5457 926 5539 habere3
971 5464 1036 5521 et
1081 5456 1138 5520 si
1184 5455 1527 5540 contigerit
1573 5453 1744 5539 quod
1791 5453 2000 5518 dictus
2046 5453 2323 5517 rusticus
2368 5473 2496 5517 non
2544 5451 2748 5538 possit
2794 5451 2950 5515 dare
2998 5450 3234 5516 dictam
3284 5458 3581 5536 quartam
3636 5458 3924 5538 partem,
3974 5474 4050 5517 eo
4115 5452 4286 5538 quod

809 5831 889 5897 (l)
929 5830 1082 5882 Idem
1122 5834 1312 5882 auctor
1350 5830 1404 5881 in
1432 5827 1563 5881 Vita
1588 5827 1853 5897 praedicti
1880 5827 2057 5894 Beati,
2083 5843 2225 5897 quae
2259 5830 2413 5878 auto·
2523 5825 2885 5877 existentibus
2923 5829 3167 5894 tempore
3207 5841 3314 5893 quo
3353 5824 3495 5877 Sarti
3536 5829 3590 5876 et
3628 5824 3895 5877 Fattorini
3933 5825 4287 5894 scripserunt,

651 5919 861 5989 grapha
903 5919 1286 5972 asservabatur
1337 5918 1391 5970 in
1442 5918 1662 5970 archivo
1715 5922 1773 5969 ut
1818 5933 2001 5986 supra.
2041 5916 2189 5969 Obiit
2227 5920 2414 5968 autem
2524 5916 2579 5967 in
2618 5914 2839 5967 archivo
2890 5915 3204 5967 monasterii
3252 5915 3579 5967 sanctissimi
3632 5913 3889 5967 crucifixi
3934 5913 4287 5979 Samson-ati,

654 6010 843 6061 beatus
882 6008 1115 6060 Ioannes
1155 6008 1242 6060 die
1283 6010 1349 6059 24
1389 6007 1570 6059 martii
1616 6010 1768 6060 1290.
2525 6010 2579 6059 et
2610 6005 2799 6057 relatis
2826 6004 2881 6056 in
2907 6004 3064 6056 Actis
3102 6004 3545 6069 canonizationis,
3578 6020 3836 6056 summer.
3866 6021 3916 6055 n.
3944 6007 3974 6056 8
4015 6004 4288 6071 Process.,

809 6097 1130 6150 praedictae
1183 6097 1456 6149 Historiae
1504 6096 1606 6149 hoo
1652 6101 1735 6149 est
1779 6096 2024 6148 initium:
2062 6112 2093 6147 α
2131 6094 2415 6147 Johannes
2523 6095 2619 6147 fol.
2658 6097 2780 6147 316.

651 6188 821 6252 iyitur
848 6188 1128 6254 predictus
1163 6188 1426 6254 oriqinem
1463 6188 1638 6238 traxit
1674 6186 1739 6237 de
1773 6185 1973 6237 humili
2009 6185 2141 6237 villa
2164 6184 2411 6249 Paterni,
2679 6186 2758 6251 (3)
2797 6184 2952 6238 Haec
2991 6186 3046 6237 in
3085 6186 3331 6254 margine
3370 6184 3426 6236 in
3464 6184 3733 6253 principio
3772 6184 3975 6237 codicis
4002 6184 4288 6253 leguntur:

654 6275 931 6327 Fabriani
963 6278 1272 6328 dim-ictus:
1297 6281 1462 6343 pater
1484 6276 1601 6342 ejus
1627 6274 1915 6327 vocabatur
1939 6275 2269 6340 Romanoa,
2295 6290 2411 6325 vna·
2519 6292 2549 6325 αι
2574 6274 2689 6327 Ista
2716 6275 2943 6327 Summa
2968 6275 3288 6340 Raymtmdi
3310 6281 3385 6325 est
3408 6274 3671 6325 Fratrum
3695 6274 3971 6326 Minorum
3998 6274 4061 6324 de
4088 6271 4287 6323 Cesena

648 6372 731 6418 ter
765 6381 886 6418 vero
921 6365 1230 6419 Sarmens
1269 6384 1318 6419 ».
2508 6370 2634 6432 past
2668 6371 2889 6417 mortem
2924 6365 3130 6430 fratris
3162 6364 3358 6416 Jacobs·
3392 6364 3457 6415 de
3493 6363 3720 6428 Cesenn,
3756 6370 3803 6415 et
3838 6363 4067 6414 habetur
4101 6362 4284 6413 littera

812 6458 891 6523 (2)
938 6456 1024 6507 Ex
1083 6456 1257 6508 tribus
1319 6456 1557 6525 antiquis
1617 6455 1949 6508 membranis
2011 6454 2416 6508 continentibus
2525 6455 2781 6521 maqistrt‘
2813 6454 2965 6521 apud
3005 6452 3391 6505 Guarde‘anum
3427 6452 3560 6503 dicte·
3592 6452 3696 6505 loci
3729 6469 3779 6505 ι.

653 6545 840 6597 Vitam
878 6545 1026 6598 beati
1063 6545 1312 6615 Hugonis
1351 6545 1603 6614 discipuli
1642 6545 1820 6597 sancti
1870 6543 2119 6596 Silvestri
2166 6542 2414 6610 abbatis,
