5542 7775
2127 633 2512 686 APPENDIX
2566 633 2865 685 ALTERA

661 792 770 879 qui
817 792 885 855 in
931 813 1010 857 ea
1056 797 1196 856 arte
1245 790 1508 877 egregie
1554 791 1932 874 floruerunt,
1980 796 2047 856 et
2090 788 2437 877 presertim

662 900 741 964 de
789 898 1138 964 Francisco
1184 898 1388 982 Echo,
1438 899 1579 964 viro
1626 898 1931 964 mirabili.

789 1005 947 1093 Cap.
981 1005 1233 1071 XXVI.
1281 1005 1384 1071 De
1430 1006 1757 1093 plerisque
1803 1005 2156 1093 pictoribus
2202 1004 2436 1069 floren·

658 1114 811 1179 tinis
858 1114 1144 1198 famosis,
1188 1120 1253 1178 et
1298 1114 1639 1200 presertim
1686 1113 1766 1177 de
1815 1112 2036 1178 Giotto
2083 1110 2244 1176 artis
2290 1132 2435 1198 pre-

660 1223 829 1287 dicte
871 1224 1012 1306 jam
1056 1221 1389 1308 deperdite
1437 1227 1896 1285 restauratore.

789 1329 948 1418 Cap.
980 1328 1270 1394 XXVII.
1310 1328 1602 1394 Prefatio
1649 1328 1731 1392 ad
1779 1327 1954 1392 viros
1999 1326 2095 1392 rei
2137 1324 2436 1389 militaris

661 1439 975 1525 insignes.

786 1545 944 1632 Cap.
977 1543 1303 1610 XXVIII.
1337 1544 1440 1610 De
1480 1542 1757 1609 Lucerio
1805 1542 2071 1629 antiquo
2118 1549 2184 1606 et
2229 1540 2438 1628 primo

658 1653 822 1718 duce
870 1653 1237 1718 florentino.

784 1760 941 1847 Cap.
976 1759 1230 1824 XXIX.
1280 1759 1382 1823 De
1428 1757 1744 1823 Farinata
1789 1757 1870 1822 de
1910 1756 2198 1840 Ubertis,
2232 1755 2435 1820 milite

660 1869 1019 1934 clarissimo
1068 1875 1133 1933 et
1179 1867 1451 1932 famoso.

783 1975 941 2061 Cap.
975 1974 1193 2040 XXX.
1236 1974 1337 2039 De
1384 1973 1615 2039 comite
1666 1972 1964 2046 Guidone
2006 1971 2282 2053 Guerra,
2316 1970 2434 2034 mi-

657 2084 867 2149 litaris
917 2083 1010 2147 rei
1056 2081 1471 2169 peritissime.

785 2190 944 2278 Cap.
1007 2190 1263 2255 XXXI.
1326 2189 1428 2254 De
1488 2188 1722 2254 Nicola
1775 2187 1855 2252 de
1903 2186 2257 2270 Acciajolis
2317 2184 2434 2249 mi-

658 2301 771 2364 lite
822 2320 1080 2385 magno,
1130 2298 1316 2383 regui
1364 2296 1581 2361 Sicilie
1628 2296 2021 2361 senescalcO.

787 2408 945 2494 Cap.
977 2405 1271 2471 XXXII.
1303 2405 1405 2469 De
1447 2403 1490 2468 J
1494 2424 1703 2469 oanne
1743 2410 1808 2468 et
1855 2404 1996 2487 ejus
2028 2402 2230 2467 fratre
2261 2401 2430 2467 Mat-

660 2516 811 2580 theo
859 2515 939 2579 de
985 2514 1268 2578 Villanis
1313 2511 1851 2597 historiographis
1874 2511 1972 2576 (1).

1422 2833 1581 2900 XII.
1638 2831 1685 2882 B

787 3049 893 3115 Ex
937 3071 1112 3136 opere
1157 3050 1471 3114 Dominici
1515 3047 1821 3130 Bandini‚
1868 3068 1916 3111 c.
1966 3056 2010 3112 t.
2027 3070 2049 3110 .·
2094 3045 2270 3111 Fons
2316 3045 2436 3109 mi-

659 3159 963 3223 rabilium
1012 3157 1318 3240 universi,
1369 3159 1433 3220 in
1465 3158 1639 3220 vatic.
1672 3154 1959 3220 Biblioth.
1982 3204 1999 3237 ‚
2030 3175 2096 3218 n.
2131 3153 2308 3217 2029
2332 3152 2432 3218 (2).

755 3373 1162 3454 Accensms,
1187 3371 1408 3455 legum
1438 3369 1855 3452 illuminator,
1878 3368 2208 3433 Florentie
2242 3376 2432 3432 natus

664 3489 761 3545 est
808 3480 1057 3566 origine
1105 3479 1424 3566 populari.
1471 3478 1602 3542 Hic
1648 3477 1810 3540 mira
1857 3476 2166 3563 temporis
2219 3476 2431 3542 brevi-

659 3596 792 3653 tate
842 3594 1012 3652 artes
1063 3586 1287 3650 didicit
1333 3585 1673 3668 liberales,
1720 3605 2000 3670 moxque
2047 3583 2130 3647 ad
2176 3583 2318 3648 iura
2363 3606 2432 3649 se

662 3696 955 3778 contulit,
1005 3701 1328 3758 sectarum
1373 3692 1659 3757 omnium
1701 3691 1976 3756 auditor.
2010 3692 2299 3778 Cumque
2347 3692 2431 3757 ab

658 3811 932 3891 utraque
980 3809 1166 3890 parte
1214 3801 1432 3867 omnia
1477 3806 1880 3883 evacuasset,
1914 3801 2146 3886 etjam
2191 3800 2432 3888 ubique

659 3914 1065 3979 doctissimus
1092 3911 1432 3995 diceretur,
1457 3910 1751 3975 Bononie
1778 3911 1964 3975 annis
1996 3910 2250 3975 circiter
2274 3932 2431 3996 qua-

659 4022 964 4108 draginta
1012 4041 1400 4085 concurrens
1432 4041 1581 4084 cum
1611 4018 1939 4085 Odofredo
1974 4018 2053 4083 de
2087 4018 2432 4084 Odofredis

666 4130 746 4194 de
785 4129 1102 4212 Bononia,
1136 4127 1399 4192 tandem
1429 4127 1663 4213 spretis
1702 4127 1918 4208 lucris,
1951 4126 2307 4192 solitariam
2339 4126 2434 4191 vi-

666 4245 800 4302 tam
844 4235 1063 4321 elegit,
1095 4243 1161 4300 et
1200 4241 1406 4299 totum
1455 4234 1703 4320 Corpus
1735 4233 1916 4299 Juris
1962 4234 2185 4300 subtili
2223 4234 2433 4299 brevi·

666 4352 799 4409 tate
832 4343 1167 4429 glossavit.
1216 4342 1359 4417 Que
1398 4341 1659 4428 quidem
1699 4342 1915 4427 glosse
1963 4340 2126 4406 adeo
2171 4342 2437 4406 fuerunt

666 4459 850 4539 grate
898 4451 1195 4516 omnibus
1228 4449 1420 4536 quod,
1454 4449 1711 4533 rejectis
1759 4448 2143 4535 quibusdam
2189 4449 2435 4535 opinio-

666 4560 855 4625 nibus
903 4558 1216 4641 aliorum,
1263 4558 1402 4644 ipse
1449 4557 1584 4621 sole
1645 4556 1726 4620 de
1788 4576 2106 4621 consensu
2152 4557 2438 4621 omnium

665 4668 1022 4733 Doctorum
1061 4666 1255 4750 juxta
1301 4671 1553 4729 textum
1599 4671 1748 4727 sunt
1794 4664 2037 4749 posite,
2086 4671 2152 4729 et
2196 4665 2436 4751 ubique

790 4987 869 5052 (1)
908 4985 1016 5037 Hic
1052 4984 1254 5037 desinit
1292 4982 1478 5036 Codex
1515 4984 1854 5036 barberinus.

788 5076 867 5141 (2)
906 5073 1227 5126 Dominicus
1277 5073 1513 5125 Bandini
1562 5073 1815 5125 Mmensi
1865 5073 2069 5126 laboris
2118 5091 2255 5144 opus
2307 5091 2437 5127 con-

667 5165 822 5231 didit,
859 5164 1012 5217 cuius
1050 5163 1141 5215 hic
1178 5164 1372 5215 titulus
1405 5167 1516 5216 est:
1544 5161 1695 5215 Fons
1718 5163 2061 5215 mirabilium
2086 5166 2343 5217 universi.
2369 5164 2436 5217 In

669 5270 733 5307 eo
772 5254 838 5307 de
876 5254 1039 5307 rebus
1077 5252 1346 5319 omnibus,
1384 5252 1430 5304 si
1468 5252 1651 5306 dicere
1699 5252 1784 5305 fas
1832 5256 1917 5305 est
1962 5252 2215 5306 humanis
2254 5270 2319 5307 ac
2356 5254 2438 5306 di-

666 5343 825 5409 vinis,
854 5342 1063 5412 aliquid
1101 5343 1281 5395 dicere
1320 5342 1423 5394 sibi
1463 5342 1765 5411 proposuit,
1791 5343 1936 5411 quod
1972 5343 2147 5412 magis
2184 5344 2327 5397 scitu
2357 5343 2438 5396 di-

671 5449 841 5502 gnum
866 5432 1160 5484 videretur.
1187 5432 1382 5500 Itaque
1411 5432 1564 5483 nulla
1589 5435 1673 5484 est
1699 5432 1900 5484 artium
1923 5432 2251 5499 liberalium,
2276 5437 2441 5502 prout

669 5525 850 5574 aetate
889 5538 988 5574 sua
1027 5520 1380 5586 colebantur,
1418 5537 1488 5573 ex
1533 5537 1642 5590 qua
1692 5520 1900 5590 aliquid
1941 5537 2049 5573 non
2087 5522 2437 5590 delibuerit,

670 5610 824 5663 nulla
861 5626 990 5680 pars
1027 5609 1306 5675 historiae,
1331 5626 1497 5679 quam
1534 5626 1643 5663 non
1678 5610 1938 5678 attigerit,
1964 5627 2072 5662 uno
2110 5611 2293 5676 verbe,
2320 5613 2441 5664 nul-

670 5700 785 5751 lum
822 5699 1149 5768 scriptorum
1186 5715 1358 5767 genus
1395 5699 1540 5768 quod
1575 5699 1795 5767 quidem
1820 5698 2059 5768 reperire
2086 5700 2343 5769 potuerit,
2370 5715 2440 5753 ex

669 5805 777 5858 quo
815 5789 1022 5858 aliquid
1062 5805 1168 5840 non
1207 5788 1563 5858 excerpserit.
1601 5788 1666 5840 In
1719 5789 1998 5857 trigesimo
2049 5789 2212 5841 huius
2258 5790 2439 5859 operis

668 5878 827 5943 libro,
853 5879 944 5947 qui
983 5877 1131 5930 solus
1168 5878 1509 5947 praegrande
1551 5893 1615 5930 ac
1641 5878 1877 5946 spissum
1901 5878 2159 5930 volumen
2185 5882 2438 5949 occupat,

671 5967 786 6037 agit
824 5968 890 6020 de
930 5969 1093 6020 claris
1130 5968 1278 6034 viris,
1303 5968 1397 6036 qui
1432 5983 1501 6021 ex
1527 5968 1675 6021 omni
1700 5968 1966 6021 memoria
1990 5969 2060 6021 ad
2085 5985 2242 6021 suam
2266 5985 2440 6038 usque

671 6060 911 6109 aetatem
948 6057 1222 6123 vixerunt,
1260 6073 1504 6127 quosque
1543 6073 1652 6110 non
1689 6058 1868 6110 solum
1918 6057 2147 6111 historia
2184 6061 2341 6111 vetus
2386 6061 2442 6112 et

672 6162 814 6198 nova
851 6147 948 6199 sed
986 6146 1207 6198 fabulae
1247 6147 1415 6199 etiam
1453 6148 1825 6217 suppeditant.
1863 6146 2019 6199 Vixit
2056 6151 2243 6200 autem
2289 6148 2444 6201 labo-

669 6236 846 6288 riosus
884 6236 973 6289 hic
1028 6236 1262 6305 scriptor
1318 6237 1641 6290 decurrente
1697 6236 1852 6290 XIV.
1896 6238 2147 6303 saeculo,
2186 6241 2243 6290 et
2296 6253 2441 6290 anno

670 6325 1123 6378 MCCCLXXIV.
1162 6327 1219 6378 in
1258 6327 1459 6380 scholis
1499 6327 1696 6380 nostris
1733 6327 2083 6381 humaniores
2121 6328 2310 6381 literas
2348 6328 2442 6380 do·

671 6415 849 6468 eebat.
889 6415 1071 6467 Etiam
1108 6415 1393 6468 Bandinus
1431 6416 1548 6469 eius
1605 6420 1766 6486 pater
1817 6416 2067 6469 eamdem
2116 6417 2443 6470 facultatem

672 6507 951 6577 professus
1008 6513 1119 6574 est,
1169 6524 1403 6577 eumque
1453 6508 1668 6578 magnis
1722 6508 1978 6562 laudibus
2032 6510 2150 6578 ipse
2209 6509 2440 6562 extollit.

902 6716 1041 6756 Tou.
1079 6717 1145 6757 11.

4178 612 4328 684 297

2564 788 2702 853 sine
2749 790 3190 854 controversia
3227 811 3344 875 pro
3386 788 3640 873 legibus
3671 787 4090 853 honorantur.
4122 787 4333 852 Natus

2564 904 2663 962 est
2688 896 2977 963 Henrico
3010 898 3397 984 imperatore
3422 897 3848 980 Barbarossa,
3876 904 3940 961 et
3970 896 4188 961 floruit
4219 896 4336 961 im-

2563 1011 2832 1091 perante
2888 1004 3202 1071 Federico
3249 1004 3566 1087 secundo,
3615 1011 3681 1069 et
3725 1003 3988 1069 tandem
4041 1003 4337 1069 Bononie

2563 1132 2649 1176 ex
2695 1111 2875 1176 senio
2922 1113 3087 1196 objit
3132 1134 3301 1178 anno
3360 1112 3569 1196 gratie
3629 1110 4156 1176 MCCLXXVII.
4205 1112 4337 1176 vite

2565 1240 2717 1284 vero
2763 1219 3038 1284 LXXV.
3087 1241 3278 1302 anno,
3325 1221 3576 1307 fuitque
3624 1219 3823 1284 animi
3868 1220 4111 1304 dolore,
4144 1220 4336 1285 lacri-

2564 1327 2685 1390 mis
2739 1333 2806 1391 et
2851 1328 3102 1411 ejulatu
3145 1328 3344 1392 totius
3391 1328 3581 1393 Italie
3614 1328 3895 1414 positum
3928 1328 3992 1390 in
4026 1328 4335 1393 eminenti

2564 1434 2882 1520 piramide
2928 1434 2995 1498 in
3041 1435 3262 1522 platea
3305 1435 3612 1500 Fratrum
3657 1434 3981 1500 Minorum
4028 1443 4133 1502 etc.

2685 1648 3051 1714 Emmaus
3097 1651 3416 1736 presentis
3472 1650 3685 1737 operis
3731 1650 4012 1715 auctoris
4059 1651 4335 1735 genitor,

2561 1758 2661 1822 vir
2707 1757 3014 1821 facundia
3071 1757 3531 1844 literarumque
3590 1758 3819 1822 studiis
3865 1765 3931 1822 et
3978 1759 4215 1823 artium
4262 1759 4337 1822 li·

2563 1864 2882 1930 beralium
2928 1865 3175 1930 clarum
3221 1865 3460 1947 lumen,
3495 1886 3750 1951 semper
3781 1887 3925 1930 cum
3973 1866 4339 1930 reverentia

2562 1973 2992 2037 nominandus
3024 1973 3204 2056 mihi,
3229 1972 3515 2037 honestis
3540 1972 3917 2059 parentibus
3944 1980 4143 2055 ortus,
4168 1995 4336 2037 mer-

2562 2081 2888 2147 catoribus
2959 2081 3218 2167 quidem
3288 2081 3536 2166 origine
3563 2131 3580 2163 ,
3650 2080 3777 2145 Dei
3845 2087 4008 2145 nutu
4080 2101 4336 2167 semper

2561 2189 2899 2254 abhorruit
2968 2188 3392 2254 mercationes
3454 2187 3781 2274 sequendo
3844 2187 4060 2252 studia
4116 2187 4335 2252 litera-

2561 2318 2724 2359 rum.
2760 2296 3051 2381 Cumque
3098 2295 3165 2359 iu
3205 2295 3396 2360 trivio
3439 2302 3610 2360 esset
3655 2316 3941 2360 summus
3974 2303 4039 2359 et
4081 2295 4145 2358 in
4180 2316 4336 2381 qua-

2561 2404 2768 2469 drivio
2814 2404 3165 2468 haberetur
3211 2404 3521 2488 insignis,
3569 2403 3862 2488 inspecta
3917 2402 4141 2466 mundi
4187 2425 4336 2489 pra-

2560 2512 2747 2592 ctica,
2816 2512 3140 2594 versutiis,
3209 2510 3579 2593 fraudibus,
3651 2511 4009 2594 violentiis,
4074 2512 4334 2597 stupris,

2561 2619 2936 2703 cunctisque
3014 2617 3410 2682 facinoribus
3479 2617 3744 2681 silendis
3811 2618 4026 2704 potius
4140 2639 4336 2704 quam

2562 2726 2917 2791 scribendis
2952 2775 2966 2789 .
3002 2775 3019 2790 .
3055 2775 3070 2789 .
3107 2773 3123 2790 .
3159 2775 3175 2807 ‚
3224 2725 3422 2811 elegit
3482 2724 3953 2811 disciplinando
4023 2724 4329 2810 prodesse

2563 2834 2882 2915 omnibus,
2917 2854 3163 2898 memor
3211 2832 3383 2918 quod
3421 2832 3722 2896 scribitur
3749 2881 3763 2896 .
3794 2881 3808 2896 .
3839 2881 3854 2897 .
3884 2854 3898 2896 ε
3936 2833 4064 2907 Qui
4096 2831 4333 2896 multos

2562 2940 2866 3006 erudiunt
2913 2940 2995 3003 ad
3036 2941 3356 3024 justitiam
3404 2947 3594 3003 erunt
3640 2940 3826 3004 stelle
3873 2939 3937 3003 in
3985 2947 4333 3026 perpetuas

2563 3049 2939 3114 eternitates
2966 3097 3160 3113 .....
3193 3047 3357 3112 Erat
3398 3047 3635 3134 quippe
3683 3047 3975 3113 doctrina
4022 3048 4336 3112 mirabilis

2562 3156 2728 3221 sicut
2775 3157 3107 3242 speculum
3167 3155 3592 3220 tersissimum
3656 3154 3824 3220 inter
3879 3176 4049 3220 suos.
4099 3155 4335 3219 Nullus

2561 3285 2681 3328 evo
2727 3284 2865 3346 sue,
2901 3270 3214 3349 quantum
3253 3263 3607 3328 communis
3641 3262 3894 3327 ferebat
3926 3262 4163 3349 opinio,
4197 3285 4334 3326 ma-

2554 3372 2717 3456 joris
2764 3371 3136 3457 eloquentia
3179 3370 3534 3453 dicebatur,
3578 3376 3771 3456 prout
3815 3391 4078 3435 succose
4135 3377 4330 3456 atque

2559 3501 2793 3564 graves
2841 3484 3281 3543 monstrantur
3326 3477 3598 3564 epistole
3646 3478 3846 3564 ipsius
3875 3527 3890 3541 .
3920 3527 3934 3542 .
3968 3528 4025 3561 .,
4074 3486 4142 3543 et
4188 3480 4328 3565 qui-

2558 3588 2706 3652 dem
2767 3586 3083 3674 quasdam
3137 3588 3278 3671 ejus
3327 3586 3651 3651 orationes
3698 3587 3788 3650 ita
3833 3586 4156 3672 perfectas
4195 3588 4330 3651 vidi

2559 3702 2633 3760 ut
2678 3697 2743 3760 in
2791 3697 2884 3760 eis
2931 3717 3139 3782 neque
3188 3694 3349 3760 Cato
3397 3695 3806 3779 gravitatem,
3851 3715 4059 3780 neque
4105 3694 4327 3758 Lelius

2558 3804 2915 3886 lenitatem,
2948 3824 3158 3890 neque
3206 3800 3407 3867 Cesar
3452 3802 3756 3883 calorem,
3791 3823 3998 3887 neque
4043 3801 4329 3867 Horten·

2559 3913 2692 3978 sius
2738 3912 3301 3992 distribucionem,
3348 3931 3556 3997 neque
3602 3909 4066 3995 parcimoniam
4116 3910 4330 3975 Sallu-

2561 4021 2741 4104 stius,
2777 4041 2985 4105 neque
3033 4018 3470 4094 Quintilianus
3519 4018 3791 4104 copiam,
3825 4038 4033 4103 neque
4066 4018 4331 4104 opulen-

2560 4130 2719 4193 tiam
2767 4128 2993 4193 Cicero
3019 4175 3035 4190 .
3064 4175 3079 4191 .
3108 4176 3123 4190 .
3152 4175 3167 4191 .
3201 4126 3574 4192 Postularet
3605 4146 3760 4210 ergo
3804 4124 4028 4189 laudes
4076 4125 4330 4190 inclitas

2561 4256 2972 4321 summosque
3019 4234 3242 4298 titulos
3287 4234 3545 4297 bonitas
3590 4231 3757 4296 tanti
3795 4232 3939 4316 viri,
3973 4254 4164 4317 quem
4195 4255 4330 4297 ma-

2559 4345 2736 4409 xime
2782 4343 3089 4409 bonitatis
3136 4348 3275 4407 tota
3313 4341 3541 4405 civitas
3570 4340 3990 4426 predicabat.
4020 4389 4035 4405 .
4064 4389 4080 4406 .
4110 4389 4126 4405 .
4161 4340 4332 4415 Quia

2563 4461 2704 4519 erat
2750 4451 3046 4518 omnibus
3093 4449 3499 4535 gratissimus
3545 4449 3801 4534 hospes.
3831 4447 3939 4512 Me
3973 4454 4125 4513 tunc
4158 4456 4331 4513 etate

2565 4607 2896 4626 .......
2930 4558 3166 4622 fratres
3212 4578 3389 4620 meos
3438 4555 3734 4641 puberes,
3775 4555 4089 4641 quosdam
4135 4557 4332 4620 etiam

2562 4668 2890 4756 patrueles
2936 4667 3077 4751 ejus
3126 4664 3341 4751 sepius
3386 4663 3706 4728 monendo
3752 4663 4040 4727 dicebat:
4087 4664 4331 4728 Audite

2565 4985 2799 5056 Oportet
2824 4990 3010 5039 autem
3035 4986 3193 5038 illum
3220 5001 3338 5038 esse
3365 4987 3555 5036 natum
3582 4998 3652 5036 ex
3676 4986 3833 5052 patre
3860 4983 4151 5035 admodum
4183 4999 4332 5047 sene,

2564 5077 2611 5128 si
2647 5092 2779 5129 vera
2817 5079 2944 5128 sunt
2993 5091 3133 5145 quae
3173 5075 3239 5127 de
3287 5074 3383 5125 illo
3431 5073 3638 5142 scripta
3685 5072 3923 5142 reliquit.
3961 5072 4091 5124 Eius
4140 5072 4333 5141 ingens

2564 5183 2719 5236 opus,
2740 5166 2886 5236 quod
2911 5168 3038 5218 ante
3065 5164 3195 5230 dixi,
3223 5164 3279 5216 in
3306 5164 3411 5215 tria
3435 5179 3636 5232 magna
3660 5162 3939 5214 volumina
3964 5162 4331 5228 distributum,

2565 5259 2719 5309 extat
2744 5257 3020 5324 integrum
3040 5254 3250 5306 Romae
3275 5253 3331 5305 in
3357 5251 3692 5304 bibliotheca
3718 5250 3949 5320 Collegii
3977 5250 4333 5321 Capranicae.

2565 5344 2675 5399 Sed
2709 5345 2965 5397 vaticano
3003 5344 3210 5409 codice,
3236 5343 3327 5413 qui
3368 5347 3452 5396 est
3489 5360 3543 5395 n.
3571 5346 3728 5409 2029,
3753 5343 3838 5395 usi
3875 5358 4079 5408 sumus,
4120 5358 4190 5394 ex
4226 5359 4334 5411 quo

2564 5451 2745 5504 pauca
2781 5434 3156 5503 excerpsimus
3192 5433 3282 5485 hic
3330 5432 3560 5485 edenda.
3598 5432 3765 5484 Plura
3816 5432 3882 5484 de
3929 5431 4032 5484 hoc
4079 5436 4333 5498 auctore,

2566 5525 2742 5594 deque
2781 5523 3049 5576 immensa
3087 5522 3206 5575 eius
3241 5522 3519 5591 farragine
3557 5520 3726 5573 habet
3761 5520 4088 5574 Laurentius
4119 5521 4332 5589 Mehus,

2566 5616 2651 5668 vir
2689 5614 2951 5679 eruditus,
2978 5613 3035 5664 in
3065 5613 3177 5665 suis
3216 5612 3286 5664 ad
3312 5611 3586 5663 Ambrosii
3612 5609 4047 5663 Camaldulensis
4074 5612 4334 5680 epistolas

2566 5704 2997 5775 prolegomenis,
3033 5720 3066 5755 a
3104 5719 3211 5772 quo
3249 5702 3386 5754 illud
3422 5703 3719 5771 praecipue
3757 5701 4193 5754 animadversum
4234 5706 4333 5767 est,

2564 5795 2742 5846 multa
2779 5793 2836 5844 in
2872 5793 2976 5844 hoc
3014 5792 3278 5861 scriptore
3319 5795 3375 5844 et
3413 5792 3468 5842 in
3506 5791 3762 5860 Philippo
3791 5790 4032 5842 Villanio
4060 5789 4140 5841 De
4165 5790 4334 5842 claris

2563 5883 2701 5935 viris
2723 5883 3030 5949 florentim’s
3053 5882 3247 5933 iisdem
3273 5880 3390 5933 fere
3417 5880 3596 5933 verbis
3622 5881 3828 5949 scripta
3861 5896 3999 5946 esse,
4024 5884 4086 5931 ut
4122 5881 4336 5932 nescias

2563 5975 2690 6026 uter
2726 5972 2798 6024 ab
2834 5971 3016 6024 alter&
3048 5970 3345 6039 acceperit.

2692 6061 2905 6114 Auctor
2943 6060 3033 6113 hic
3073 6064 3257 6112 noster
3295 6059 3361 6111 de
3400 6059 3629 6128 singulis
3667 6058 3797 6110 viris
3834 6058 4137 6110 illustribus
4164 6058 4335 6110 disse-

2567 6152 2694 6218 ruit,
2715 6154 2932 6204 servato
2957 6151 3242 6203 literarum
3268 6147 3552 6218 alphabeti
3577 6148 3784 6214 ordine,
3810 6151 3974 6216 atque
3999 6148 4201 6200 idcirco
4228 6164 4335 6200 non

2567 6241 2760 6293 habita
2784 6240 2996 6293 ratione
3023 6239 3285 6308 temporis
3311 6254 3418 6307 quo
3444 6238 3673 6308 quisque
3700 6237 3853 6289 vixit.
3880 6237 4073 6306 Itaque
4101 6238 4334 6289 eundem

2569 6331 2816 6383 ordinem
2855 6332 2911 6382 et
2947 6345 3046 6381 nos
3083 6344 3375 6398 sequemur
3399 6327 3455 6379 in
3479 6328 3670 6396 paucis
3695 6326 3846 6379 hisce
3883 6326 4157 6394 excerptis
4185 6325 4337 6378 exhi-

2567 6419 2780 6485 bendis,
2817 6434 2887 6472 ex
2924 6418 3121 6488 quibus
3160 6418 3226 6470 de
3266 6416 3504 6470 auctoris
3540 6420 3705 6486 gustu
3739 6416 3874 6469 satis
3917 6415 4204 6467 diiudicari
4240 6432 4337 6485 po-

2568 6509 2713 6562 terit.

4108 6704 4176 6754 38
