<?xml version="1.0" encoding="UTF-8"?>
<!DOCTYPE html PUBLIC "-//W3C//DTD XHTML 1.0 Transitional//EN"
    "http://www.w3.org/TR/xhtml1/DTD/xhtml1-transitional.dtd">
<html xmlns="http://www.w3.org/1999/xhtml" xml:lang="en" lang="en">
 <head>
  <title>
</title>
<meta http-equiv="Content-Type" content="text/html;charset=utf-8" />
  <meta name='ocr-system' content='tesseract 3.04.00' />
  <meta name='ocr-capabilities' content='ocr_page ocr_carea ocr_par ocr_line ocrx_word'/>
</head>
<body>
  <div class='ocr_page' id='page_1' title='image "./declarisarchigy00malagoog_0063.png"; bbox 0 0 5542 7775; ppageno 0'>
   <div class='ocr_carea' id='block_1_1' title="bbox 1279 620 3330 692">
    <p class='ocr_par' dir='ltr' id='par_1_1' title="bbox 1279 620 3330 692">
     <span class='ocr_line' id='line_1_1' title="bbox 1279 620 3330 692; baseline -0.002 0"><span class='ocrx_word' id='word_1_1' title='bbox 1279 620 1377 692; x_wconf 84' lang='lat'><strong>70</strong></span> <span class='ocrx_word' id='word_1_2' title='bbox 2852 636 3330 688; x_wconf 66' lang='lat' dir='ltr'><strong>mmmmm</strong></span> 
     </span>
    </p>
   </div>
   <div class='ocr_carea' id='block_1_2' title="bbox 1772 1003 4385 1520">
    <p class='ocr_par' dir='ltr' id='par_1_2' title="bbox 1772 1003 4385 1520">
     <span class='ocr_line' id='line_1_2' title="bbox 2959 1003 3204 1068; baseline 0 0"><span class='ocrx_word' id='word_1_3' title='bbox 2959 1003 3204 1068; x_wconf 84' lang='lat' dir='ltr'><strong>XLIV.</strong></span> 
     </span>
     <span class='ocr_line' id='line_1_3' title="bbox 2755 1219 3412 1305; baseline 0.003 -23"><span class='ocrx_word' id='word_1_4' title='bbox 2755 1219 2965 1302; x_wconf 84' lang='lat'><strong>1291,</strong></span> <span class='ocrx_word' id='word_1_5' title='bbox 3012 1219 3098 1282; x_wconf 88' lang='lat'><strong>31</strong></span> <span class='ocrx_word' id='word_1_6' title='bbox 3142 1221 3412 1305; x_wconf 72' lang='lat' dir='ltr'><strong>anqusti.</strong></span> 
     </span>
     <span class='ocr_line' id='line_1_4' title="bbox 1772 1433 4385 1520; baseline 0.001 -22"><span class='ocrx_word' id='word_1_7' title='bbox 1772 1434 1878 1498; x_wconf 80' lang='lat' dir='ltr'><strong>Ex</strong></span> <span class='ocrx_word' id='word_1_8' title='bbox 1922 1440 2076 1499; x_wconf 89' lang='lat' dir='ltr'><strong>tom.</strong></span> <span class='ocrx_word' id='word_1_9' title='bbox 2124 1433 2509 1499; x_wconf 88' lang='lat' dir='ltr'>LXXXIII.</span> <span class='ocrx_word' id='word_1_10' title='bbox 2559 1434 2779 1499; x_wconf 86' lang='lat' dir='ltr'><strong>Codic.</strong></span> <span class='ocrx_word' id='word_1_11' title='bbox 2827 1433 3111 1520; x_wconf 88' lang='lat' dir='ltr'><strong>Diplom.</strong></span> <span class='ocrx_word' id='word_1_12' title='bbox 3162 1434 3398 1520; x_wconf 80' lang='lat' dir='ltr'><strong>Gymn.</strong></span> <span class='ocrx_word' id='word_1_13' title='bbox 3446 1434 3650 1517; x_wconf 90' lang='lat' dir='ltr'><strong>Bon.,</strong></span> <span class='ocrx_word' id='word_1_14' title='bbox 3698 1456 3874 1499; x_wconf 88' lang='lat' dir='ltr'><strong>num.</strong></span> <span class='ocrx_word' id='word_1_15' title='bbox 3922 1435 4278 1500; x_wconf 87' lang='lat' dir='ltr'>XXXVII.</span> <span class='ocrx_word' id='word_1_16' title='bbox 4306 1436 4385 1500; x_wconf 88' lang='lat'><strong>(1)</strong></span> 
     </span>
    </p>
   </div>
   <div class='ocr_carea' id='block_1_3' title="bbox 1249 1646 4894 4310">
    <p class='ocr_par' dir='ltr' id='par_1_3' title="bbox 1436 1646 3994 1735">
     <span class='ocr_line' id='line_1_5' title="bbox 1436 1646 3994 1735; baseline -0 -21"><span class='ocrx_word' id='word_1_17' title='bbox 1436 1649 1745 1714; x_wconf 86' lang='lat' dir='ltr'><strong>Nicolaus</strong></span> <span class='ocrx_word' id='word_1_18' title='bbox 1792 1648 1978 1735; x_wconf 89' lang='lat' dir='ltr'><strong>Papa</strong></span> <span class='ocrx_word' id='word_1_19' title='bbox 2025 1648 2143 1713; x_wconf 89' lang='lat' dir='ltr'><strong>IV.</strong></span> <span class='ocrx_word' id='word_1_20' title='bbox 2190 1648 2538 1714; x_wconf 85' lang='lat' dir='ltr'><strong>Francisco</strong></span> <span class='ocrx_word' id='word_1_21' title='bbox 2586 1648 2765 1713; x_wconf 87' lang='lat' dir='ltr'><strong>Juris</strong></span> <span class='ocrx_word' id='word_1_22' title='bbox 2814 1648 3037 1712; x_wconf 81' lang='lat' dir='ltr'><strong>Civilis</strong></span> <span class='ocrx_word' id='word_1_23' title='bbox 3082 1646 3371 1729; x_wconf 89' lang='lat' dir='ltr'><strong>Doctori,</strong></span> <span class='ocrx_word' id='word_1_24' title='bbox 3421 1647 3547 1712; x_wconf 86' lang='lat' dir='ltr'><strong>civi</strong></span> <span class='ocrx_word' id='word_1_25' title='bbox 3591 1647 3994 1713; x_wconf 81' lang='lat' dir='ltr'><strong>bononiensi.</strong></span> 
     </span>
    </p>

    <p class='ocr_par' dir='ltr' id='par_1_4' title="bbox 1249 1756 4894 4310">
     <span class='ocr_line' id='line_1_6' title="bbox 1438 1756 4893 1844; baseline 0.001 -22"><span class='ocrx_word' id='word_1_26' title='bbox 1438 1758 1711 1822; x_wconf 78' lang='lat' dir='ltr'><strong>Gratum</strong></span> <span class='ocrx_word' id='word_1_27' title='bbox 1758 1766 1855 1822; x_wconf 89' lang='lat' dir='ltr'><strong>est</strong></span> <span class='ocrx_word' id='word_1_28' title='bbox 1903 1756 2087 1822; x_wconf 90' lang='lat' dir='ltr'><strong>nobis</strong></span> <span class='ocrx_word' id='word_1_29' title='bbox 2133 1764 2198 1821; x_wconf 90' lang='lat' dir='ltr'><strong>et</strong></span> <span class='ocrx_word' id='word_1_30' title='bbox 2242 1757 2604 1844; x_wconf 90' lang='lat' dir='ltr'><strong>placidum,</strong></span> <span class='ocrx_word' id='word_1_31' title='bbox 2654 1757 2827 1844; x_wconf 91' lang='lat' dir='ltr'><strong>quod</strong></span> <span class='ocrx_word' id='word_1_32' title='bbox 2873 1756 2957 1821; x_wconf 91' lang='lat' dir='ltr'><strong>ad</strong></span> <span class='ocrx_word' id='word_1_33' title='bbox 3002 1756 3221 1839; x_wconf 90' lang='lat' dir='ltr'><strong>illum,</strong></span> <span class='ocrx_word' id='word_1_34' title='bbox 3272 1756 3383 1842; x_wconf 90' lang='lat' dir='ltr'><strong>qui</strong></span> <span class='ocrx_word' id='word_1_35' title='bbox 3445 1763 3508 1820; x_wconf 89' lang='lat' dir='ltr'><strong>te</strong></span> <span class='ocrx_word' id='word_1_36' title='bbox 3571 1756 3725 1821; x_wconf 83' lang='lat' dir='ltr'><strong>fecit</strong></span> <span class='ocrx_word' id='word_1_37' title='bbox 3785 1758 4113 1843; x_wconf 79' lang='lat' dir='ltr'><strong>variisque</strong></span> <span class='ocrx_word' id='word_1_38' title='bbox 4176 1758 4424 1823; x_wconf 86' lang='lat' dir='ltr'><strong>dotavit</strong></span> <span class='ocrx_word' id='word_1_39' title='bbox 4483 1760 4893 1843; x_wconf 89' lang='lat' dir='ltr'><strong>muneribus,</strong></span> 
     </span>
     <span class='ocr_line' id='line_1_7' title="bbox 1259 1863 4894 1952; baseline 0.001 -23"><span class='ocrx_word' id='word_1_40' title='bbox 1259 1866 1397 1929; x_wconf 88' lang='lat' dir='ltr'><strong>eius</strong></span> <span class='ocrx_word' id='word_1_41' title='bbox 1442 1865 1772 1930; x_wconf 90' lang='lat' dir='ltr'><strong>humiliter</strong></span> <span class='ocrx_word' id='word_1_42' title='bbox 1818 1870 1889 1928; x_wconf 92' lang='lat' dir='ltr'><strong>ut</strong></span> <span class='ocrx_word' id='word_1_43' title='bbox 1935 1864 2254 1947; x_wconf 81' lang='lat' dir='ltr'><strong>convenit,</strong></span> <span class='ocrx_word' id='word_1_44' title='bbox 2286 1864 2806 1950; x_wconf 86' lang='lat' dir='ltr'><strong>recognoscendo</strong></span> <span class='ocrx_word' id='word_1_45' title='bbox 2853 1863 3166 1929; x_wconf 90' lang='lat' dir='ltr'><strong>beneficia</strong></span> <span class='ocrx_word' id='word_1_46' title='bbox 3213 1864 3459 1928; x_wconf 90' lang='lat' dir='ltr'><strong>sincere</strong></span> <span class='ocrx_word' id='word_1_47' title='bbox 3506 1863 3865 1929; x_wconf 85' lang='lat' dir='ltr'><strong>devotionis</strong></span> <span class='ocrx_word' id='word_1_48' title='bbox 3914 1864 4198 1951; x_wconf 89' lang='lat' dir='ltr'><strong>dirigens</strong></span> <span class='ocrx_word' id='word_1_49' title='bbox 4245 1865 4568 1949; x_wconf 83' lang='lat' dir='ltr'><strong>affectum,</strong></span> <span class='ocrx_word' id='word_1_50' title='bbox 4604 1888 4727 1952; x_wconf 92' lang='lat' dir='ltr'><strong>que</strong></span> <span class='ocrx_word' id='word_1_51' title='bbox 4775 1889 4894 1932; x_wconf 88' lang='lat' dir='ltr'><strong>sua</strong></span> 
     </span>
     <span class='ocr_line' id='line_1_8' title="bbox 1258 1971 4892 2059; baseline 0.001 -22"><span class='ocrx_word' id='word_1_52' title='bbox 1258 1979 1408 2037; x_wconf 90' lang='lat' dir='ltr'><strong>sunt</strong></span> <span class='ocrx_word' id='word_1_53' title='bbox 1453 1972 1689 2058; x_wconf 89' lang='lat' dir='ltr'><strong>queris,</strong></span> <span class='ocrx_word' id='word_1_54' title='bbox 1738 1993 1814 2037; x_wconf 88' lang='lat' dir='ltr'><strong>ac</strong></span> <span class='ocrx_word' id='word_1_55' title='bbox 1859 1971 2181 2036; x_wconf 78' lang='lat' dir='ltr'>dimittere</span> <span class='ocrx_word' id='word_1_56' title='bbox 2228 1971 2507 2036; x_wconf 79' lang='lat' dir='ltr'><strong>intendis</strong></span> <span class='ocrx_word' id='word_1_57' title='bbox 2553 1972 2868 2054; x_wconf 88' lang='lat' dir='ltr'><strong>nocitura,</strong></span> <span class='ocrx_word' id='word_1_58' title='bbox 2917 1978 2989 2035; x_wconf 91' lang='lat' dir='ltr'><strong>ut</strong></span> <span class='ocrx_word' id='word_1_59' title='bbox 3035 1992 3120 2034; x_wconf 80' lang='lat' dir='ltr'><strong>ex</strong></span> <span class='ocrx_word' id='word_1_60' title='bbox 3165 1971 3287 2035; x_wconf 90' lang='lat' dir='ltr'><strong>hoc</strong></span> <span class='ocrx_word' id='word_1_61' title='bbox 3334 1992 3451 2059; x_wconf 91' lang='lat' dir='ltr'><strong>per</strong></span> <span class='ocrx_word' id='word_1_62' title='bbox 3519 1992 3917 2057; x_wconf 88' lang='lat' dir='ltr'><strong>consequens</strong></span> <span class='ocrx_word' id='word_1_63' title='bbox 3983 1972 4178 2036; x_wconf 89' lang='lat' dir='ltr'><strong>saluti</strong></span> <span class='ocrx_word' id='word_1_64' title='bbox 4246 1973 4504 2059; x_wconf 90' lang='lat' dir='ltr'><strong>proprie</strong></span> <span class='ocrx_word' id='word_1_65' title='bbox 4568 1973 4892 2039; x_wconf 89' lang='lat' dir='ltr'><strong>efficacius</strong></span> 
     </span>
     <span class='ocr_line' id='line_1_9' title="bbox 1257 2078 4891 2167; baseline 0.001 -22"><span class='ocrx_word' id='word_1_66' title='bbox 1257 2081 1613 2163; x_wconf 89' lang='lat' dir='ltr'><strong>consulere,</strong></span> <span class='ocrx_word' id='word_1_67' title='bbox 1662 2079 1846 2144; x_wconf 81' lang='lat' dir='ltr'><strong>iuxta</strong></span> <span class='ocrx_word' id='word_1_68' title='bbox 1892 2085 2074 2143; x_wconf 90' lang='lat' dir='ltr'><strong>tuum</strong></span> <span class='ocrx_word' id='word_1_69' title='bbox 2118 2078 2446 2144; x_wconf 80' lang='lat' dir='ltr'><strong>laudabile</strong></span> <span class='ocrx_word' id='word_1_70' title='bbox 2492 2078 2882 2143; x_wconf 88' lang='lat' dir='ltr'><strong>desiderium</strong></span> <span class='ocrx_word' id='word_1_71' title='bbox 2928 2078 3186 2162; x_wconf 80' lang='lat' dir='ltr'><strong>valeas3</strong></span> <span class='ocrx_word' id='word_1_72' title='bbox 3236 2079 3302 2142; x_wconf 92' lang='lat' dir='ltr'><strong>in</strong></span> <span class='ocrx_word' id='word_1_73' title='bbox 3350 2100 3479 2164; x_wconf 92' lang='lat' dir='ltr'><strong>quo</strong></span> <span class='ocrx_word' id='word_1_74' title='bbox 3542 2085 3723 2144; x_wconf 89' lang='lat' dir='ltr'><strong>tanto</strong></span> <span class='ocrx_word' id='word_1_75' title='bbox 3791 2079 4095 2144; x_wconf 90' lang='lat' dir='ltr'><strong>libentius</strong></span> <span class='ocrx_word' id='word_1_76' title='bbox 4143 2080 4260 2144; x_wconf 89' lang='lat' dir='ltr'><strong>tibi</strong></span> <span class='ocrx_word' id='word_1_77' title='bbox 4322 2080 4548 2145; x_wconf 81' lang='lat' dir='ltr'><strong>adesse</strong></span> <span class='ocrx_word' id='word_1_78' title='bbox 4609 2080 4891 2167; x_wconf 90' lang='lat' dir='ltr'><strong>benigne</strong></span> 
     </span>
     <span class='ocr_line' id='line_1_10' title="bbox 1256 2185 4892 2275; baseline 0 -23"><span class='ocrx_word' id='word_1_79' title='bbox 1256 2187 1576 2270; x_wconf 80' lang='lat' dir='ltr'><strong>volumus,</strong></span> <span class='ocrx_word' id='word_1_80' title='bbox 1626 2194 1867 2273; x_wconf 90' lang='lat' dir='ltr'><strong>quanto</strong></span> <span class='ocrx_word' id='word_1_81' title='bbox 1914 2187 2086 2252; x_wconf 90' lang='lat' dir='ltr'><strong>circa</strong></span> <span class='ocrx_word' id='word_1_82' title='bbox 2132 2186 2197 2251; x_wconf 92' lang='lat' dir='ltr'><strong>id</strong></span> <span class='ocrx_word' id='word_1_83' title='bbox 2244 2186 2478 2272; x_wconf 91' lang='lat' dir='ltr'><strong>dignus</strong></span> <span class='ocrx_word' id='word_1_84' title='bbox 2525 2207 2594 2250; x_wconf 89' lang='lat' dir='ltr'><strong>es</strong></span> <span class='ocrx_word' id='word_1_85' title='bbox 2641 2185 2883 2250; x_wconf 81' lang='lat' dir='ltr'><strong>favoris</strong></span> <span class='ocrx_word' id='word_1_86' title='bbox 2930 2186 3141 2271; x_wconf 87' lang='lat' dir='ltr'><strong>gratia</strong></span> <span class='ocrx_word' id='word_1_87' title='bbox 3174 2186 3499 2272; x_wconf 84' lang='lat' dir='ltr'><strong>plenioris.</strong></span> <span class='ocrx_word' id='word_1_88' title='bbox 3549 2186 3629 2250; x_wconf 89' lang='lat' dir='ltr'><strong>In</strong></span> <span class='ocrx_word' id='word_1_89' title='bbox 3674 2193 3894 2251; x_wconf 90' lang='lat' dir='ltr'><strong>nostra</strong></span> <span class='ocrx_word' id='word_1_90' title='bbox 3934 2208 4089 2250; x_wconf 90' lang='lat' dir='ltr'><strong>sane</strong></span> <span class='ocrx_word' id='word_1_91' title='bbox 4137 2186 4520 2252; x_wconf 89' lang='lat' dir='ltr'><strong>constitutus</strong></span> <span class='ocrx_word' id='word_1_92' title='bbox 4565 2189 4892 2275; x_wconf 87' lang='lat' dir='ltr'><strong>presentia</strong></span> 
     </span>
     <span class='ocr_line' id='line_1_11' title="bbox 1260 2292 4890 2381; baseline 0.001 -24"><span class='ocrx_word' id='word_1_93' title='bbox 1260 2294 1567 2376; x_wconf 88' lang='lat' dir='ltr'><strong>retulisti,</strong></span> <span class='ocrx_word' id='word_1_94' title='bbox 1617 2293 1788 2380; x_wconf 89' lang='lat' dir='ltr'><strong>quod</strong></span> <span class='ocrx_word' id='word_1_95' title='bbox 1833 2301 1904 2358; x_wconf 90' lang='lat' dir='ltr'><strong>tu</strong></span> <span class='ocrx_word' id='word_1_96' title='bbox 1948 2300 2015 2359; x_wconf 93' lang='lat' dir='ltr'><strong>et</strong></span> <span class='ocrx_word' id='word_1_97' title='bbox 2061 2293 2386 2381; x_wconf 89' lang='lat' dir='ltr'><strong>quondam</strong></span> <span class='ocrx_word' id='word_1_98' title='bbox 2431 2293 2817 2376; x_wconf 87' lang='lat' dir='ltr'><strong>Accursius,</strong></span> <span class='ocrx_word' id='word_1_99' title='bbox 2863 2293 3116 2377; x_wconf 85' lang='lat' dir='ltr'><strong>Legum</strong></span> <span class='ocrx_word' id='word_1_100' title='bbox 3163 2292 3405 2376; x_wconf 89' lang='lat' dir='ltr'><strong>doctor,</strong></span> <span class='ocrx_word' id='word_1_101' title='bbox 3453 2299 3640 2379; x_wconf 89' lang='lat' dir='ltr'><strong>pater</strong></span> <span class='ocrx_word' id='word_1_102' title='bbox 3685 2299 3865 2377; x_wconf 89' lang='lat' dir='ltr'><strong>tuus,</strong></span> <span class='ocrx_word' id='word_1_103' title='bbox 3913 2293 4094 2358; x_wconf 88' lang='lat' dir='ltr'><strong>cuius</strong></span> <span class='ocrx_word' id='word_1_104' title='bbox 4140 2294 4328 2358; x_wconf 88' lang='lat' dir='ltr'><strong>heres</strong></span> <span class='ocrx_word' id='word_1_105' title='bbox 4375 2295 4636 2377; x_wconf 78' lang='lat' dir='ltr'><strong>existis,</strong></span> <span class='ocrx_word' id='word_1_106' title='bbox 4686 2296 4890 2361; x_wconf 91' lang='lat' dir='ltr'><strong>scola-</strong></span> 
     </span>
     <span class='ocr_line' id='line_1_12' title="bbox 1256 2400 4889 2487; baseline 0.001 -22"><span class='ocrx_word' id='word_1_107' title='bbox 1256 2402 1502 2467; x_wconf 88' lang='lat' dir='ltr'><strong>laribus</strong></span> <span class='ocrx_word' id='word_1_108' title='bbox 1550 2401 1802 2485; x_wconf 84' lang='lat' dir='ltr'><strong>vestris,</strong></span> <span class='ocrx_word' id='word_1_109' title='bbox 1850 2423 2010 2487; x_wconf 89' lang='lat' dir='ltr'><strong>quos</strong></span> <span class='ocrx_word' id='word_1_110' title='bbox 2057 2400 2383 2466; x_wconf 81' lang='lat' dir='ltr'><strong>auditores</strong></span> <span class='ocrx_word' id='word_1_111' title='bbox 2430 2421 2547 2486; x_wconf 90' lang='lat' dir='ltr'><strong>pro</strong></span> <span class='ocrx_word' id='word_1_112' title='bbox 2594 2407 2884 2487; x_wconf 90' lang='lat' dir='ltr'><strong>tempore</strong></span> <span class='ocrx_word' id='word_1_113' title='bbox 2930 2400 3269 2483; x_wconf 88' lang='lat' dir='ltr'><strong>habuistis,</strong></span> <span class='ocrx_word' id='word_1_114' title='bbox 3317 2400 3606 2464; x_wconf 82' lang='lat' dir='ltr'><strong>diversas</strong></span> <span class='ocrx_word' id='word_1_115' title='bbox 3652 2400 4074 2486; x_wconf 86' lang='lat' dir='ltr'><strong>pecuniarum</strong></span> <span class='ocrx_word' id='word_1_116' title='bbox 4105 2422 4388 2465; x_wconf 89' lang='lat' dir='ltr'><strong>summas</strong></span> <span class='ocrx_word' id='word_1_117' title='bbox 4435 2410 4658 2468; x_wconf 89' lang='lat' dir='ltr'><strong>mutuo</strong></span> <span class='ocrx_word' id='word_1_118' title='bbox 4705 2404 4889 2469; x_wconf 78' lang='lat' dir='ltr'><strong>exhi-</strong></span> 
     </span>
     <span class='ocr_line' id='line_1_13' title="bbox 1255 2506 4889 2597; baseline 0.001 -23"><span class='ocrx_word' id='word_1_119' title='bbox 1255 2509 1480 2574; x_wconf 88' lang='lat' dir='ltr'><strong>bentes</strong></span> <span class='ocrx_word' id='word_1_120' title='bbox 1528 2511 1610 2574; x_wconf 92' lang='lat' dir='ltr'><strong>ab</strong></span> <span class='ocrx_word' id='word_1_121' title='bbox 1658 2509 1834 2595; x_wconf 91' lang='lat' dir='ltr'><strong>ipsis,</strong></span> <span class='ocrx_word' id='word_1_122' title='bbox 1882 2508 2031 2573; x_wconf 89' lang='lat' dir='ltr'><strong>talis</strong></span> <span class='ocrx_word' id='word_1_123' title='bbox 2063 2514 2339 2595; x_wconf 84' lang='lat' dir='ltr'><strong>pretexu</strong></span> <span class='ocrx_word' id='word_1_124' title='bbox 2377 2507 2603 2590; x_wconf 88' lang='lat' dir='ltr'><strong>mutui,</strong></span> <span class='ocrx_word' id='word_1_125' title='bbox 2636 2506 2849 2571; x_wconf 87' lang='lat' dir='ltr'><strong>fuistis</strong></span> <span class='ocrx_word' id='word_1_126' title='bbox 2897 2508 3174 2571; x_wconf 85' lang='lat' dir='ltr'><strong>assecuti</strong></span> <span class='ocrx_word' id='word_1_127' title='bbox 3218 2508 3498 2592; x_wconf 90' lang='lat' dir='ltr'><strong>majores</strong></span> <span class='ocrx_word' id='word_1_128' title='bbox 3545 2508 3848 2572; x_wconf 87' lang='lat' dir='ltr'><strong>collectas</strong></span> <span class='ocrx_word' id='word_1_129' title='bbox 3896 2508 4094 2572; x_wconf 88' lang='lat' dir='ltr'><strong>etiam</strong></span> <span class='ocrx_word' id='word_1_130' title='bbox 4132 2529 4172 2572; x_wconf 91' lang='lat' dir='ltr'><strong>a</strong></span> <span class='ocrx_word' id='word_1_131' title='bbox 4204 2509 4530 2574; x_wconf 88' lang='lat' dir='ltr'><strong>nonnullis</strong></span> <span class='ocrx_word' id='word_1_132' title='bbox 4562 2531 4646 2575; x_wconf 83' lang='lat' dir='ltr'><strong>ex</strong></span> <span class='ocrx_word' id='word_1_133' title='bbox 4677 2518 4889 2597; x_wconf 85' lang='lat' dir='ltr'><strong>pact0,</strong></span> 
     </span>
     <span class='ocr_line' id='line_1_14' title="bbox 1260 2614 4892 2703; baseline 0.001 -22"><span class='ocrx_word' id='word_1_134' title='bbox 1260 2638 1454 2703; x_wconf 85' lang='lat' dir='ltr'><strong>quam</strong></span> <span class='ocrx_word' id='word_1_135' title='bbox 1500 2617 1664 2681; x_wconf 86' lang='lat' dir='ltr'><strong>alias</strong></span> <span class='ocrx_word' id='word_1_136' title='bbox 1710 2616 1794 2680; x_wconf 92' lang='lat' dir='ltr'><strong>ab</strong></span> <span class='ocrx_word' id='word_1_137' title='bbox 1841 2615 2085 2681; x_wconf 90' lang='lat' dir='ltr'><strong>eisdem</strong></span> <span class='ocrx_word' id='word_1_138' title='bbox 2131 2615 2459 2680; x_wconf 82' lang='lat' dir='ltr'><strong>consecuti</strong></span> <span class='ocrx_word' id='word_1_139' title='bbox 2504 2615 2859 2680; x_wconf 87' lang='lat' dir='ltr'><strong>scolaribus</strong></span> <span class='ocrx_word' id='word_1_140' title='bbox 2908 2614 3210 2699; x_wconf 81' lang='lat' dir='ltr'><strong>fuissetis,</strong></span> <span class='ocrx_word' id='word_1_141' title='bbox 3244 2636 3404 2700; x_wconf 88' lang='lat' dir='ltr'><strong>quas</strong></span> <span class='ocrx_word' id='word_1_142' title='bbox 3437 2614 3741 2679; x_wconf 88' lang='lat' dir='ltr'><strong>collectas</strong></span> <span class='ocrx_word' id='word_1_143' title='bbox 3774 2616 4073 2699; x_wconf 86' lang='lat' dir='ltr'><strong>majores,</strong></span> <span class='ocrx_word' id='word_1_144' title='bbox 4106 2616 4304 2680; x_wconf 89' lang='lat' dir='ltr'><strong>etiam</strong></span> <span class='ocrx_word' id='word_1_145' title='bbox 4335 2638 4480 2681; x_wconf 89' lang='lat' dir='ltr'><strong>cum</strong></span> <span class='ocrx_word' id='word_1_146' title='bbox 4526 2617 4649 2682; x_wconf 90' lang='lat' dir='ltr'><strong>hoc</strong></span> <span class='ocrx_word' id='word_1_147' title='bbox 4694 2619 4892 2684; x_wconf 89' lang='lat' dir='ltr'><strong>fiebat</strong></span> 
     </span>
     <span class='ocr_line' id='line_1_15' title="bbox 1254 2721 4892 2811; baseline 0.001 -23"><span class='ocrx_word' id='word_1_148' title='bbox 1254 2731 1570 2806; x_wconf 90' lang='lat' dir='ltr'><strong>mutuum,</strong></span> <span class='ocrx_word' id='word_1_149' title='bbox 1615 2724 1769 2789; x_wconf 92' lang='lat' dir='ltr'><strong>licet</strong></span> <span class='ocrx_word' id='word_1_150' title='bbox 1813 2722 1994 2787; x_wconf 92' lang='lat' dir='ltr'><strong>nulla</strong></span> <span class='ocrx_word' id='word_1_151' title='bbox 2040 2743 2235 2809; x_wconf 89' lang='lat' dir='ltr'><strong>super</strong></span> <span class='ocrx_word' id='word_1_152' title='bbox 2279 2722 2400 2787; x_wconf 92' lang='lat' dir='ltr'><strong>hoc</strong></span> <span class='ocrx_word' id='word_1_153' title='bbox 2448 2722 2867 2786; x_wconf 81' lang='lat' dir='ltr'><strong>interveniret</strong></span> <span class='ocrx_word' id='word_1_154' title='bbox 2914 2723 3148 2809; x_wconf 89' lang='lat' dir='ltr'><strong>pacti0,</strong></span> <span class='ocrx_word' id='word_1_155' title='bbox 3196 2721 3502 2808; x_wconf 88' lang='lat' dir='ltr'><strong>consequi</strong></span> <span class='ocrx_word' id='word_1_156' title='bbox 3549 2722 3930 2808; x_wconf 86' lang='lat' dir='ltr'><strong>sperabatis.</strong></span> <span class='ocrx_word' id='word_1_157' title='bbox 3981 2723 4191 2809; x_wconf 82' lang='lat' dir='ltr'><strong>Super</strong></span> <span class='ocrx_word' id='word_1_158' title='bbox 4237 2745 4385 2810; x_wconf 91' lang='lat' dir='ltr'><strong>quo,</strong></span> <span class='ocrx_word' id='word_1_159' title='bbox 4435 2745 4512 2789; x_wconf 89' lang='lat' dir='ltr'><strong>ac</strong></span> <span class='ocrx_word' id='word_1_160' title='bbox 4572 2746 4767 2811; x_wconf 87' lang='lat' dir='ltr'><strong>super</strong></span> <span class='ocrx_word' id='word_1_161' title='bbox 4814 2748 4892 2792; x_wconf 91' lang='lat' dir='ltr'><strong>eo</strong></span> 
     </span>
     <span class='ocr_line' id='line_1_16' title="bbox 1254 2828 4892 2917; baseline 0 -21"><span class='ocrx_word' id='word_1_162' title='bbox 1254 2837 1581 2917; x_wconf 86' lang='lat' dir='ltr'><strong>preterea,</strong></span> <span class='ocrx_word' id='word_1_163' title='bbox 1628 2830 1781 2917; x_wconf 92' lang='lat' dir='ltr'><strong>quia</strong></span> <span class='ocrx_word' id='word_1_164' title='bbox 1825 2837 1931 2913; x_wconf 89' lang='lat' dir='ltr'><strong>tu,</strong></span> <span class='ocrx_word' id='word_1_165' title='bbox 1980 2851 2056 2895; x_wconf 90' lang='lat' dir='ltr'><strong>ac</strong></span> <span class='ocrx_word' id='word_1_166' title='bbox 2103 2830 2274 2894; x_wconf 91' lang='lat' dir='ltr'><strong>idem</strong></span> <span class='ocrx_word' id='word_1_167' title='bbox 2318 2835 2505 2915; x_wconf 87' lang='lat' dir='ltr'><strong>pater</strong></span> <span class='ocrx_word' id='word_1_168' title='bbox 2550 2851 2667 2915; x_wconf 91' lang='lat' dir='ltr'><strong>pro</strong></span> <span class='ocrx_word' id='word_1_169' title='bbox 2714 2828 3305 2893; x_wconf 82' lang='lat' dir='ltr'><strong>examinationibus</strong></span> <span class='ocrx_word' id='word_1_170' title='bbox 3366 2828 3712 2893; x_wconf 89' lang='lat' dir='ltr'><strong>scolarium</strong></span> <span class='ocrx_word' id='word_1_171' title='bbox 3758 2829 3870 2915; x_wconf 92' lang='lat' dir='ltr'><strong>qui</strong></span> <span class='ocrx_word' id='word_1_172' title='bbox 3913 2829 4288 2894; x_wconf 88' lang='lat' dir='ltr'><strong>licentiandi</strong></span> <span class='ocrx_word' id='word_1_173' title='bbox 4342 2838 4528 2895; x_wconf 85' lang='lat' dir='ltr'><strong>erant</strong></span> <span class='ocrx_word' id='word_1_174' title='bbox 4575 2831 4639 2895; x_wconf 92' lang='lat' dir='ltr'><strong>in</strong></span> <span class='ocrx_word' id='word_1_175' title='bbox 4689 2831 4892 2897; x_wconf 91' lang='lat' dir='ltr'><strong>facul-</strong></span> 
     </span>
     <span class='ocr_line' id='line_1_17' title="bbox 1250 2935 4888 3024; baseline 0 -21"><span class='ocrx_word' id='word_1_176' title='bbox 1250 2945 1384 3003; x_wconf 83' lang='lat' dir='ltr'><strong>tate</strong></span> <span class='ocrx_word' id='word_1_177' title='bbox 1429 2937 1651 3024; x_wconf 88' lang='lat' dir='ltr'><strong>legali,</strong></span> <span class='ocrx_word' id='word_1_178' title='bbox 1699 2936 2085 3024; x_wconf 91' lang='lat' dir='ltr'><strong>quandoque</strong></span> <span class='ocrx_word' id='word_1_179' title='bbox 2132 2957 2403 3001; x_wconf 89' lang='lat' dir='ltr'><strong>munera</strong></span> <span class='ocrx_word' id='word_1_180' title='bbox 2448 2936 2816 3023; x_wconf 81' lang='lat' dir='ltr'><strong>recepistis3</strong></span> <span class='ocrx_word' id='word_1_181' title='bbox 2867 2935 2985 3000; x_wconf 89' lang='lat' dir='ltr'><strong>tibi</strong></span> <span class='ocrx_word' id='word_1_182' title='bbox 3034 2935 3116 3001; x_wconf 93' lang='lat' dir='ltr'><strong>ob</strong></span> <span class='ocrx_word' id='word_1_183' title='bbox 3166 2936 3289 3000; x_wconf 91' lang='lat' dir='ltr'><strong>ista</strong></span> <span class='ocrx_word' id='word_1_184' title='bbox 3336 2936 3798 3001; x_wconf 88' lang='lat' dir='ltr'><strong>conscientiam</strong></span> <span class='ocrx_word' id='word_1_185' title='bbox 3843 2936 4148 3020; x_wconf 89' lang='lat' dir='ltr'><strong>habenti,</strong></span> <span class='ocrx_word' id='word_1_186' title='bbox 4197 2946 4268 3001; x_wconf 89' lang='lat' dir='ltr'><strong>ut</strong></span> <span class='ocrx_word' id='word_1_187' title='bbox 4315 2939 4586 3021; x_wconf 89' lang='lat' dir='ltr'><strong>asseris,</strong></span> <span class='ocrx_word' id='word_1_188' title='bbox 4649 2960 4888 3004; x_wconf 89' lang='lat' dir='ltr'><strong>remor-</strong></span> 
     </span>
     <span class='ocr_line' id='line_1_18' title="bbox 1253 3042 4889 3133; baseline 0.001 -24"><span class='ocrx_word' id='word_1_189' title='bbox 1253 3044 1534 3127; x_wconf 82' lang='lat' dir='ltr'><strong>dentem,</strong></span> <span class='ocrx_word' id='word_1_190' title='bbox 1584 3065 1832 3109; x_wconf 90' lang='lat' dir='ltr'><strong>necnon</strong></span> <span class='ocrx_word' id='word_1_191' title='bbox 1880 3051 1944 3108; x_wconf 88' lang='lat' dir='ltr'><strong>et</strong></span> <span class='ocrx_word' id='word_1_192' title='bbox 1988 3043 2183 3108; x_wconf 90' lang='lat' dir='ltr'><strong>saluti</strong></span> <span class='ocrx_word' id='word_1_193' title='bbox 2229 3043 2442 3107; x_wconf 91' lang='lat' dir='ltr'><strong>anime</strong></span> <span class='ocrx_word' id='word_1_194' title='bbox 2488 3043 2691 3129; x_wconf 88' lang='lat' dir='ltr'><strong>patris</strong></span> <span class='ocrx_word' id='word_1_195' title='bbox 2736 3042 3009 3129; x_wconf 84' lang='lat' dir='ltr'><strong>predicti</strong></span> <span class='ocrx_word' id='word_1_196' title='bbox 3042 3043 3398 3129; x_wconf 86' lang='lat' dir='ltr'><strong>apostolica</strong></span> <span class='ocrx_word' id='word_1_197' title='bbox 3429 3043 3761 3107; x_wconf 83' lang='lat' dir='ltr'><strong>subveniri</strong></span> <span class='ocrx_word' id='word_1_198' title='bbox 3804 3043 4211 3129; x_wconf 81' lang='lat' dir='ltr'><strong>providentia</strong></span> <span class='ocrx_word' id='word_1_199' title='bbox 4244 3045 4620 3132; x_wconf 85' lang='lat' dir='ltr'><strong>suppliciter</strong></span> <span class='ocrx_word' id='word_1_200' title='bbox 4669 3054 4889 3133; x_wconf 86' lang='lat' dir='ltr'><strong>postu·</strong></span> 
     </span>
     <span class='ocr_line' id='line_1_19' title="bbox 1255 3149 4891 3238; baseline 0.001 -23"><span class='ocrx_word' id='word_1_201' title='bbox 1255 3152 1427 3217; x_wconf 88' lang='lat' dir='ltr'><strong>lasti.</strong></span> <span class='ocrx_word' id='word_1_202' title='bbox 1475 3151 1633 3216; x_wconf 84' lang='lat' dir='ltr'><strong>Tuis</strong></span> <span class='ocrx_word' id='word_1_203' title='bbox 1678 3151 1878 3238; x_wconf 88' lang='lat' dir='ltr'><strong>igitur</strong></span> <span class='ocrx_word' id='word_1_204' title='bbox 1923 3151 2222 3237; x_wconf 89' lang='lat' dir='ltr'><strong>precibus</strong></span> <span class='ocrx_word' id='word_1_205' title='bbox 2267 3149 2715 3215; x_wconf 86' lang='lat' dir='ltr'><strong>favorabiliter</strong></span> <span class='ocrx_word' id='word_1_206' title='bbox 2759 3156 3139 3233; x_wconf 89' lang='lat' dir='ltr'><strong>annuentes,</strong></span> <span class='ocrx_word' id='word_1_207' title='bbox 3183 3151 3579 3237; x_wconf 89' lang='lat' dir='ltr'><strong>presentium</strong></span> <span class='ocrx_word' id='word_1_208' title='bbox 3625 3150 3742 3214; x_wconf 89' lang='lat' dir='ltr'><strong>tibi</strong></span> <span class='ocrx_word' id='word_1_209' title='bbox 3790 3150 4173 3216; x_wconf 88' lang='lat' dir='ltr'><strong>auctoritate</strong></span> <span class='ocrx_word' id='word_1_210' title='bbox 4220 3152 4648 3235; x_wconf 89' lang='lat' dir='ltr'><strong>concedimus,</strong></span> <span class='ocrx_word' id='word_1_211' title='bbox 4698 3161 4769 3218; x_wconf 86' lang='lat' dir='ltr'><strong>ut</strong></span> <span class='ocrx_word' id='word_1_212' title='bbox 4811 3175 4891 3218; x_wconf 88' lang='lat' dir='ltr'><strong>ea</strong></span> 
     </span>
     <span class='ocr_line' id='line_1_20' title="bbox 1255 3257 4886 3345; baseline 0 -21"><span class='ocrx_word' id='word_1_213' title='bbox 1255 3281 1379 3345; x_wconf 92' lang='lat' dir='ltr'><strong>que</strong></span> <span class='ocrx_word' id='word_1_214' title='bbox 1425 3281 1541 3345; x_wconf 90' lang='lat' dir='ltr'><strong>per</strong></span> <span class='ocrx_word' id='word_1_215' title='bbox 1585 3265 1651 3323; x_wconf 90' lang='lat' dir='ltr'><strong>te</strong></span> <span class='ocrx_word' id='word_1_216' title='bbox 1711 3258 1817 3323; x_wconf 81' lang='lat' dir='ltr'><strong>vel</strong></span> <span class='ocrx_word' id='word_1_217' title='bbox 1879 3258 2091 3345; x_wconf 90' lang='lat' dir='ltr'><strong>ipsum</strong></span> <span class='ocrx_word' id='word_1_218' title='bbox 2144 3264 2398 3344; x_wconf 87' lang='lat' dir='ltr'><strong>patrem</strong></span> <span class='ocrx_word' id='word_1_219' title='bbox 2445 3277 2485 3320; x_wconf 89' lang='lat' dir='ltr'><strong>a</strong></span> <span class='ocrx_word' id='word_1_220' title='bbox 2530 3257 2886 3321; x_wconf 87' lang='lat' dir='ltr'><strong>scolaribus</strong></span> <span class='ocrx_word' id='word_1_221' title='bbox 2934 3257 3096 3340; x_wconf 91' lang='lat' dir='ltr'><strong>illis,</strong></span> <span class='ocrx_word' id='word_1_222' title='bbox 3163 3258 3273 3343; x_wconf 92' lang='lat' dir='ltr'><strong>qui</strong></span> <span class='ocrx_word' id='word_1_223' title='bbox 3319 3257 3534 3322; x_wconf 89' lang='lat' dir='ltr'><strong>clerici</strong></span> <span class='ocrx_word' id='word_1_224' title='bbox 3603 3257 3970 3322; x_wconf 79' lang='lat' dir='ltr'><strong>existebant</strong></span> <span class='ocrx_word' id='word_1_225' title='bbox 4040 3258 4119 3322; x_wconf 91' lang='lat' dir='ltr'><strong>de</strong></span> <span class='ocrx_word' id='word_1_226' title='bbox 4189 3259 4373 3324; x_wconf 92' lang='lat' dir='ltr'><strong>bonis</strong></span> <span class='ocrx_word' id='word_1_227' title='bbox 4436 3261 4886 3326; x_wconf 88' lang='lat' dir='ltr'><strong>ecclesiasticis</strong></span> 
     </span>
     <span class='ocr_line' id='line_1_21' title="bbox 1252 3364 4885 3454; baseline 0 -23"><span class='ocrx_word' id='word_1_228' title='bbox 1252 3366 1558 3454; x_wconf 88' lang='lat' dir='ltr'><strong>predictis</strong></span> <span class='ocrx_word' id='word_1_229' title='bbox 1606 3365 1812 3431; x_wconf 88' lang='lat' dir='ltr'><strong>modis</strong></span> <span class='ocrx_word' id='word_1_230' title='bbox 1874 3367 2139 3431; x_wconf 87' lang='lat' dir='ltr'><strong>obtenta</strong></span> <span class='ocrx_word' id='word_1_231' title='bbox 2198 3364 2397 3429; x_wconf 90' lang='lat' dir='ltr'><strong>fuisse</strong></span> <span class='ocrx_word' id='word_1_232' title='bbox 2464 3372 2837 3444; x_wconf 88' lang='lat' dir='ltr'><strong>noscuntur,</strong></span> <span class='ocrx_word' id='word_1_233' title='bbox 2885 3365 3162 3429; x_wconf 90' lang='lat' dir='ltr'><strong>retinere</strong></span> <span class='ocrx_word' id='word_1_234' title='bbox 3218 3365 3420 3429; x_wconf 90' lang='lat' dir='ltr'><strong>libere</strong></span> <span class='ocrx_word' id='word_1_235' title='bbox 3469 3365 3726 3449; x_wconf 85' lang='lat' dir='ltr'><strong>valeas,</strong></span> <span class='ocrx_word' id='word_1_236' title='bbox 3791 3386 3910 3430; x_wconf 91' lang='lat' dir='ltr'><strong>nec</strong></span> <span class='ocrx_word' id='word_1_237' title='bbox 3955 3365 4038 3429; x_wconf 90' lang='lat' dir='ltr'><strong>ad</strong></span> <span class='ocrx_word' id='word_1_238' title='bbox 4099 3366 4358 3431; x_wconf 91' lang='lat' dir='ltr'><strong>illorum</strong></span> <span class='ocrx_word' id='word_1_239' title='bbox 4417 3368 4885 3432; x_wconf 87' lang='lat' dir='ltr'><strong>restitutionem</strong></span> 
     </span>
     <span class='ocr_line' id='line_1_22' title="bbox 1253 3471 4886 3560; baseline 0 -23"><span class='ocrx_word' id='word_1_240' title='bbox 1253 3495 1448 3560; x_wconf 89' lang='lat' dir='ltr'><strong>quam</strong></span> <span class='ocrx_word' id='word_1_241' title='bbox 1493 3473 1573 3538; x_wconf 92' lang='lat' dir='ltr'><strong>de</strong></span> <span class='ocrx_word' id='word_1_242' title='bbox 1618 3472 1975 3559; x_wconf 87' lang='lat' dir='ltr'><strong>apostolica</strong></span> <span class='ocrx_word' id='word_1_243' title='bbox 2019 3479 2360 3559; x_wconf 89' lang='lat' dir='ltr'><strong>potestate,</strong></span> <span class='ocrx_word' id='word_1_244' title='bbox 2409 3493 2538 3558; x_wconf 91' lang='lat' dir='ltr'><strong>qua</strong></span> <span class='ocrx_word' id='word_1_245' title='bbox 2585 3472 2739 3558; x_wconf 89' lang='lat' dir='ltr'><strong>ipsis</strong></span> <span class='ocrx_word' id='word_1_246' title='bbox 2786 3493 3124 3559; x_wconf 85' lang='lat' dir='ltr'><strong>prosumus</strong></span> <span class='ocrx_word' id='word_1_247' title='bbox 3171 3471 3441 3554; x_wconf 87' lang='lat' dir='ltr'><strong>clericis,</strong></span> <span class='ocrx_word' id='word_1_248' title='bbox 3486 3472 3774 3536; x_wconf 87' lang='lat' dir='ltr'><strong>totaliter</strong></span> <span class='ocrx_word' id='word_1_249' title='bbox 3819 3472 3940 3536; x_wconf 86' lang='lat' dir='ltr'><strong>tibi</strong></span> <span class='ocrx_word' id='word_1_250' title='bbox 3984 3473 4388 3556; x_wconf 88' lang='lat' dir='ltr'><strong>remittimus,</strong></span> <span class='ocrx_word' id='word_1_251' title='bbox 4440 3475 4721 3539; x_wconf 89' lang='lat' dir='ltr'><strong>tenearis</strong></span> <span class='ocrx_word' id='word_1_252' title='bbox 4768 3475 4886 3539; x_wconf 90' lang='lat' dir='ltr'><strong>ali·</strong></span> 
     </span>
     <span class='ocr_line' id='line_1_23' title="bbox 1251 3578 4884 3668; baseline 0 -22"><span class='ocrx_word' id='word_1_253' title='bbox 1251 3588 1571 3668; x_wconf 86' lang='lat' dir='ltr'><strong>quatenus</strong></span> <span class='ocrx_word' id='word_1_254' title='bbox 1617 3580 2002 3662; x_wconf 85' lang='lat' dir='ltr'><strong>faciendam,</strong></span> <span class='ocrx_word' id='word_1_255' title='bbox 2050 3579 2142 3644; x_wconf 89' lang='lat' dir='ltr'><strong>ita</strong></span> <span class='ocrx_word' id='word_1_256' title='bbox 2186 3586 2407 3643; x_wconf 86' lang='lat' dir='ltr'><strong>tamen</strong></span> <span class='ocrx_word' id='word_1_257' title='bbox 2455 3579 2627 3666; x_wconf 92' lang='lat' dir='ltr'><strong>quod</strong></span> <span class='ocrx_word' id='word_1_258' title='bbox 2673 3600 2713 3643; x_wconf 93' lang='lat' dir='ltr'><strong>a</strong></span> <span class='ocrx_word' id='word_1_259' title='bbox 2759 3578 3115 3644; x_wconf 89' lang='lat' dir='ltr'><strong>scolaribus</strong></span> <span class='ocrx_word' id='word_1_260' title='bbox 3162 3579 3345 3643; x_wconf 88' lang='lat' dir='ltr'><strong>laicis</strong></span> <span class='ocrx_word' id='word_1_261' title='bbox 3385 3601 3502 3665; x_wconf 90' lang='lat' dir='ltr'><strong>per</strong></span> <span class='ocrx_word' id='word_1_262' title='bbox 3547 3585 3610 3643; x_wconf 90' lang='lat' dir='ltr'><strong>te</strong></span> <span class='ocrx_word' id='word_1_263' title='bbox 3656 3578 3762 3643; x_wconf 85' lang='lat' dir='ltr'><strong>vel</strong></span> <span class='ocrx_word' id='word_1_264' title='bbox 3810 3579 4050 3644; x_wconf 87' lang='lat' dir='ltr'><strong>dictum</strong></span> <span class='ocrx_word' id='word_1_265' title='bbox 4098 3587 4370 3667; x_wconf 88' lang='lat' dir='ltr'><strong>patrem,</strong></span> <span class='ocrx_word' id='word_1_266' title='bbox 4419 3580 4574 3645; x_wconf 92' lang='lat' dir='ltr'><strong>dum</strong></span> <span class='ocrx_word' id='word_1_267' title='bbox 4619 3581 4884 3664; x_wconf 78' lang='lat' dir='ltr'><strong>viveret,</strong></span> 
     </span>
     <span class='ocr_line' id='line_1_24' title="bbox 1250 3685 4883 3775; baseline -0 -22"><span class='ocrx_word' id='word_1_268' title='bbox 1250 3688 1470 3753; x_wconf 85' lang='lat' dir='ltr'><strong>taliter</strong></span> <span class='ocrx_word' id='word_1_269' title='bbox 1522 3686 1749 3752; x_wconf 86' lang='lat' dir='ltr'><strong>habita</strong></span> <span class='ocrx_word' id='word_1_270' title='bbox 1810 3693 1875 3751; x_wconf 87' lang='lat' dir='ltr'><strong>et</strong></span> <span class='ocrx_word' id='word_1_271' title='bbox 1919 3692 2264 3773; x_wconf 87' lang='lat' dir='ltr'><strong>percepta,</strong></span> <span class='ocrx_word' id='word_1_272' title='bbox 2313 3686 2369 3749; x_wconf 90' lang='lat' dir='ltr'><strong>si</strong></span> <span class='ocrx_word' id='word_1_273' title='bbox 2412 3686 2713 3751; x_wconf 81' lang='lat' dir='ltr'><strong>videlicet</strong></span> <span class='ocrx_word' id='word_1_274' title='bbox 2769 3685 2965 3750; x_wconf 90' lang='lat' dir='ltr'><strong>iidem</strong></span> <span class='ocrx_word' id='word_1_275' title='bbox 3023 3686 3174 3750; x_wconf 89' lang='lat' dir='ltr'><strong>sciri</strong></span> <span class='ocrx_word' id='word_1_276' title='bbox 3236 3693 3349 3750; x_wconf 88' lang='lat' dir='ltr'><strong>aut</strong></span> <span class='ocrx_word' id='word_1_277' title='bbox 3396 3686 3674 3750; x_wconf 85' lang='lat' dir='ltr'><strong>inveniri</strong></span> <span class='ocrx_word' id='word_1_278' title='bbox 3735 3693 4071 3772; x_wconf 90' lang='lat' dir='ltr'><strong>poterunt,</strong></span> <span class='ocrx_word' id='word_1_279' title='bbox 4143 3688 4481 3752; x_wconf 88' lang='lat' dir='ltr'><strong>restituere</strong></span> <span class='ocrx_word' id='word_1_280' title='bbox 4543 3709 4883 3775; x_wconf 83' lang='lat' dir='ltr'><strong>procures3</strong></span> 
     </span>
     <span class='ocr_line' id='line_1_25' title="bbox 1250 3792 4884 3882; baseline -0 -23"><span class='ocrx_word' id='word_1_281' title='bbox 1250 3794 1538 3882; x_wconf 91' lang='lat' dir='ltr'><strong>alioquin</strong></span> <span class='ocrx_word' id='word_1_282' title='bbox 1585 3793 1699 3858; x_wconf 90' lang='lat' dir='ltr'><strong>illa</strong></span> <span class='ocrx_word' id='word_1_283' title='bbox 1745 3793 1811 3857; x_wconf 91' lang='lat' dir='ltr'><strong>in</strong></span> <span class='ocrx_word' id='word_1_284' title='bbox 1856 3793 1997 3879; x_wconf 89' lang='lat' dir='ltr'><strong>pios</strong></span> <span class='ocrx_word' id='word_1_285' title='bbox 2044 3814 2198 3857; x_wconf 88' lang='lat' dir='ltr'><strong>usus</strong></span> <span class='ocrx_word' id='word_1_286' title='bbox 2246 3792 2429 3876; x_wconf 91' lang='lat' dir='ltr'><strong>alios,</strong></span> <span class='ocrx_word' id='word_1_287' title='bbox 2473 3794 2666 3876; x_wconf 80' lang='lat' dir='ltr'><strong>juxta</strong></span> <span class='ocrx_word' id='word_1_288' title='bbox 2707 3793 3149 3857; x_wconf 88' lang='lat' dir='ltr'><strong>confessorum</strong></span> <span class='ocrx_word' id='word_1_289' title='bbox 3180 3799 3438 3857; x_wconf 89' lang='lat' dir='ltr'><strong>tuorum</strong></span> <span class='ocrx_word' id='word_1_290' title='bbox 3469 3792 3805 3858; x_wconf 90' lang='lat' dir='ltr'><strong>consilium</strong></span> <span class='ocrx_word' id='word_1_291' title='bbox 3837 3799 3901 3856; x_wconf 92' lang='lat' dir='ltr'><strong>et</strong></span> <span class='ocrx_word' id='word_1_292' title='bbox 3933 3815 4046 3857; x_wconf 91' lang='lat' dir='ltr'><strong>sue</strong></span> <span class='ocrx_word' id='word_1_293' title='bbox 4080 3793 4514 3880; x_wconf 87' lang='lat' dir='ltr'><strong>dispositionis</strong></span> <span class='ocrx_word' id='word_1_294' title='bbox 4547 3794 4884 3858; x_wconf 87' lang='lat' dir='ltr'><strong>arbitrium</strong></span> 
     </span>
     <span class='ocr_line' id='line_1_26' title="bbox 1249 3900 4886 3987; baseline -0.001 -19"><span class='ocrx_word' id='word_1_295' title='bbox 1249 3909 1611 3968; x_wconf 77' lang='lat' dir='ltr'><strong>convertas.</strong></span> <span class='ocrx_word' id='word_1_296' title='bbox 1658 3901 1842 3966; x_wconf 88' lang='lat' dir='ltr'><strong>Nulli</strong></span> <span class='ocrx_word' id='word_1_297' title='bbox 1888 3922 2044 3987; x_wconf 87' lang='lat' dir='ltr'><strong>ergo</strong></span> <span class='ocrx_word' id='word_1_298' title='bbox 2092 3901 2355 3966; x_wconf 90' lang='lat' dir='ltr'><strong>omnino</strong></span> <span class='ocrx_word' id='word_1_299' title='bbox 2402 3900 2735 3965; x_wconf 89' lang='lat' dir='ltr'><strong>hominum</strong></span> <span class='ocrx_word' id='word_1_300' title='bbox 2781 3900 2974 3965; x_wconf 87' lang='lat' dir='ltr'><strong>liceat</strong></span> <span class='ocrx_word' id='word_1_301' title='bbox 3020 3901 3191 3965; x_wconf 86' lang='lat' dir='ltr'><strong>hanc</strong></span> <span class='ocrx_word' id='word_1_302' title='bbox 3258 3900 3568 3987; x_wconf 85' lang='lat' dir='ltr'><strong>paginam</strong></span> <span class='ocrx_word' id='word_1_303' title='bbox 3637 3907 3855 3966; x_wconf 87' lang='lat' dir='ltr'><strong>nostre</strong></span> <span class='ocrx_word' id='word_1_304' title='bbox 3903 3901 4332 3966; x_wconf 88' lang='lat' dir='ltr'><strong>concessionis</strong></span> <span class='ocrx_word' id='word_1_305' title='bbox 4379 3909 4445 3966; x_wconf 90' lang='lat' dir='ltr'><strong>et</strong></span> <span class='ocrx_word' id='word_1_306' title='bbox 4491 3901 4886 3967; x_wconf 89' lang='lat' dir='ltr'><strong>remissionis</strong></span> 
     </span>
     <span class='ocr_line' id='line_1_27' title="bbox 1252 4007 4883 4096; baseline -0 -22"><span class='ocrx_word' id='word_1_307' title='bbox 1252 4010 1637 4096; x_wconf 85' lang='lat' dir='ltr'><strong>infringere,</strong></span> <span class='ocrx_word' id='word_1_308' title='bbox 1686 4008 1792 4073; x_wconf 81' lang='lat' dir='ltr'><strong>vel</strong></span> <span class='ocrx_word' id='word_1_309' title='bbox 1838 4008 1900 4073; x_wconf 94' lang='lat' dir='ltr'><strong>ei</strong></span> <span class='ocrx_word' id='word_1_310' title='bbox 1944 4029 2109 4073; x_wconf 88' lang='lat' dir='ltr'><strong>ausu</strong></span> <span class='ocrx_word' id='word_1_311' title='bbox 2155 4007 2499 4072; x_wconf 88' lang='lat' dir='ltr'><strong>temerario</strong></span> <span class='ocrx_word' id='word_1_312' title='bbox 2546 4008 2901 4090; x_wconf 83' lang='lat' dir='ltr'><strong>contraire3</strong></span> <span class='ocrx_word' id='word_1_313' title='bbox 2949 4007 3005 4072; x_wconf 89' lang='lat' dir='ltr'><strong>si</strong></span> <span class='ocrx_word' id='word_1_314' title='bbox 3052 4008 3195 4093; x_wconf 88' lang='lat' dir='ltr'><strong>quis</strong></span> <span class='ocrx_word' id='word_1_315' title='bbox 3241 4014 3460 4072; x_wconf 85' lang='lat' dir='ltr'><strong>autem</strong></span> <span class='ocrx_word' id='word_1_316' title='bbox 3503 4009 3625 4073; x_wconf 91' lang='lat' dir='ltr'><strong>hoc</strong></span> <span class='ocrx_word' id='word_1_317' title='bbox 3672 4014 3993 4073; x_wconf 88' lang='lat' dir='ltr'><strong>attentare</strong></span> <span class='ocrx_word' id='word_1_318' title='bbox 4041 4009 4539 4095; x_wconf 88' lang='lat' dir='ltr'><strong>presumpserit,</strong></span> <span class='ocrx_word' id='word_1_319' title='bbox 4588 4009 4883 4096; x_wconf 91' lang='lat' dir='ltr'><strong>indigna-</strong></span> 
     </span>
     <span class='ocr_line' id='line_1_28' title="bbox 1254 4114 4887 4202; baseline -0 -20"><span class='ocrx_word' id='word_1_320' title='bbox 1254 4117 1497 4183; x_wconf 90' lang='lat' dir='ltr'><strong>tionem</strong></span> <span class='ocrx_word' id='word_1_321' title='bbox 1544 4116 2001 4202; x_wconf 88' lang='lat' dir='ltr'><strong>omnipotentis</strong></span> <span class='ocrx_word' id='word_1_322' title='bbox 2044 4114 2173 4179; x_wconf 91' lang='lat' dir='ltr'><strong>Dei</strong></span> <span class='ocrx_word' id='word_1_323' title='bbox 2217 4122 2283 4179; x_wconf 91' lang='lat' dir='ltr'><strong>et</strong></span> <span class='ocrx_word' id='word_1_324' title='bbox 2326 4114 2664 4180; x_wconf 88' lang='lat' dir='ltr'><strong>beatorum</strong></span> <span class='ocrx_word' id='word_1_325' title='bbox 2710 4114 2893 4179; x_wconf 88' lang='lat' dir='ltr'><strong>Petri</strong></span> <span class='ocrx_word' id='word_1_326' title='bbox 2938 4122 3003 4179; x_wconf 90' lang='lat' dir='ltr'><strong>et</strong></span> <span class='ocrx_word' id='word_1_327' title='bbox 3053 4114 3281 4198; x_wconf 91' lang='lat' dir='ltr'><strong>Pauli,</strong></span> <span class='ocrx_word' id='word_1_328' title='bbox 3331 4116 3770 4202; x_wconf 84' lang='lat' dir='ltr'><strong>apostolorum</strong></span> <span class='ocrx_word' id='word_1_329' title='bbox 3818 4115 3982 4199; x_wconf 88' lang='lat' dir='ltr'><strong>eius,</strong></span> <span class='ocrx_word' id='word_1_330' title='bbox 4030 4138 4099 4180; x_wconf 89' lang='lat' dir='ltr'><strong>se</strong></span> <span class='ocrx_word' id='word_1_331' title='bbox 4146 4116 4399 4181; x_wconf 78' lang='lat' dir='ltr'><strong>noverit</strong></span> <span class='ocrx_word' id='word_1_332' title='bbox 4459 4116 4887 4182; x_wconf 88' lang='lat' dir='ltr'><strong>incursurum.</strong></span> 
     </span>
     <span class='ocr_line' id='line_1_29' title="bbox 1254 4222 4704 4310; baseline -0 -21"><span class='ocrx_word' id='word_1_333' title='bbox 1254 4224 1499 4289; x_wconf 91' lang='lat' dir='ltr'><strong>Datum</strong></span> <span class='ocrx_word' id='word_1_334' title='bbox 1544 4223 1718 4310; x_wconf 88' lang='lat' dir='ltr'><strong>apud</strong></span> <span class='ocrx_word' id='word_1_335' title='bbox 1763 4223 2329 4305; x_wconf 84' lang='lat' dir='ltr'><strong>Urbemveterem,</strong></span> <span class='ocrx_word' id='word_1_336' title='bbox 2377 4222 2658 4287; x_wconf 89' lang='lat' dir='ltr'><strong>secundo</strong></span> <span class='ocrx_word' id='word_1_337' title='bbox 2706 4222 3021 4287; x_wconf 90' lang='lat' dir='ltr'><strong>kalendas</strong></span> <span class='ocrx_word' id='word_1_338' title='bbox 3067 4223 3478 4309; x_wconf 87' lang='lat' dir='ltr'><strong>septembris,</strong></span> <span class='ocrx_word' id='word_1_339' title='bbox 3526 4223 3938 4309; x_wconf 88' lang='lat' dir='ltr'><strong>pontificatus</strong></span> <span class='ocrx_word' id='word_1_340' title='bbox 3987 4223 4189 4288; x_wconf 87' lang='lat' dir='ltr'><strong>nostri</strong></span> <span class='ocrx_word' id='word_1_341' title='bbox 4234 4244 4405 4289; x_wconf 89' lang='lat' dir='ltr'><strong>anno</strong></span> <span class='ocrx_word' id='word_1_342' title='bbox 4452 4232 4704 4309; x_wconf 88' lang='lat' dir='ltr'><strong>quarto.</strong></span> 
     </span>
    </p>
   </div>
   <div class='ocr_carea' id='block_1_4' title="bbox 2795 4542 3339 4839">
    <p class='ocr_par' dir='ltr' id='par_1_5' title="bbox 2795 4542 3339 4839">
     <span class='ocr_line' id='line_1_30' title="bbox 2965 4542 3175 4607; baseline 0.005 -1"><span class='ocrx_word' id='word_1_343' title='bbox 2965 4542 3175 4607; x_wconf 81' lang='lat' dir='ltr'>XLV.</span> 
     </span>
     <span class='ocr_line' id='line_1_31' title="bbox 2795 4755 3339 4839; baseline 0.004 -21"><span class='ocrx_word' id='word_1_344' title='bbox 2795 4755 2988 4839; x_wconf 81' lang='lat'><strong>1293,</strong></span> <span class='ocrx_word' id='word_1_345' title='bbox 3035 4756 3120 4819; x_wconf 88' lang='lat'><strong>31</strong></span> <span class='ocrx_word' id='word_1_346' title='bbox 3167 4758 3339 4820; x_wconf 66' lang='lat' dir='ltr'><strong>mais.</strong></span> 
     </span>
    </p>
   </div>
   <div class='ocr_carea' id='block_1_5' title="bbox 1283 4969 4843 5174">
    <p class='ocr_par' dir='ltr' id='par_1_6' title="bbox 1283 4969 4843 5174">
     <span class='ocr_line' id='line_1_32' title="bbox 1283 4969 4843 5055; baseline 0.001 -21"><span class='ocrx_word' id='word_1_347' title='bbox 1283 4970 1389 5034; x_wconf 80' lang='lat' dir='ltr'><strong>Ex</strong></span> <span class='ocrx_word' id='word_1_348' title='bbox 1434 4969 1722 5035; x_wconf 85' lang='lat' dir='ltr'><strong>archivio</strong></span> <span class='ocrx_word' id='word_1_349' title='bbox 1770 4970 1978 5036; x_wconf 88' lang='lat' dir='ltr'><strong>sancti</strong></span> <span class='ocrx_word' id='word_1_350' title='bbox 2022 4969 2356 5035; x_wconf 85' lang='lat' dir='ltr'><strong>Francisci</strong></span> <span class='ocrx_word' id='word_1_351' title='bbox 2400 4970 2684 5054; x_wconf 90' lang='lat' dir='ltr'><strong>Bonon.,</strong></span> <span class='ocrx_word' id='word_1_352' title='bbox 2734 4990 2905 5034; x_wconf 89' lang='lat' dir='ltr'><strong>nunc</strong></span> <span class='ocrx_word' id='word_1_353' title='bbox 2950 4971 3018 5035; x_wconf 89' lang='lat' dir='ltr'><strong>in</strong></span> <span class='ocrx_word' id='word_1_354' title='bbox 3065 4970 3417 5036; x_wconf 85' lang='lat' dir='ltr'><strong>Tabulario</strong></span> <span class='ocrx_word' id='word_1_355' title='bbox 3447 4970 3626 5035; x_wconf 76' lang='lat' dir='ltr'><strong>Max,</strong></span> <span class='ocrx_word' id='word_1_356' title='bbox 3673 4970 4075 5054; x_wconf 89' lang='lat' dir='ltr'><strong>bononiensi,</strong></span> <span class='ocrx_word' id='word_1_357' title='bbox 4110 4978 4264 5036; x_wconf 89' lang='lat' dir='ltr'><strong>sect.</strong></span> <span class='ocrx_word' id='word_1_358' title='bbox 4309 4995 4340 5029; x_wconf 68' lang='grc' dir='ltr'>ι</span> <span class='ocrx_word' id='word_1_359' title='bbox 4373 4970 4743 5037; x_wconf 80' lang='lat' dir='ltr'><strong>Demaniale</strong></span> <span class='ocrx_word' id='word_1_360' title='bbox 4775 4996 4843 5055; x_wconf 70' lang='grc' dir='ltr'><strong>ιν,</strong></span> 
     </span>
     <span class='ocr_line' id='line_1_33' title="bbox 1774 5059 3585 5174; baseline 0.001 -32"><span class='ocrx_word' id='word_1_361' title='bbox 1774 5061 1783 5070; x_wconf 50' lang='grc'><strong><em>’</em></strong></span> <span class='ocrx_word' id='word_1_362' title='bbox 2553 5100 2728 5143; x_wconf 89' lang='lat' dir='ltr'><strong>num.</strong></span> <span class='ocrx_word' id='word_1_363' title='bbox 2777 5059 2929 5174; x_wconf 47' lang='grc' dir='ltr'><strong>ἐξ,</strong></span> <span class='ocrx_word' id='word_1_364' title='bbox 2975 5078 3088 5143; x_wconf 90' lang='lat' dir='ltr'><strong>lib.</strong></span> <span class='ocrx_word' id='word_1_365' title='bbox 3135 5078 3238 5162; x_wconf 89' lang='lat' dir='ltr'><strong>H,</strong></span> <span class='ocrx_word' id='word_1_366' title='bbox 3285 5078 3426 5144; x_wconf 87' lang='lat' dir='ltr'><strong>doc.</strong></span> <span class='ocrx_word' id='word_1_367' title='bbox 3478 5080 3585 5143; x_wconf 82' lang='lat'><strong>74.</strong></span> 
     </span>
    </p>
   </div>
   <div class='ocr_carea' id='block_1_6' title="bbox 1243 5291 4881 6346">
    <p class='ocr_par' dir='ltr' id='par_1_7' title="bbox 1246 5291 4881 5915">
     <span class='ocr_line' id='line_1_34' title="bbox 1422 5291 4880 5377; baseline -0.001 -17"><span class='ocrx_word' id='word_1_368' title='bbox 1422 5295 1505 5360; x_wconf 89' lang='lat' dir='ltr'><strong>In</strong></span> <span class='ocrx_word' id='word_1_369' title='bbox 1549 5294 1807 5359; x_wconf 90' lang='lat' dir='ltr'><strong>nomine</strong></span> <span class='ocrx_word' id='word_1_370' title='bbox 1852 5293 2117 5359; x_wconf 90' lang='lat' dir='ltr'><strong>Domini</strong></span> <span class='ocrx_word' id='word_1_371' title='bbox 2164 5291 2368 5358; x_wconf 90' lang='lat' dir='ltr'><strong>nostri</strong></span> <span class='ocrx_word' id='word_1_372' title='bbox 2411 5292 2574 5358; x_wconf 90' lang='lat' dir='ltr'><strong>Jesu</strong></span> <span class='ocrx_word' id='word_1_373' title='bbox 2622 5293 2883 5377; x_wconf 87' lang='lat' dir='ltr'><strong>Christi,</strong></span> <span class='ocrx_word' id='word_1_374' title='bbox 2933 5314 3143 5358; x_wconf 90' lang='lat' dir='ltr'><strong>amen.</strong></span> <span class='ocrx_word' id='word_1_375' title='bbox 3190 5291 3384 5357; x_wconf 84' lang='lat' dir='ltr'><strong>Anno</strong></span> <span class='ocrx_word' id='word_1_376' title='bbox 3441 5292 3733 5377; x_wconf 89' lang='lat' dir='ltr'><strong>ejusdem</strong></span> <span class='ocrx_word' id='word_1_377' title='bbox 3786 5292 4124 5357; x_wconf 87' lang='lat' dir='ltr'><strong>millesimo</strong></span> <span class='ocrx_word' id='word_1_378' title='bbox 4181 5292 4623 5357; x_wconf 88' lang='lat' dir='ltr'><strong>ducentesimo</strong></span> <span class='ocrx_word' id='word_1_379' title='bbox 4682 5314 4880 5357; x_wconf 90' lang='lat' dir='ltr'><strong>nona·</strong></span> 
     </span>
     <span class='ocr_line' id='line_1_35' title="bbox 1246 5399 4880 5492; baseline -0.001 -23"><span class='ocrx_word' id='word_1_380' title='bbox 1246 5404 1493 5492; x_wconf 86' lang='lat' dir='ltr'><strong>gesimo</strong></span> <span class='ocrx_word' id='word_1_381' title='bbox 1540 5402 1752 5485; x_wconf 89' lang='lat' dir='ltr'><strong>tertio,</strong></span> <span class='ocrx_word' id='word_1_382' title='bbox 1812 5400 2161 5467; x_wconf 90' lang='lat' dir='ltr'><strong>indictione</strong></span> <span class='ocrx_word' id='word_1_383' title='bbox 2207 5407 2429 5484; x_wconf 81' lang='lat' dir='ltr'><strong>sexta,</strong></span> <span class='ocrx_word' id='word_1_384' title='bbox 2477 5400 2582 5466; x_wconf 90' lang='lat' dir='ltr'><strong>die</strong></span> <span class='ocrx_word' id='word_1_385' title='bbox 2642 5401 2872 5466; x_wconf 90' lang='lat' dir='ltr'><strong>ultima</strong></span> <span class='ocrx_word' id='word_1_386' title='bbox 2917 5400 3155 5465; x_wconf 87' lang='lat' dir='ltr'><strong>mensis</strong></span> <span class='ocrx_word' id='word_1_387' title='bbox 3208 5400 3431 5485; x_wconf 91' lang='lat' dir='ltr'><strong>madij.</strong></span> <span class='ocrx_word' id='word_1_388' title='bbox 3479 5408 3586 5479; x_wconf 69' lang='grc' dir='ltr'><strong>(Ῑῖ</strong></span> <span class='ocrx_word' id='word_1_389' title='bbox 3612 5400 3775 5466; x_wconf 84' lang='lat' dir='ltr'><strong>Cum</strong></span> <span class='ocrx_word' id='word_1_390' title='bbox 3830 5400 4126 5465; x_wconf 89' lang='lat' dir='ltr'><strong>dominus</strong></span> <span class='ocrx_word' id='word_1_391' title='bbox 4179 5399 4612 5465; x_wconf 83' lang='lat' dir='ltr'><strong>Francischus</strong></span> <span class='ocrx_word' id='word_1_392' title='bbox 4663 5400 4880 5486; x_wconf 87' lang='lat' dir='ltr'><strong>legum</strong></span> 
     </span>
     <span class='ocr_line' id='line_1_36' title="bbox 1248 5490 4880 5596; baseline -0.001 -20"><span class='ocrx_word' id='word_1_393' title='bbox 1248 5513 1492 5594; x_wconf 87' lang='lat' dir='ltr'><strong>doctor,</strong></span> <span class='ocrx_word' id='word_1_394' title='bbox 1531 5509 1703 5574; x_wconf 89' lang='lat' dir='ltr'><strong>filius</strong></span> <span class='ocrx_word' id='word_1_395' title='bbox 1763 5508 2093 5596; x_wconf 89' lang='lat' dir='ltr'><strong>quondam</strong></span> <span class='ocrx_word' id='word_1_396' title='bbox 2138 5490 2381 5573; x_wconf 82' lang='lat' dir='ltr'><strong>domini</strong></span> <span class='ocrx_word' id='word_1_397' title='bbox 2440 5507 2716 5573; x_wconf 83' lang='lat' dir='ltr'><strong>Acurxii</strong></span> <span class='ocrx_word' id='word_1_398' title='bbox 2760 5509 2980 5594; x_wconf 89' lang='lat' dir='ltr'><strong>legum</strong></span> <span class='ocrx_word' id='word_1_399' title='bbox 3025 5508 3339 5591; x_wconf 90' lang='lat' dir='ltr'><strong>doctoris,</strong></span> <span class='ocrx_word' id='word_1_400' title='bbox 3403 5508 3515 5594; x_wconf 89' lang='lat' dir='ltr'><strong>qui</strong></span> <span class='ocrx_word' id='word_1_401' title='bbox 3559 5529 3729 5573; x_wconf 89' lang='lat' dir='ltr'><strong>nunc</strong></span> <span class='ocrx_word' id='word_1_402' title='bbox 3785 5515 4075 5573; x_wconf 88' lang='lat' dir='ltr'><strong>moratur</strong></span> <span class='ocrx_word' id='word_1_403' title='bbox 4135 5507 4430 5572; x_wconf 86' lang='lat' dir='ltr'><strong>Bononio</strong></span> <span class='ocrx_word' id='word_1_404' title='bbox 4499 5507 4566 5571; x_wconf 92' lang='lat' dir='ltr'><strong>in</strong></span> <span class='ocrx_word' id='word_1_405' title='bbox 4629 5507 4880 5593; x_wconf 89' lang='lat' dir='ltr'><strong>capella</strong></span> 
     </span>
     <span class='ocr_line' id='line_1_37' title="bbox 1247 5614 4878 5702; baseline -0.002 -18"><span class='ocrx_word' id='word_1_406' title='bbox 1247 5618 1456 5684; x_wconf 90' lang='lat' dir='ltr'><strong>sancti</strong></span> <span class='ocrx_word' id='word_1_407' title='bbox 1500 5617 1723 5701; x_wconf 86' lang='lat' dir='ltr'><strong>Mami,</strong></span> <span class='ocrx_word' id='word_1_408' title='bbox 1772 5638 1981 5700; x_wconf 89' lang='lat' dir='ltr'><strong>suum,</strong></span> <span class='ocrx_word' id='word_1_409' title='bbox 2029 5622 2101 5681; x_wconf 90' lang='lat' dir='ltr'><strong>ut</strong></span> <span class='ocrx_word' id='word_1_410' title='bbox 2148 5615 2332 5698; x_wconf 78' lang='lat' dir='ltr'><strong>dixit,</strong></span> <span class='ocrx_word' id='word_1_411' title='bbox 2378 5615 2445 5679; x_wconf 91' lang='lat' dir='ltr'><strong>in</strong></span> <span class='ocrx_word' id='word_1_412' title='bbox 2493 5616 2702 5681; x_wconf 84' lang='lat' dir='ltr'><strong>soritis</strong></span> <span class='ocrx_word' id='word_1_413' title='bbox 2749 5615 3109 5681; x_wconf 88' lang='lat' dir='ltr'><strong>condiderit</strong></span> <span class='ocrx_word' id='word_1_414' title='bbox 3154 5620 3630 5698; x_wconf 87' lang='lat' dir='ltr'><strong>testamentum,</strong></span> <span class='ocrx_word' id='word_1_415' title='bbox 3680 5615 3852 5701; x_wconf 92' lang='lat' dir='ltr'><strong>quod</strong></span> <span class='ocrx_word' id='word_1_416' title='bbox 3898 5615 4258 5702; x_wconf 90' lang='lat' dir='ltr'><strong>depositum</strong></span> <span class='ocrx_word' id='word_1_417' title='bbox 4308 5621 4408 5679; x_wconf 88' lang='lat' dir='ltr'><strong>est</strong></span> <span class='ocrx_word' id='word_1_418' title='bbox 4454 5615 4628 5700; x_wconf 90' lang='lat' dir='ltr'><strong>apud</strong></span> <span class='ocrx_word' id='word_1_419' title='bbox 4683 5614 4878 5679; x_wconf 89' lang='lat' dir='ltr'><strong>sacri-</strong></span> 
     </span>
     <span class='ocr_line' id='line_1_38' title="bbox 1246 5722 4881 5810; baseline -0.002 -18"><span class='ocrx_word' id='word_1_420' title='bbox 1246 5728 1437 5792; x_wconf 89' lang='lat' dir='ltr'><strong>stiam</strong></span> <span class='ocrx_word' id='word_1_421' title='bbox 1469 5725 1745 5789; x_wconf 88' lang='lat' dir='ltr'><strong>fratrum</strong></span> <span class='ocrx_word' id='word_1_422' title='bbox 1767 5723 2258 5788; x_wconf 90' lang='lat' dir='ltr'><strong>Predicatorum</strong></span> <span class='ocrx_word' id='word_1_423' title='bbox 2289 5722 2498 5787; x_wconf 90' lang='lat' dir='ltr'><strong>sancti</strong></span> <span class='ocrx_word' id='word_1_424' title='bbox 2519 5722 2845 5788; x_wconf 90' lang='lat' dir='ltr'><strong>Dominici</strong></span> <span class='ocrx_word' id='word_1_425' title='bbox 2876 5723 2955 5788; x_wconf 92' lang='lat' dir='ltr'><strong>de</strong></span> <span class='ocrx_word' id='word_1_426' title='bbox 2979 5723 3297 5807; x_wconf 88' lang='lat' dir='ltr'><strong>Bononia,</strong></span> <span class='ocrx_word' id='word_1_427' title='bbox 3324 5724 3391 5787; x_wconf 91' lang='lat' dir='ltr'><strong>in</strong></span> <span class='ocrx_word' id='word_1_428' title='bbox 3425 5744 3572 5810; x_wconf 88' lang='lat' dir='ltr'><strong>quc,</strong></span> <span class='ocrx_word' id='word_1_429' title='bbox 3600 5722 3769 5787; x_wconf 86' lang='lat' dir='ltr'><strong>infra</strong></span> <span class='ocrx_word' id='word_1_430' title='bbox 3802 5730 4016 5787; x_wconf 88' lang='lat' dir='ltr'><strong>cetera</strong></span> <span class='ocrx_word' id='word_1_431' title='bbox 4064 5744 4187 5808; x_wconf 92' lang='lat' dir='ltr'><strong>que</strong></span> <span class='ocrx_word' id='word_1_432' title='bbox 4222 5722 4287 5786; x_wconf 90' lang='lat' dir='ltr'><strong>in</strong></span> <span class='ocrx_word' id='word_1_433' title='bbox 4322 5722 4461 5809; x_wconf 92' lang='lat' dir='ltr'><strong>ipso</strong></span> <span class='ocrx_word' id='word_1_434' title='bbox 4493 5728 4881 5786; x_wconf 87' lang='lat' dir='ltr'><strong>testamento</strong></span> 
     </span>
     <span class='ocr_line' id='line_1_39' title="bbox 1247 5830 2925 5915; baseline -0.003 -16"><span class='ocrx_word' id='word_1_435' title='bbox 1247 5834 1678 5915; x_wconf 89' lang='lat' dir='ltr'><strong>continentur,</strong></span> <span class='ocrx_word' id='word_1_436' title='bbox 1726 5831 1893 5895; x_wconf 80' lang='lat' dir='ltr'><strong>dixit</strong></span> <span class='ocrx_word' id='word_1_437' title='bbox 1938 5830 2255 5896; x_wconf 87' lang='lat' dir='ltr'><strong>contineri</strong></span> <span class='ocrx_word' id='word_1_438' title='bbox 2302 5830 2367 5894; x_wconf 90' lang='lat' dir='ltr'><strong>in</strong></span> <span class='ocrx_word' id='word_1_439' title='bbox 2412 5830 2585 5894; x_wconf 94' lang='lat' dir='ltr'><strong>hunc</strong></span> <span class='ocrx_word' id='word_1_440' title='bbox 2630 5830 2925 5895; x_wconf 82' lang='lat' dir='ltr'><strong>modum:</strong></span> 
     </span>
    </p>

    <p class='ocr_par' dir='ltr' id='par_1_8' title="bbox 1243 5936 4880 6346">
     <span class='ocr_line' id='line_1_40' title="bbox 1424 5936 4878 6025; baseline -0.001 -21"><span class='ocrx_word' id='word_1_441' title='bbox 1424 5948 1531 6019; x_wconf 69' lang='grc' dir='ltr'><strong>(Ῑῖ</strong></span> <span class='ocrx_word' id='word_1_442' title='bbox 1556 5939 1725 6004; x_wconf 90' lang='lat' dir='ltr'><strong>Item</strong></span> <span class='ocrx_word' id='word_1_443' title='bbox 1754 5937 2048 6024; x_wconf 91' lang='lat' dir='ltr'><strong>relinquo</strong></span> <span class='ocrx_word' id='word_1_444' title='bbox 2081 5959 2198 6025; x_wconf 90' lang='lat' dir='ltr'><strong>pro</strong></span> <span class='ocrx_word' id='word_1_445' title='bbox 2231 5937 2449 6001; x_wconf 91' lang='lat' dir='ltr'><strong>anima</strong></span> <span class='ocrx_word' id='word_1_446' title='bbox 2479 5958 2625 6001; x_wconf 89' lang='lat' dir='ltr'><strong>mea</strong></span> <span class='ocrx_word' id='word_1_447' title='bbox 2656 5936 2833 6001; x_wconf 90' lang='lat' dir='ltr'><strong>mille</strong></span> <span class='ocrx_word' id='word_1_448' title='bbox 2856 5937 3057 6002; x_wconf 89' lang='lat' dir='ltr'><strong>libras</strong></span> <span class='ocrx_word' id='word_1_449' title='bbox 3089 5936 3574 6002; x_wconf 89' lang='lat' dir='ltr'><strong>bononenorum</strong></span> <span class='ocrx_word' id='word_1_450' title='bbox 3606 5937 4082 6002; x_wconf 84' lang='lat' dir='ltr'><strong>distribuendas</strong></span> <span class='ocrx_word' id='word_1_451' title='bbox 4115 5958 4229 6022; x_wconf 91' lang='lat' dir='ltr'><strong>per</strong></span> <span class='ocrx_word' id='word_1_452' title='bbox 4261 5936 4637 6022; x_wconf 89' lang='lat' dir='ltr'><strong>religiosum</strong></span> <span class='ocrx_word' id='word_1_453' title='bbox 4668 5937 4878 6001; x_wconf 68' lang='lat' dir='ltr'><strong>virum</strong></span> 
     </span>
     <span class='ocr_line' id='line_1_41' title="bbox 1244 6043 4880 6130; baseline -0.002 -17"><span class='ocrx_word' id='word_1_454' title='bbox 1244 6049 1513 6113; x_wconf 86' lang='lat' dir='ltr'><strong>fratrem</strong></span> <span class='ocrx_word' id='word_1_455' title='bbox 1557 6047 1828 6111; x_wconf 85' lang='lat' dir='ltr'><strong>Petrum</strong></span> <span class='ocrx_word' id='word_1_456' title='bbox 1875 6045 1955 6110; x_wconf 92' lang='lat' dir='ltr'><strong>de</strong></span> <span class='ocrx_word' id='word_1_457' title='bbox 2003 6044 2245 6109; x_wconf 85' lang='lat' dir='ltr'><strong>Trento</strong></span> <span class='ocrx_word' id='word_1_458' title='bbox 2294 6044 2557 6109; x_wconf 89' lang='lat' dir='ltr'><strong>Ordinis</strong></span> <span class='ocrx_word' id='word_1_459' title='bbox 2603 6044 2881 6109; x_wconf 85' lang='lat' dir='ltr'><strong>fratrum</strong></span> <span class='ocrx_word' id='word_1_460' title='bbox 2925 6044 3416 6109; x_wconf 88' lang='lat' dir='ltr'><strong>Predicatorum</strong></span> <span class='ocrx_word' id='word_1_461' title='bbox 3461 6045 3541 6108; x_wconf 91' lang='lat' dir='ltr'><strong>de</strong></span> <span class='ocrx_word' id='word_1_462' title='bbox 3580 6043 3899 6126; x_wconf 87' lang='lat' dir='ltr'><strong>Bononia,</strong></span> <span class='ocrx_word' id='word_1_463' title='bbox 3932 6050 3997 6107; x_wconf 91' lang='lat' dir='ltr'><strong>et</strong></span> <span class='ocrx_word' id='word_1_464' title='bbox 4027 6065 4145 6130; x_wconf 92' lang='lat' dir='ltr'><strong>per</strong></span> <span class='ocrx_word' id='word_1_465' title='bbox 4177 6043 4513 6107; x_wconf 90' lang='lat' dir='ltr'><strong>dominum</strong></span> <span class='ocrx_word' id='word_1_466' title='bbox 4544 6043 4880 6108; x_wconf 85' lang='lat' dir='ltr'><strong>Julianum</strong></span> 
     </span>
     <span class='ocr_line' id='line_1_42' title="bbox 1244 6150 4879 6238; baseline -0.002 -17"><span class='ocrx_word' id='word_1_467' title='bbox 1244 6154 1487 6221; x_wconf 88' lang='lat' dir='ltr'><strong>domini</strong></span> <span class='ocrx_word' id='word_1_468' title='bbox 1533 6152 1786 6219; x_wconf 84' lang='lat' dir='ltr'><strong>Cambii</strong></span> <span class='ocrx_word' id='word_1_469' title='bbox 1832 6151 2199 6238; x_wconf 80' lang='lat' dir='ltr'><strong>Graciadey</strong></span> <span class='ocrx_word' id='word_1_470' title='bbox 2245 6151 2324 6216; x_wconf 90' lang='lat' dir='ltr'><strong>de</strong></span> <span class='ocrx_word' id='word_1_471' title='bbox 2371 6159 2577 6216; x_wconf 89' lang='lat' dir='ltr'><strong>strata</strong></span> <span class='ocrx_word' id='word_1_472' title='bbox 2623 6152 2833 6216; x_wconf 88' lang='lat' dir='ltr'><strong>sancti</strong></span> <span class='ocrx_word' id='word_1_473' title='bbox 2876 6150 3134 6233; x_wconf 87' lang='lat' dir='ltr'><strong>Vitalis,</strong></span> <span class='ocrx_word' id='word_1_474' title='bbox 3183 6172 3343 6237; x_wconf 90' lang='lat' dir='ltr'><strong>quos</strong></span> <span class='ocrx_word' id='word_1_475' title='bbox 3391 6151 3456 6215; x_wconf 90' lang='lat' dir='ltr'><strong>in</strong></span> <span class='ocrx_word' id='word_1_476' title='bbox 3505 6151 3674 6216; x_wconf 91' lang='lat' dir='ltr'><strong>dicto</strong></span> <span class='ocrx_word' id='word_1_477' title='bbox 3732 6171 3848 6215; x_wconf 92' lang='lat' dir='ltr'><strong>suo</strong></span> <span class='ocrx_word' id='word_1_478' title='bbox 3912 6156 4296 6214; x_wconf 89' lang='lat' dir='ltr'><strong>testamento</strong></span> <span class='ocrx_word' id='word_1_479' title='bbox 4359 6171 4510 6215; x_wconf 90' lang='lat' dir='ltr'><strong>suos</strong></span> <span class='ocrx_word' id='word_1_480' title='bbox 4555 6151 4755 6236; x_wconf 87' lang='lat' dir='ltr'><strong>elegit</strong></span> <span class='ocrx_word' id='word_1_481' title='bbox 4813 6156 4879 6214; x_wconf 90' lang='lat' dir='ltr'><strong>et</strong></span> 
     </span>
     <span class='ocr_line' id='line_1_43' title="bbox 1243 6256 4878 6346; baseline -0.002 -17"><span class='ocrx_word' id='word_1_482' title='bbox 1243 6262 1471 6329; x_wconf 87' lang='lat' dir='ltr'><strong>statuit</strong></span> <span class='ocrx_word' id='word_1_483' title='bbox 1524 6259 1938 6344; x_wconf 84' lang='lat' dir='ltr'><strong>Comisarios,</strong></span> <span class='ocrx_word' id='word_1_484' title='bbox 1982 6259 2336 6325; x_wconf 90' lang='lat' dir='ltr'><strong>secundum</strong></span> <span class='ocrx_word' id='word_1_485' title='bbox 2384 6258 2557 6346; x_wconf 93' lang='lat' dir='ltr'><strong>quod</strong></span> <span class='ocrx_word' id='word_1_486' title='bbox 2602 6259 2668 6323; x_wconf 92' lang='lat' dir='ltr'><strong>in</strong></span> <span class='ocrx_word' id='word_1_487' title='bbox 2716 6258 2997 6345; x_wconf 85' lang='lat' dir='ltr'><strong>quadam</strong></span> <span class='ocrx_word' id='word_1_488' title='bbox 3044 6257 3273 6323; x_wconf 90' lang='lat' dir='ltr'><strong>cedula</strong></span> <span class='ocrx_word' id='word_1_489' title='bbox 3319 6258 3580 6345; x_wconf 87' lang='lat' dir='ltr'><strong>sigilata</strong></span> <span class='ocrx_word' id='word_1_490' title='bbox 3626 6258 3841 6344; x_wconf 90' lang='lat' dir='ltr'><strong>sigillo</strong></span> <span class='ocrx_word' id='word_1_491' title='bbox 3889 6279 4032 6323; x_wconf 91' lang='lat' dir='ltr'><strong>meo</strong></span> <span class='ocrx_word' id='word_1_492' title='bbox 4078 6278 4196 6345; x_wconf 91' lang='lat' dir='ltr'><strong>per</strong></span> <span class='ocrx_word' id='word_1_493' title='bbox 4242 6279 4343 6322; x_wconf 89' lang='lat' dir='ltr'><strong>me</strong></span> <span class='ocrx_word' id='word_1_494' title='bbox 4391 6265 4456 6322; x_wconf 90' lang='lat' dir='ltr'><strong>et</strong></span> <span class='ocrx_word' id='word_1_495' title='bbox 4501 6257 4594 6322; x_wconf 90' lang='lat' dir='ltr'><strong>eis</strong></span> <span class='ocrx_word' id='word_1_496' title='bbox 4638 6256 4878 6321; x_wconf 88' lang='lat' dir='ltr'><strong>tradita</strong></span> 
     </span>
    </p>
   </div>
   <div class='ocr_carea' id='block_1_7' title="bbox 1401 6490 3009 6562">
    <p class='ocr_par' dir='ltr' id='par_1_9' title="bbox 1401 6490 3009 6562">
     <span class='ocr_line' id='line_1_44' title="bbox 1401 6490 3009 6562; baseline -0.002 -17"><span class='ocrx_word' id='word_1_497' title='bbox 1401 6495 1480 6561; x_wconf 94' lang='lat'><strong>(1)</strong></span> <span class='ocrx_word' id='word_1_498' title='bbox 1521 6492 1604 6544; x_wconf 84' lang='lat' dir='ltr'><strong>Ex</strong></span> <span class='ocrx_word' id='word_1_499' title='bbox 1642 6491 1855 6562; x_wconf 85' lang='lat' dir='ltr'><strong>Regist.</strong></span> <span class='ocrx_word' id='word_1_500' title='bbox 1894 6490 2054 6545; x_wconf 85' lang='lat' dir='ltr'><strong>tertio</strong></span> <span class='ocrx_word' id='word_1_501' title='bbox 2091 6490 2307 6544; x_wconf 80' lang='lat' dir='ltr'><strong>Nicolai</strong></span> <span class='ocrx_word' id='word_1_502' title='bbox 2346 6490 2463 6558; x_wconf 64' lang='lat' dir='ltr'><strong>IV„</strong></span> <span class='ocrx_word' id='word_1_503' title='bbox 2502 6507 2588 6560; x_wconf 87' lang='lat' dir='ltr'><strong>ep.</strong></span> <span class='ocrx_word' id='word_1_504' title='bbox 2628 6492 2751 6556; x_wconf 79' lang='lat'><strong>454,</strong></span> <span class='ocrx_word' id='word_1_505' title='bbox 2790 6490 2885 6542; x_wconf 84' lang='lat' dir='ltr'><strong>fol.</strong></span> <span class='ocrx_word' id='word_1_506' title='bbox 2924 6493 3009 6542; x_wconf 83' lang='lat'><strong>89.</strong></span> 
     </span>
    </p>
   </div>
  </div>
 </body>
</html>
