5542 7775
1562 679 2025 730 srncmn‘rm
2078 678 2181 728 AD
2235 677 2745 729 Pnorsssonns
2803 678 3012 729 sums
3070 677 3423 728 CANONch
4155 657 4301 727 189

2325 1047 2653 1112 XXXIII.

1574 1261 1768 1344 1265,
1818 1262 1902 1324 16
1946 1260 2218 1344 οσίοόνίε,
2264 1260 2361 1324 ad·
2392 1282 2631 1325 annum
2682 1261 2877 1345 1266,
2925 1262 3013 1324 26
3057 1260 3413 1325 novembris·

958 1474 1061 1538 Ex
1112 1474 1376 1540 archivo
1424 1474 1964 1562 Metropolitanae
2012 1473 2217 1538 sancti
2262 1473 2446 1538 Petri
2490 1473 2855 1556 Bononiae,
2905 1495 3073 1538 nunc
3119 1475 3186 1538 in
3236 1474 3467 1539 Tabul.
3518 1474 3695 1539 Max,
3746 1474 4015 1557 bonon.,

2064 1581 2221 1645 fasc.
2269 1580 2429 1664 111.,
2477 1602 2650 1645 num.
2702 1583 2787 1645 32
2816 1581 2915 1646 (1).

678 1903 1204 1968 Procuratorium
1329 1905 1435 1979 <12⁴
1464 1902 1657 1968 Anno
1689 1902 1953 1967 Domini
1983 1902 2337 1986 M.cc.lxv.,
2373 1902 2719 1967 indictione
2765 1902 2926 1986 viij„
2962 1902 3064 1967 die
3095 1903 3232 1987 xvj.
3268 1903 3548 1966 intrante
3591 1902 3860 1984 octubri,
3896 1900 4304 1988 pontificatus

670 2011 912 2076 Azouis
938 2031 977 2074 a
1002 2010 1205 2095 magi·
1331 2011 1571 2076 domini
1621 2009 1970 2075 Clementis
2010 2031 2178 2097 pape
2209 2011 2331 2095 iiij.
2371 2032 2540 2075 anno
2573 2011 2802 2096 primo.
2836 2010 3150 2095 Magister
3193 2010 3567 2074 Bernardus
3598 2009 3979 2095 parmensis,
4011 2007 4304 2073 Bononie

673 2125 806 2183 stro
842 2118 1203 2183 Bernard0.
1334 2120 1721 2202 canonicus,
1780 2127 1991 2184 rector
2052 2120 2319 2184 ecclesie
2383 2126 2604 2184 sancte
2658 2118 2865 2183 Μαι-19
2931 2119 3010 2183 (19
3071 2118 3484 2183 Monteovalo
3543 2117 3956 2182 bononiensis
4001 2116 4302 2197 diocesis,

1334 2226 1523 2311 fecit,
1575 2227 1907 2292 constituit
1953 2234 2017 2292 et
2065 2226 2405 2310 ordinavit,
2454 2227 2595 2291 vice
2643 2233 2709 2290 et
2753 2227 3011 2291 nomine
3060 2227 3259 2313 ipsius
3307 2226 3598 2309 ecclesie,
3641 2225 3970 2289 dominum
4016 2224 4305 2288 Azonem

672 2334 1022 2420 plebanum
1070 2335 1149 2399 de
1198 2333 1531 2418 Centori0,
1583 2334 1951 2418 absentem,
2002 2356 2186 2399 suum
2233 2340 2718 2421 procuratorem
2764 2340 2830 2398 et
2877 2333 3170 2398 nuntium
3218 2333 3555 2420 spetialem
3621 2333 3700 2396 ad
3750 2331 4106 2418 agendum,
4155 2352 4304 2396 cau-

671 2440 965 2524 sandum,
1006 2441 1482 2506 defendendum
1529 2448 1593 2506 et
1640 2441 2159 2528 respondendum
2206 2441 2269 2505 in
2318 2462 2587 2506 romana
2633 2441 2830 2505 Curia
2877 2461 3094 2505 coram
3142 2440 3401 2505 domino
3447 2440 3632 2526 Papa
3678 2446 3742 2503 et
3788 2438 4077 2525 quolibet
4124 2438 4305 2502 audi-

672 2555 811 2612 tore
859 2548 1010 2614 dato
1055 2549 1160 2614 vel
1223 2549 1436 2614 dando
1500 2549 1567 2613 in
1643 2570 1840 2614 causa
1888 2570 2081 2635 quam
2127 2549 2325 2613 habet
2383 2548 2488 2613 vel
2547 2548 2886 2613 habiturus
2934 2556 3032 2612 est
3093 2569 3237 2611 eum
3285 2547 3534 2613 Jacobo
3591 2547 3721 2611 filio
3768 2546 4010 2610 domini
4056 2546 4305 2610 comitis

669 2654 1083 2740 Maghinardi
1142 2657 1247 2721 vel
1307 2657 1449 2741 ejus
1495 2662 1912 2742 procuratore
1959 2677 2074 2720 seu
2122 2656 2344 2720 nuntio
2392 2677 2506 2720 seu
2562 2656 2693 2719 alia
2739 2676 3052 2743 persona,
3102 2654 3439 2719 occasione
3487 2654 3756 2719 ecclesie
3820 2659 4041 2717 sancte
4098 2652 4305 2717 Marie

674 2762 753 2826 (19
801 2761 1239 2847 Mouteovalo,
1284 2763 1699 2828 bononiensis
1745 2762 2038 2828 diocesis.

669 2977 999 3063 Apellatio
1119 2981 1225 3055 <12³
1254 2977 1417 3043 Cum
1449 2998 1572 3063 ego
1605 2978 1923 3065 presbiter
1947 2978 1991 3044 J
1995 2978 2255 3061 acobus,
2290 2976 2572 3041 sindicus
2598 2977 3038 3042 archidiaconi
3070 2984 3134 3041 et
3168 2976 3451 3063 Capituli
3482 2975 3896 3040 bononiensis
3928 2983 3994 3040 et
4022 2974 4313 3040 Ecclesie

1118 3085 1552 3168 bononiensis,
1587 3086 1884 3172 petierim
1930 3106 1969 3149 a
2014 3085 2201 3150 vobis
2236 3085 2494 3150 domino
2528 3085 3067 3172 archipresbitero
3113 3085 3321 3172 plebis
3364 3085 3571 3149 sancti
3602 3083 3939 3148 Laurentii
3982 3083 4048 3147 in
4084 3082 4313 3148 Colina

671 3193 1115 3277 procuratorio
1164 3192 1422 3258 nomine
1470 3193 1905 3280 predictorum
1952 3192 2387 3258 archidiaconi
2436 3198 2501 3257 et
2547 3191 2883 3280 Ca[pituli]
2930 3192 3343 3257 bononiensis
3388 3190 3700 3275 Ecclesie,
3758 3197 3822 3255 et
3876 3191 4134 3279 nomine
4177 3211 4313 3253 ma·

670 3300 856 3385 gistri
902 3300 1222 3365 Bernardi
1251 3300 1666 3365 bononiensis
1699 3299 2012 3383 canonici,
2047 3300 2311 3364 rectoris
2346 3300 2614 3364 ecclesie
2648 3307 2832 3363 sante
2864 3299 3071 3364 Marie
3104 3299 3183 3363 dc
3218 3298 3703 3383 [MonteJovalo,
3737 3306 3807 3362 ut
3854 3298 4013 3362 mihi
4061 3296 4314 3362 faciatis

672 3408 928 3494 copiam
973 3414 1187 3472 vestre
1230 3406 1698 3493 jurisdictionis
1745 3414 1810 3471 et
1858 3407 2193 3471 literarum
2239 3406 2322 3471 ad
2369 3428 2483 3471 vos
2530 3406 2941 3490 directarum,
2975 3429 3092 3493 per
3139 3428 3297 3492 quas
3345 3405 3683 3493 providitis
3731 3405 3810 3470 de
3851 3404 4125 3470 ecclesia
4166 3425 4312 3468 san·

673 3521 773 3579 cte
820 3514 1048 3597 Maris,
1083 3513 1167 3578 ad
1197 3513 1560 3579 Ecclesiam
1606 3514 1900 3579 Bononie
1947 3514 2140 3601 pleno
2181 3515 2328 3598 jure
2376 3520 2730 3600 spectante,
2766 3513 3113 3579 Jacobutio
3157 3514 3292 3578 filio
3339 3513 3581 3578 domini
3622 3513 3871 3577 comitis
3900 3511 4314 3598 Maghinardi

670 3621 749 3686 (19
796 3622 1075 3704 PanicO,
1123 3629 1189 3686 et
1244 3643 1393 3686 eum
1451 3620 1798 3686 induxistis
1846 3622 1911 3685 in
1957 3623 2430 3708 possessionem
2477 3620 2800 3706 ejusdem,
2848 3643 3041 3707 quam
3105 3621 3354 3708 copiam
3403 3642 3530 3685 non
3579 3620 3791 3685 facitis
3810 3620 3888 3685 (2)
3936 3641 4053 3683 nec
4101 3618 4316 3683 facere

672 3729 989 3812 voluistis,
1036 3729 1192 3794 item
1238 3729 1392 3815 quia
1424 3727 1848 3814 providisti[s]
1895 3728 1974 3793 de
2023 3729 2163 3816 ipsa
2210 3729 2483 3793 ecclesia
2530 3750 2659 3793 non
2708 3735 3003 3812 vacante,
3051 3729 3205 3793 item
3253 3728 3426 3814 quia,
3481 3727 3781 3815 Capitulo
3829 3726 4210 3792 bononiensi
4255 3732 4321 3789 et

670 3837 981 3924 magistro
1028 3836 1366 3902 Bernardo
1414 3841 1662 3901 rectore
1709 3836 1912 3923 ipsius
1959 3836 2227 3901 ecclesie
2275 3842 2495 3902 sancte
2541 3835 2748 3903 Mario
2800 3857 2925 3902 non
2974 3836 3184 3901 citatis
3246 3843 3312 3901 et
3370 3835 3614 3922 absque
3675 3835 3897 3921 aliqua
3955 3855 4147 3899 cause
4213 3854 4318 3898 co·

668 3947 979 4033 gnitione‚
1013 3945 1386 4032 providistis
1427 3945 1507 4010 de
1556 3945 1729 4010 dicta
1775 3945 2049 4010 ecclesia
2095 3945 2335 4010 Montis
2382 3945 2654 4032 predicti
2700 3953 2923 4010 sancte
2968 3945 3175 4010 Marie
3222 3944 3393 4009 dicto
3427 3944 3562 4009 filio
3595 3943 3847 4009 comitis
3877 3941 4312 4028 Maghinardi,

669 4055 734 4118 in
801 4053 956 4118 dicti
1019 4052 1300 4140 Capituli
1362 4058 1427 4117 et
1486 4052 1779 4117 Ecclesie
1830 4053 2243 4117 bononiensis
2305 4059 2369 4117 et
2431 4052 2599 4117 dicte
2655 4053 2926 4117 ecclesie
2973 4059 3194 4117 sancte
3253 4051 3459 4118 Marie
3521 4058 3586 4116 et
3653 4051 3947 4137 magistri
3994 4048 4316 4114 Bernardi

670 4162 936 4226 rectoris
983 4160 1273 4225 eiusdem
1319 4159 1746 4246 preiudicium
1808 4168 1872 4224 et
1936 4181 2324 4246 gravamen3
2393 4160 2547 4224 item
2606 4181 2691 4225 ex
2749 4160 2851 4224 his
2913 4160 3210 4224 omnibus
3269 4167 3335 4224 et
3401 4159 3691 4246 quolibet
3739 4180 3964 4223 eorum
4027 4156 4314 4221 sentiens

668 4268 880 4354 ipsum
927 4266 1299 4354 Capitulum
1345 4266 1636 4331 Ecclesie
1684 4267 2097 4332 bononiensis
2144 4273 2210 4331 et
2255 4267 2611 4354 predictam
2660 4267 3000 4332 ecclesiam
3046 4266 3286 4331 Montis
3333 4273 3553 4332 sancte
3599 4266 3806 4330 Marie
3870 4272 3936 4330 et
3997 4270 4313 4330 rectorem

666 4375 809 4459 ejus
870 4395 910 4438 a
976 4373 1160 4438 vobis
1223 4373 1574 4458 aggravari
1634 4380 1699 4438 et
1762 4381 2155 4459 aggravatas
2203 4382 2268 4437 et
2314 4381 2707 4459 aggravatos
2768 4394 2941 4455 esse,
2990 4373 3056 4437 in
3112 4374 3212 4437 his
3260 4373 3514 4461 scriptis
3561 4372 4007 4459 procuratorio
4054 4371 4313 4436 nomine

665 4481 1102 4568 predictorum
1149 4480 1586 4546 archidiaconi
1642 4487 1709 4545 et
1762 4480 2045 4568 Capituli
2107 4488 2172 4545 et
2232 4480 2521 4545 Ecclesie
2567 4481 3018 4564 bononiensis,
3067 4486 3133 4545 et
3178 4481 3447 4546 ecclesie
3495 4486 3715 4546 sancte
3772 4480 3979 4545 Marie
4026 4478 4314 4566 predicte

668 4596 731 4653 et
786 4588 987 4675 ipsius
1034 4588 1329 4671 rectoria,
1382 4587 1465 4652 ad
1515 4587 1752 4652 Sedem
1799 4589 2219 4674 apostolicam
2266 4588 2546 4675 appello,
2596 4595 2661 4653 et
2706 4588 3000 4675 appellos
3049 4589 3364 4653 instantes
3410 4595 3561 4675 peto
3609 4595 3675 4653 et
3722 4588 3955 4653 iterum
4003 4593 4175 4673 pete.
4226 4584 4314 4650 Et

667 4696 878 4783 ipsum
926 4695 1450 4760 archidiaconum
1496 4701 1561 4759 et
1617 4693 1989 4781 Capitulum
2035 4703 2101 4760 et
2152 4696 2613 4760 bononiensem
2657 4694 3057 4779 Ecclesiam,
3106 4702 3170 4760 et
3231 4695 3572 4761 ecclesiam
3633 4703 3853 4760 sancte
3910 4694 4118 4759 Marie
4166 4714 4311 4780 pre-

665 4802 833 4867 dicte
902 4810 966 4867 et
1043 4809 1360 4868 rectorem
1416 4803 1617 4889 ipsius
1679 4810 1743 4867 et
1801 4803 1951 4887 jura
2013 4802 2167 4867 dicti
2230 4802 2514 4890 Capituli
2575 4811 2639 4868 et
2701 4803 2988 4890 ipsarum
3045 4803 3463 4868 ecclesiarum
3526 4802 3647 4867 sub
3710 4801 4061 4889 apostolice
4126 4800 4311 4865 Sedis

663 4911 1061 4996 protectione
1102 4911 1453 4975 committO.
1486 4910 1796 4975 Porrecta
1843 4910 1967 4974 fuit
2013 4917 2078 4974 et
2126 4911 2278 4974 data
2323 4911 2392 4974 in
2438 4911 2692 4997 scriptis
2739 4933 2857 4997 per
2898 4911 3140 4975 dictum
3174 4910 3527 4997 Syndicum
3575 4910 3746 4975 dicta
3795 4908 4145 4996 appellatio
4191 4929 4309 4994 pro

665 5017 835 5081 dicto
868 5017 1126 5082 domino
1159 5017 1432 5082 Alberto
1465 5017 2006 5103 archipresbitero
2054 5018 2121 5082 in
2170 5017 2375 5082 broilo
2407 5017 2614 5082 sancti
2645 5017 2847 5082 Ysaie
2888 5017 3183 5083 Bononie
3232 5017 3352 5082 sub
3401 5039 3571 5082 anno
3616 5016 3882 5082 Domini
3927 5011 4045 5080 M?
4075 5013 4310 5080 cclxv.⁰

665 5125 1011 5190 indictione
1060 5124 1234 5209 viij„
1287 5124 1698 5210 pontificatus
1760 5124 2003 5189 domini
2064 5124 2414 5190 Clementis
2475 5146 2643 5212 pape
2691 5125 2809 5210 iiij.
2872 5146 3042 5189 anno
3098 5125 3327 5211 prim0,
3391 5124 3493 5189 die
3556 5147 3621 5188 x.
3687 5124 3984 5190 exeuntis
4048 5120 4307 5208 augusti

839 5344 943 5415 (Π
974 5339 1166 5403 Anno
1213 5337 1478 5402 Domini
1522 5334 1640 5403 M.⁰
1671 5334 1792 5403 cc.⁰
1822 5334 2030 5422 lxvi.⁰,
2078 5339 2425 5403 indictione
2477 5360 2682 5424 nona,
2732 5339 2836 5404 die
2884 5340 3109 5403 ultimo
3157 5340 3411 5424 martij,
3461 5338 3757 5403 dominus
3803 5337 4179 5401 Bernardus
4226 5335 4306 5400 de

664 5446 984 5521 Querceto
1031 5444 1446 5510 bononiensis
1502 5446 1868 5529 canonicuS,
1919 5446 2292 5532 capellanus
2340 5446 2730 5510 venerabilis
2778 5447 2981 5532 patris
3028 5447 3271 5511 domini
3318 5446 3661 5512 Octaviani
3707 5450 3927 5509 sancte
3973 5443 4180 5508 Marie
4238 5443 4304 5505 in

662 5554 769 5617 via
813 5552 982 5617 Lata
1040 5552 1294 5617 diaconi
1349 5551 1735 5636 cardinalia,
1781 5559 1993 5618 rector
2038 5553 2306 5618 ecclesie
2369 5559 2590 5618 sancte
2645 5553 2854 5618 Marie
2901 5554 2980 5617 (19
3036 5553 3486 5637 Monteovalo,
3535 5552 3948 5617 bononiensis
3996 5549 4303 5633 (11999919,

660 5661 799 5725 vice
848 5668 914 5724 et
962 5660 1220 5725 nomine
1270 5660 1471 5747 ipsius
1513 5660 1803 5744 ecclesie,
1837 5659 2010 5743 fecit,
2060 5661 2389 5725 constituit
2436 5668 2501 5725 et
2549 5661 2872 5725 ordinavit
2918 5669 3112 5747 atque
3159 5662 3405 5726 creavit
3452 5661 3783 5726 dominum
3829 5660 4120 5723 Azonem
4167 5657 4304 5744 ple-

663 5767 901 5831 banum
951 5767 1029 5831 de
1081 5766 1405 5850 Centorio,
1440 5767 1794 5851 absentem,
1828 5790 2016 5832 suum
2047 5775 2530 5854 procuratorem
2576 5775 2640 5833 et
2673 5769 2979 5833 nuncium
3011 5770 3358 5856 specialem
3390 5770 3473 5833 ad
3507 5768 3850 5855 agendum,
3885 5765 4301 5848 causandum,

820 6085 898 6150 (1)
936 6085 1081 6138 Acta
1118 6102 1316 6139 causae
1359 6103 1499 6155 quae
1545 6086 1863 6140 vertebatur
1900 6088 2043 6140 inter
2079 6088 2418 6140 Bernardum
2528 6088 2585 6139 in
2636 6103 2806 6140 causa
2849 6104 2892 6140 9.
2933 6088 3151 6140 Mariae
3187 6089 3251 6140 de
3288 6089 3590 6141 Montovalo
3619 6104 3727 6156 pro
3764 6087 4013 6155 Capitale
4061 6094 4106 6139 et
4143 6103 4301 6140 cano·

658 6173 724 6226 de
783 6173 1055 6235 Querceto
1113 6180 1169 6228 et
1223 6177 1478 6228 comitem
1528 6176 1751 6243 Panici,
1789 6178 2138 6230 continentur
2193 6178 2246 6229 in
2298 6181 2421 6230 octo
2530 6178 2651 6229 nico
2690 6179 2863 6244 τ’]οθίιιε
2895 6178 3141 6229 eeclesiae
3174 6183 3390 6242 recten,
3415 6183 3602 6229 contra
3625 6177 3970 6229 Jacobutium
4007 6177 4182 6243 filium
4215 6193 4301 6230 co·

660 6263 994 6317 membranis
1032 6264 1266 6318 invicem
1305 6265 1563 6318 consutis.
1602 6266 1787 6319 Pauca
1824 6271 2011 6319 autem
2051 6283 2119 6319 ex
2144 6267 2210 6319 iis
2237 6283 2426 6320 excer-
2535 6269 2685 6319 mitis
2710 6266 3075 6333 Mayht'nardi
3108 6268 3173 6319 de
3207 6267 3428 6332 Punico,
3452 6269 3542 6318 rui
3555 6269 3834 6334 provisum
3859 6268 4044 6333 fuerat
4069 6268 4133 6319 de
4158 6267 4300 6318 dicta

657 6354 885 6422 psimus,
923 6370 1063 6423 quae
1101 6354 1191 6408 hic
1231 6354 1576 6408 exhibentur.
2535 6359 2753 6411 eccle-sia
2790 6374 2897 6424 per
2932 6358 3162 6424 Ieyatum
3202 6358 3356 6409 Sedis
3392 6357 3708 6425 apostolicae
3756 6357 3822 6409 de
3867 6374 4013 6409 anno
4050 6358 4301 6420 Meda-a,

820 6441 1038 6495 Primae
1078 6446 1263 6496 autem
1299 6444 1652 6497 membranae
1690 6461 1725 6497 a
1762 6449 1916 6515 tergo
1954 6446 2183 6516 legitur:
2219 6464 2248 6499 α
2284 6447 2430 6500 Pare
2535 6449 2630 6516 qm·
2663 6448 2773 6513 fuit
2801 6448 3022 6514 primus
3060 6446 3345 6499 Clementis
3380 6449 3569 6514 quarti
3600 6461 3777 6513 papae
3815 6465 3863 6498 ».

656 6530 918 6597 quaedam
960 6547 1234 6596 processus
1276 6535 1474 6600 ayitati
1518 6534 1718 6586 Romae
1765 6551 1947 6587 coram
1994 6542 2134 6589 certo
2178 6538 2426 6589 auditore
2693 6540 2772 6603 (2)
2814 6536 2918 6589 Sic.
