5542 7775
1236 626 1332 696 46
2804 645 3284 697 montmarin

1237 801 1557 867 Johannis
1605 809 1670 865 et
1717 823 1756 865 a
1803 801 1975 866 dicta
2022 800 2484 882 Universitate,
2533 801 2616 864 ad
2664 800 3174 865 confirmandum
3220 807 3282 865 et
3332 801 3781 866 ratificandum
3829 809 3894 866 et
3937 801 4023 865 ad
4068 802 4559 888 approbandum
4607 825 4873 891 conpro-

1240 910 1473 973 misum
1533 908 1776 973 factum
1838 930 1956 994 per
2002 908 2331 972 dominum
2377 907 2810 973 Arimundum
2864 908 3245 994 predictum,
3293 909 3692 973 Potestatem
3731 887 3921 973 'dicte
3983 917 4188 992 terre,
4237 916 4302 973 et
4349 909 4746 996 Raynerium
4793 913 4874 977 de

1239 1018 1573 1101 Albirolis,
1608 1016 1946 1103 syndicum
1993 1016 2147 1081 dicti
2194 1016 2499 1081 Comunis
2546 1038 2629 1080 ex
2674 1037 2806 1080 una
2853 1025 3058 1102 parte,
3104 1016 3357 1080 nomine
3406 1016 3559 1080 dicti
3607 1016 3912 1081 Comanis
3960 1024 4023 1081 et
4069 1017 4311 1082 dictum
4358 1018 4686 1083 dominum
4735 1020 4873 1086 Cir-

1238 1148 1481 1209 sacum,
1530 1124 1967 1189 venerabilem
2013 1124 2315 1188 abbatem
2361 1124 2738 1209 monasterij
2791 1124 3242 1206 nonantulani,
3292 1131 3358 1188 et
3398 1146 3437 1187 a
3484 1124 3763 1211 dompno
3809 1124 4081 1209 Pagano
4136 1125 4402 1211 syndico
4450 1126 4604 1190 dicti
4651 1149 4870 1192 mona-

1237 1233 1417 1316 sterij
1464 1253 1549 1296 ex
1595 1232 1745 1314 alia,
1779 1230 2036 1295 nomine
2083 1230 2236 1294 dicti
2282 1230 2680 1314 monasterij,
2724 1230 2969 1294 factum
3016 1230 3082 1294 in
3127 1229 3420 1295 dominos
3465 1228 3904 1316 Bonapartem
3936 1237 4001 1295 et
4044 1229 4544 1316 Sinenominem,
4577 1232 4872 1298 doctores

1236 1341 1510 1426 Legum,
1544 1346 1614 1404 ut
1649 1346 1919 1426 apparet
1951 1338 2030 1402 de
2065 1338 2404 1424 syndicatu
2452 1360 2535 1403 ex
2584 1339 3008 1402 instrumento
3055 1338 3293 1424 scripto
3341 1359 3534 1402 manu
3567 1337 3829 1422 Virgilij
3871 1338 3951 1402 de
3982 1338 4296 1404 Albirolis
4330 1341 4583 1422 notarii,
4612 1342 4686 1426 ju
4724 1363 4870 1427 pre-

1236 1447 1445 1512 sentia
1494 1446 1809 1511 dictorum
1855 1446 2117 1510 testium
2163 1453 2229 1509 et
2275 1445 2590 1509 dictorum
2634 1445 2949 1509 arbitrum
2995 1453 3059 1509 et
3100 1446 3560 1509 arbitratorum
3592 1453 3657 1508 et
3689 1445 3842 1509 dicti
3874 1445 4137 1532 dompni
4169 1446 4587 1530 Lanfranchi,
4621 1447 4870 1533 syndici

1235 1555 1389 1619 dicti
1435 1553 1832 1638 monasterij,
1867 1552 2230 1635 ratificavit,
2265 1552 2605 1639 aprobavit
2651 1560 2716 1616 et
2763 1552 3166 1617 confirmavit
3213 1552 3469 1616 nomine
3518 1551 3672 1616 dicti
3719 1551 4024 1617 Comunis
4057 1561 4122 1617 et
4162 1554 4357 1618 totius
4391 1554 4869 1639 Universitatis,

1235 1661 1710 1748 conpromisum
1757 1660 2000 1725 factum
2047 1660 2114 1724 in
2158 1659 2481 1747 predictos
2527 1658 2842 1741 dominos,
2875 1680 3069 1745 super
3116 1659 3469 1745 questione,
3503 1678 3628 1743 que
3675 1658 3947 1723 vertitur
3992 1658 4160 1723 inter
4190 1660 4548 1746 predictum
4582 1661 4869 1726 Comune

1234 1790 1318 1833 ex
1364 1790 1495 1833 una
1541 1774 1746 1854 parte,
1794 1774 1859 1832 et
1904 1768 2147 1832 dictum
2192 1767 2652 1831 monasterium
2700 1787 2784 1830 ex
2831 1766 2989 1848 alia,
3041 1772 3112 1829 ut
3155 1773 3381 1852 aparet
3426 1766 3506 1830 (10
3554 1767 3958 1853 conpromiso
4006 1766 4244 1852 scripto
4291 1789 4486 1832 manu
4533 1769 4662 1832 mei
4707 1769 4866 1833 Ala-

1234 1875 1457 1940 manni
1501 1874 1739 1939 notarii
1778 1873 2200 1960 jnfrascripti,
2249 1881 2313 1938 et
2360 1872 2520 1937 illud
2567 1873 3042 1959 conpromisum
3090 1879 3154 1936 et
3203 1873 3416 1938 omnia
3465 1894 3587 1958 que
3637 1872 3700 1937 10
3749 1873 3920 1937 dicto
3976 1874 4379 1959 conpromiso
4441 1876 4868 1959 continentur,

1234 1984 1375 2048 vult
1420 1982 1661 2047 habere
1708 1982 1904 2047 robur
1949 1989 2015 2045 et
2059 1980 2465 2067 plenisimam
2513 1980 2919 2064 firmitatem3
2966 1987 3031 2045 et
3078 2001 3298 2045 omnes
3346 1980 3768 2066 promisiones
3829 1980 4036 2044 factas
4097 1980 4401 2067 predictis
4449 1982 4707 2046 arbitris
4753 2004 4870 2047 seu

1233 2089 1729 2155 arbitrator-ibus
1777 2096 1841 2153 et
1886 2088 2082 2153 etiam
2125 2087 2416 2174 predicto
2461 2088 2741 2174 dompno
2790 2088 3062 2173 Pagano
3110 2087 3354 2152 sindico
3403 2094 3466 2152 et
3513 2087 3734 2152 abbati
3784 2087 4045 2152 Cirsaco
4092 2087 4400 2174 predict0.

1412 2196 1500 2261 Et
1545 2218 1667 2282 ego
1712 2197 2118 2261 Alamannus
2165 2194 2243 2259 de
2285 2194 2606 2278 Floranis,
2641 2195 3024 2259 auctoritate
3058 2194 3377 2280 imperiali
3414 2194 3742 2277 Notarius,
3775 2194 3876 2259 his
3909 2195 4205 2259 omnibus
4238 2195 4520 2279 interfui,
4554 2203 4619 2260 et
4651 2219 4688 2260 a
4722 2219 4865 2283 pre-

1233 2305 1419 2369 dictis
1466 2303 2049 2391 conpromisoribus
2095 2310 2160 2367 et
2206 2302 2659 2388 fidejusoribus
2705 2309 2771 2367 et
2817 2302 3077 2366 arbitris
3123 2324 3237 2366 seu
3284 2302 3776 2366 arbitratoribus
3825 2310 4090 2387 rogatus
4137 2303 4447 2384 seribere,
4495 2305 4755 2391 scripsi,
4803 2314 4868 2369 et

1233 2433 1334 2476 me
1381 2411 1753 2497 subscripsi.

1409 2518 1489 2583 In
1543 2518 1802 2583 nomine
1862 2515 2081 2581 Patris
2144 2524 2209 2580 et
2254 2516 2408 2602 Filij
2471 2525 2535 2581 et
2602 2517 2881 2603 Spiritus
2945 2516 3200 2598 Sancti,
3250 2537 3458 2580 amen.
3505 2516 3612 2580 Ad
3674 2516 3986 2580 honorem
4031 2515 4156 2580 Dei
4214 2524 4277 2581 et
4323 2515 4528 2582 Beate
4575 2517 4866 2604 Virginis

1230 2626 1468 2708 Marie,
1514 2647 1632 2690 nos
1676 2625 2018 2710 Bonapars
2067 2631 2132 2689 et
2191 2623 2619 2706 Sinenomen,
2668 2624 2963 2688 doctores
3024 2623 3310 2709 Legum,
3370 2622 3595 2686 arbitri
3657 2630 3722 2687 et
3783 2624 4202 2687 arbitratores
4269 2645 4384 2688 800
4448 2625 4866 2690 amichabiles

1230 2733 1723 2819 conpossitores,
1757 2731 1946 2796 electi
1990 2753 2030 2795 a
2077 2731 2356 2818 dompno
2406 2730 2666 2796 Cirsaco
2711 2731 3070 2796 venerabili
3103 2731 3338 2795 abbate
3371 2730 3746 2815 monasterij
3779 2731 3985 2795 sancti
4028 2730 4325 2795 Silvestri
4356 2732 4434 2795 de
4468 2732 4864 2816 Nonantula,

1229 2861 1270 2903 a
1316 2839 1596 2925 dompno
1640 2838 1912 2924 Pagauo
1959 2838 2275 2902 monacho
2322 2845 2387 2903 et
2428 2837 2696 2924 syndico
2742 2838 2897 2902 dicti
2943 2838 3319 2921 monasterij
3353 2837 3610 2902 nomine
3644 2837 3797 2902 dicti
3831 2837 4229 2922 monasterij,
4263 2860 4347 2902 ex
4380 2860 4509 2902 una
4548 2846 4762 2925 parte,
4797 2849 4862 2904 et

1230 2967 1270 3011 a
1316 2946 1576 3011 domino
1621 2944 1981 3009 Arimundo
2028 2945 2262 3010 Jacobi
2308 2945 2387 3009 de
2432 2944 2790 3028 Bernardo,
2822 2945 3155 3009 Potestate
3204 2945 3509 3010 Comunis
3555 2951 3620 3008 et
3663 2944 3992 3009 hominum
4024 2945 4228 3008 sancti
4260 2945 4578 3010 Johannis
4611 2947 4675 3010 in
4705 2947 4864 3011 Per-

1226 3054 1457 3138 xixetj,
1491 3059 1556 3116 et
1601 3074 1641 3116 a
1686 3052 2014 3139 Rayuerio
2063 3052 2142 3116 de
2190 3051 2521 3135 Albirolis,
2555 3051 2822 3138 syndico
2867 3052 3022 3116 dicti
3070 3051 3394 3134 Comnnis‚
3431 3073 3512 3115 ex
3553 3052 3780 3134 altera,
3817 3052 4070 3116 nomine
4118 3052 4271 3116 dicti
4319 3052 4623 3117 Comunis
4669 3076 4865 3140 super

1230 3161 1340 3225 lite
1387 3167 1453 3224 et
1498 3159 1958 3242 controversia,
1993 3180 2117 3246 que
2165 3160 2334 3223 inter
2378 3180 2489 3223 eos
2535 3158 2930 3242 vertebatur,
2963 3166 3156 3244 prout
3202 3159 3563 3223 continetur
3609 3158 3674 3221 in
3723 3158 4126 3244 conpromiso
4174 3159 4411 3245 scripto
4459 3182 4657 3224 manu
4702 3161 4862 3226 Aja-

1228 3268 1447 3331 manni
1493 3267 1574 3331 de
1619 3266 1940 3349 Floranis,
1974 3266 2210 3350 notarij
2253 3266 2423 3330 infra
2469 3266 2711 3353 scripti,
2751 3266 3067 3330 habentes
3113 3265 3372 3351 plenam
3419 3272 3485 3330 et
3531 3265 3804 3329 liberam
3848 3273 4254 3352 potestatem,
4289 3289 4374 3332 ex
4404 3268 4470 3331 vi
4510 3267 4663 3332 dicti
4710 3290 4861 3333 con-

1226 3374 1513 3462 promisi,
1562 3373 2042 3460 pronuntiandi,
2089 3373 2420 3457 laudandi,
2466 3373 2921 3456 sententiandi,
2971 3372 3362 3458 ajudicandi,
3410 3372 3741 3436 dividendi
3787 3381 3920 3437 tam
3980 3395 4175 3460 super
4217 3375 4620 3460 possessione
4669 3398 4864 3463 quam

1224 3482 1620 3570 proprietate
1682 3488 1748 3546 et
1806 3480 2088 3546 dominio
2149 3481 2292 3566 ejus
2353 3480 2550 3545 totius
2596 3480 2890 3566 poderis,
2940 3479 3112 3566 quod
3169 3479 3234 3543 in
3280 3479 3450 3543 dicto
3514 3480 3918 3566 conpromiso
3966 3480 4347 3565 continetur,
4396 3482 4476 3546 de
4522 3505 4648 3568 quo
4696 3484 4862 3548 inter

1222 3590 1546 3678 predictos
1592 3589 1672 3654 lis
1720 3596 1785 3654 et
1832 3589 2081 3675 questio
2143 3589 2538 3670 vertebatur,
2588 3588 2813 3652 habita
2860 3588 3157 3674 diligenti
3202 3586 3703 3670 deliberatione,
3751 3597 3816 3652 ct
3862 3589 4002 3653 loco
4048 3589 4178 3654 litis
4235 3589 4466 3654 visioni
4529 3593 4861 3657 oculorum

1095 3745 1107 3755 .
1225 3697 1539 3783 subjecto,
1587 3718 1704 3783 pro
1752 3696 1921 3761 bono
1968 3695 2151 3782 pacis
2193 3702 2258 3760 et
2305 3695 2664 3778 concordie,
2714 3695 3020 3778 dicimus,
3071 3695 3410 3759 laudamus
3457 3701 3522 3759 et
3566 3696 3976 3779 arbitramur,
4024 3703 4090 3760 et
4134 3697 4604 3761 amichabilitcr
4651 3698 4862 3786 dispo-

1223 3805 1433 3871 nendo
1479 3804 1992 3893 pronuntiamus,
2026 3802 2197 3889 quod
2243 3802 2451 3867 dictus
2496 3802 2864 3890 Raynerius
2913 3802 2991 3867 de
3035 3803 3369 3887 Albirolis,
3404 3802 3707 3889 syndicus
3748 3802 3902 3866 dicti
3944 3803 4249 3868 Comanis
4281 3805 4486 3869 sancti
4518 3805 4560 3870 J
4565 3806 4859 3892 ohannis,

1224 3915 1481 3979 nomine
1528 3912 1682 3977 dicti
1729 3911 2053 3994 Comnnis‚
2103 3918 2168 3976 et
2214 3911 2424 3997 ipsum
2473 3911 2794 3994 Comune,
2843 3909 3083 3975 habeat
3130 3918 3195 3975 et
3240 3919 3458 3975 teneat
3506 3918 3571 3975 et
3617 3911 3808 3997 pleno
3848 3912 3995 3993 jure
4044 3912 4370 3998 possideat
4414 3913 4698 3979 ractione
4747 3915 4859 3980 do-

1224 4020 1406 4106 minij
1454 4025 1520 4084 et
1564 4018 2010 4106 proprietatis,
2058 4018 2196 4081 sine
2262 4018 2723 4103 inquietatione
2772 4017 3017 4104 alliqua
3066 4039 3106 4081 a
3152 4017 3435 4104 capitulo
3497 4039 3613 4081 seu
3675 4018 4063 4083 monasterio
4123 4020 4564 4085 nonantulano
4625 4022 4860 4108 imper-

1222 4136 1491 4215 petuum
1537 4125 1835 4190 facienda
1879 4124 2050 4189 dicto
2098 4124 2400 4208 Comuni,
2448 4146 2636 4189 omne
2696 4124 2763 4188 id
2826 4124 2997 4211 quod
3061 4131 3160 4188 est
3221 4146 3260 4188 a
3326 4132 3583 4189 centnm
3643 4125 3942 4189 undecim
4002 4125 4261 4212 perticis
4322 4149 4556 4213 supra,
4618 4150 4856 4215 conpu-

1222 4234 1376 4298 tatis
1424 4239 1490 4297 et
1536 4232 1814 4297 asazatis
1861 4231 1945 4295 ad
1993 4231 2305 4317 perticam
2350 4252 2467 4295 sex
2512 4231 2900 4314 braziorum,
2949 4231 3031 4294 ab
3089 4230 3362 4295 eeclesia
3423 4237 3644 4295 sancte
3706 4230 3913 4296 Maris
3966 4231 4046 4297 de
4092 4232 4330 4316 Portu,
4378 4233 4589 4299 eundo
4635 4256 4861 4300 versus

1224 4362 1480 4405 sursum
1527 4340 1804 4421 directo,
1855 4337 2025 4402 intra
2070 4337 2338 4402 limitem
2384 4338 2462 4403 de
2509 4339 2707 4403 curtis
2756 4360 2796 4402 a
2843 4359 3067 4421 mane,
3117 4344 3182 4402 et
3228 4337 3496 4402 limitem
3543 4337 3623 4402 de
3668 4338 3877 4403 Ponte
3924 4339 4119 4424 longo
4166 4361 4206 4403 a
4254 4361 4426 4423 sero,
4476 4348 4540 4405 et
4587 4342 4853 4429 incipiat

1224 4448 1396 4513 dicta
1442 4445 1836 4511 mensuratio
1884 4466 2081 4532 supra
2127 4445 2321 4528 viam,
2353 4466 2477 4531 que
2525 4452 2623 4510 est
2657 4447 2851 4530 juxta
2881 4446 3120 4510 dictam
3150 4446 3489 4511 ecclesiam
3522 4467 3638 4532 per
3669 4446 3950 4532 quinque
3983 4446 4260 4532 perticas
4307 4469 4346 4511 a
4395 4448 4596 4513 latere
4641 4471 4851 4533 mane,

1216 4560 1282 4619 et
1328 4553 1625 4640 conpleta
1685 4560 1750 4617 et
1829 4551 2003 4617 facta
2046 4552 2522 4616 mensuratione
2571 4559 2829 4616 centum
2875 4553 3172 4617 undecim
3217 4553 3608 4640 perticarum
3656 4574 3878 4617 versus
3926 4575 4216 4637 sursum,
4264 4554 4492 4619 damus
4556 4563 4620 4620 et
4676 4556 4857 4621 adiu-

1222 4662 1511 4726 dicamus
1557 4660 1848 4748 predicto
1895 4660 2161 4746 syndico
2208 4659 2413 4724 sancti
2461 4659 2782 4725 Johannis
2828 4667 2894 4725 et
2938 4661 3063 4747 ipsi
3109 4660 3382 4725 Comuni
3433 4683 3620 4726 omne
3661 4662 3735 4746 jd
3801 4661 3971 4747 quod
4018 4668 4116 4725 est
4162 4662 4245 4725 ab
4292 4662 4402 4727 illo
4451 4663 4590 4727 loco
4638 4686 4855 4750 supra,

1220 4768 1433 4834 cundo
1480 4768 1725 4833 directo
1773 4767 1856 4831 ad
1903 4767 2084 4831 filum
2130 4788 2354 4831 versus
2401 4788 2621 4849 mane,
2669 4788 2711 4831 a
2756 4767 2959 4832 limite
3007 4767 3086 4831 de
3133 4774 3328 4854 ponte
3376 4768 3571 4853 longo
3629 4790 3831 4855 usque
3878 4768 3961 4831 ad
4008 4768 4402 4833 limitem-de
4451 4771 4685 4853 curtis;
4734 4772 4854 4837 1100

1229 4879 1412 4943 salvo
1459 4876 1629 4963 quod
1675 4875 1868 4940 liceat
1920 4882 1985 4941 et
2032 4875 2266 4940 debeat
2308 4873 2605 4940 dominus
2651 4875 2878 4940 Abbas
2922 4875 3268 4961 predictus,
3302 4884 3366 4940 et
3412 4877 3554 4961 ejus
3600 4876 3903 4961 syndicus
3935 4877 4191 4940 nomine
4227 4877 4425 4962 ipsius
4458 4881 4853 4964 monasterij,

1224 4993 1289 5051 et
1335 4986 1545 5071 ipsum
1590 4982 2072 5065 monasterium,
2121 4981 2403 5047 incidere
2450 5003 2566 5047 seu
2613 4981 2810 5046 incidi
2855 4981 3091 5066 facere,
3126 4989 3191 5047 et
3236 4983 3541 5047 incissum
3587 4983 3814 5048 tollere
3869 4992 3933 5047 et
3972 4992 4351 5070 exsportare
4381 4985 4546 5049 hinc
4594 4986 4676 5050 ad
4722 4994 4853 5052 tres

1224 5114 1428 5158 annos
1474 5090 1805 5178 proximos
1850 5096 2157 5155 venturos
2204 5110 2391 5154 omne
2438 5089 2789 5175 lignamen,
2824 5089 2993 5176 quod
3042 5097 3212 5154 esset
3258 5089 3427 5155 infra
3473 5091 3676 5154 dictos
3721 5091 3956 5155 limites
4003 5090 4068 5155 in
4116 5097 4398 5178 sparata,
4434 5114 4557 5178 que
4596 5100 4712 5176 est,
4747 5095 4852 5159 vel

1224 5201 1547 5265 diceretur
1594 5219 1755 5280 esse,
1802 5196 1958 5261 dicti
2003 5196 2246 5262 domini
2291 5196 2569 5261 Abbatis
2602 5197 2705 5261 vel
2752 5197 3128 5282 monasterij
3176 5197 3484 5284 predicti3
3519 5205 3584 5261 et
3629 5198 4016 5284 precipimus
4056 5197 4297 5263 dictum
4329 5198 4615 5264 Comune
4648 5203 4852 5266 sancti

1221 5307 1541 5374 Johannis
1598 5327 1727 5371 non
1785 5304 2022 5370 debere
2078 5304 2437 5389 inquietare
2498 5325 2612 5368 seu
2672 5304 3018 5369 molestare
3077 5304 3320 5369 dictum
3365 5304 3691 5369 Abbatem
3751 5327 3865 5369 seu
3928 5305 4169 5370 dictum
4231 5305 4567 5391 syndicum
4628 5308 4694 5371 in
4755 5307 4853 5373 in-

1223 5415 1496 5481 cissione
1544 5420 1611 5478 et
1655 5411 2104 5499 exportatione
2152 5411 2307 5476 dicti
2352 5411 2752 5497 lignaminis3
2786 5419 2852 5475 et
2896 5412 3284 5499 precipimus
3333 5412 3503 5498 quod
3542 5411 3784 5476 dictum
3817 5411 4103 5477 Comune
4136 5413 4343 5476 sancti
4372 5413 4415 5478 J
4420 5413 4691 5478 ohannis
4723 5437 4852 5480 non

1222 5523 1458 5588 debeat
1502 5521 1882 5587 buschizare
1927 5520 2035 5584 vel
2078 5518 2443 5583 buschizari
2488 5520 2702 5583 facere
2749 5519 2990 5584 dictam
3034 5526 3398 5606 sparatam,
3448 5541 3572 5604 que
3621 5526 3719 5583 est
3764 5519 3934 5583 infra
3979 5519 4182 5584 dictos
4236 5520 4472 5584 limites
4520 5543 4721 5607 usque
4768 5524 4850 5588 ad

1219 5630 1462 5694 dictum
1508 5627 1872 5709 terminum,
1916 5646 2249 5712 quousque
2290 5625 2532 5689 dictum
2578 5625 2908 5711 lignamen
2955 5647 3071 5712 per
3118 5626 3360 5690 dictum
3406 5625 3751 5709 Abbatem,
3785 5625 3892 5690 vel
3938 5627 4079 5711 ejus
4127 5626 4462 5712 syndicum
4493 5628 4597 5693 vel
4630 5630 4850 5714 alium,

1219 5734 1476 5801 nomine
1523 5733 1679 5798 dicti
1724 5731 2121 5817 monasterij,
2169 5732 2573 5817 integraliter
2619 5732 2816 5797 fuerit
2862 5739 3328 5818 exsportatum.

1398 5843 1566 5907 Item
1610 5839 2000 5928 precipimus
2049 5839 2221 5925 quod
2266 5839 2591 5925 predictus
2638 5839 2934 5904 dominus
2980 5840 3207 5905 Abbas
3253 5847 3319 5904 et
3363 5840 3668 5926 syndicus
3714 5840 3915 5927 ipsius
3963 5841 4358 5926 monast-erij,
4392 5842 4649 5907 nomine
4697 5843 4851 5908 dicti

1217 5949 1616 6033 monasterij,
1650 5954 1715 6012 et
1762 5948 1974 6033 ipsum
2021 5946 2504 6027 monasterium,
2554 5967 2682 6009 non
2729 5945 2964 6011 debeat
3010 5947 3369 6033 inquietare
3414 5947 3479 6011 in
3527 5947 3828 6029 domini0,
3863 5947 4254 6034 proprietate
4288 5968 4400 6011 seu
4449 5950 4851 6034 possessione

1215 6058 1459 6122 dictum
1506 6055 1792 6120 Comune
1839 6053 2047 6118 sancti
2091 6052 2411 6118 Johannis
2458 6053 2523 6116 in
2569 6074 2680 6136 e0,
2716 6053 2895 6139 'quod
2942 6054 3311 6140 supradicto
3361 6054 3634 6119 Comuni
3680 6054 4143 6138 concessimus,
4187 6076 4300 6119 seu
4349 6055 4848 6141 aiudicavimus,

1213 6166 1321 6230 vel
1367 6165 1434 6228 in
1483 6163 1703 6250 aliqua
1746 6169 1932 6249 parte
1979 6162 2143 6246 ejus.

1396 6273 1565 6337 Item
1609 6270 1949 6334 laudamus
2015 6274 2080 6334 et
2134 6268 2626 6355 pronuntiamus
2689 6275 2754 6334 et
2808 6268 3121 6352 dicimus„
3147 6276 3213 6333 et
3259 6268 3731 6333 amichabiliter
3775 6267 4173 6354 disponendo
4221 6268 4631 6353 arbitramur,
4680 6270 4849 6357 quod

1215 6382 1423 6446 dictus
1485 6377 1780 6443 dominus
1835 6376 2063 6442 Abbas
2124 6384 2189 6440 et
2236 6375 2551 6462 dompnus
2611 6375 3019 6441 Lanfrancus
3085 6375 3389 6462 syndicus
3436 6375 3590 6440 dicti
3633 6375 4046 6460 monasterij,
4094 6375 4351 6441 nomine
4400 6382 4465 6439 et
4511 6376 4649 6440 vice
4697 6377 4849 6441 dicti

1213 6486 1615 6571 monasterij,
1663 6492 1727 6550 et
1774 6485 1984 6572 ipsum
2031 6483 2513 6568 monasterium,
2560 6484 2803 6549 habeat
2847 6491 2913 6549 et
2958 6490 3177 6549 teneat
3241 6490 3305 6548 et
3358 6484 3551 6570 pleno
3607 6483 3755 6568 jure
3802 6482 4130 6569 possideat
4175 6482 4424 6547 ratione
4472 6483 4737 6569 dominij
4784 6491 4850 6548 et
