5542 7775
2065 668 2229 718 mn.
2293 668 2437 718 ew.
2498 668 2592 717 Etr
2652 667 2820 717 CAN.
2880 667 3096 718 paor.
4234 644 4384 715 349

972 826 1072 898 II.
1137 824 1509 898 MCGCX.
1570 824 1770 896 Inter
1844 848 1964 896 eos
2030 825 2149 920 qui
2220 823 2649 897 cardinalem
2724 822 3153 918 Pelagruam
3220 823 3717 917 decedentem,
3777 822 4065 896 honoris
4141 846 4393 895 caussa

761 951 1075 1024 comitati
1134 959 1322 1044 sunt,
1365 949 1499 1021 fuit
1547 949 2035 1042 Macagnanus
2093 949 2178 1021 de
2236 948 2691 1043 AzzoguidiS.
2752 947 2933 1019 Cum
2989 957 3226 1020 autem
3286 947 3382 1020 ibi
3441 972 3665 1043 neque
3723 956 3929 1044 pater
3982 946 4193 1020 huius
4230 946 4389 1020 Ma-

760 1076 1064 1171 cagnani
1119 1075 1544 1168 nominetur,
1604 1097 1832 1169 neque
1892 1074 2037 1171 ipse
2095 1073 2327 1146 doctor
2382 1073 2682 1168 dicatur,
2747 1073 2996 1144 merito
3055 1081 3286 1169 potest
3340 1072 3671 1167 dubitari,
3714 1081 3952 1144 utrum
4011 1073 4097 1146 de
4154 1073 4254 1168 I.,
4297 1098 4390 1146 an

761 1200 849 1272 de
907 1200 1002 1273 II.
1046 1225 1276 1273 sermo
1333 1200 1446 1272 sit.
1510 1197 2037 1292 GhirardatiUS,
2097 1206 2146 1270 t.
2191 1198 2292 1292 1.,
2337 1223 2498 1296 pag.
2545 1201 2721 1292 545,
2772 1196 3112 1270 honorem
3168 1195 3358 1268 hunc
3414 1196 3862 1291 Macagnano
3916 1197 4016 1270 II.
4078 1198 4390 1271 tribuere

762 1325 1083 1421 videtur;
1146 1351 1308 1398 nam
1368 1324 1501 1398 etsi
1556 1325 1628 1396 in
1687 1347 1981 1421 corpore
2040 1323 2377 1397 historiae
2436 1324 2966 1422 Macayt1anum
3025 1323 3109 1394 de
3164 1322 3597 1420 Azzoquidis
3651 1322 4065 1420 simpliciter
4102 1324 4390 1420 scribat,

760 1450 865 1523 uti
919 1451 1153 1548 reipsa
1211 1451 1282 1522 in
1340 1458 1582 1523 nostro
1639 1448 2049 1522 authentico
2107 1450 2528 1523 documento
2588 1448 2930 1546 scriptum
2989 1457 3119 1542 est,
3160 1455 3399 1520 tamen
3455 1446 3524 1519 in
3576 1447 3803 1520 indice
3844 1448 3973 1521 sub
4011 1447 4146 1521 hoc
4184 1448 4393 1522 titulo

760 1575 1254 1674 Macaynames
1317 1574 1646 1672 Greyorii
1702 1574 1785 1646 de
1843 1573 2311 1671 AzzoyuidiS,
2366 1573 2705 1647 honorem
2780 1573 2990 1645 istum
3068 1580 3410 1668 tanquam
3468 1572 3560 1645 ad
3624 1572 3854 1670 ipsum
3920 1573 4394 1670 pertinentem

762 1700 982 1798 ponit.

973 1825 1109 1899 III.
1170 1823 1616 1918 MCCCXI.,
1659 1848 1899 1897 mense
1959 1823 2234 1896 martio.
2299 1821 2479 1895 Cum
2534 1821 2892 1894 Henricus
2950 1822 3336 1919 imperator
3391 1822 3460 1894 in
3517 1821 3731 1895 Italia
3776 1831 4207 1921 versarctur,
4250 1826 4392 1899 Bo-

757 1950 1131 2023 nonienses
1190 1957 1566 2048 postquam
1625 1949 1860 2021 omnia
1909 1973 2037 2021 sua
2093 1947 2385 2020 castella
2443 1947 2575 2019 rite
2615 1946 3046 2042 munierunt,
3089 1945 3361 2042 legatos
3400 1955 3547 2019 tres
3586 1948 3676 2019 ad
3716 1972 3957 2043 regem
3996 1949 4394 2024 Robertum

758 2076 1126 2170 miserunt,
1187 2074 1306 2170 qui
1363 2073 1589 2148 eidem
1645 2073 1840 2145 urbis
1900 2074 2421 2171 praefecturam
2479 2071 2841 2144 offerrent.
2901 2071 3067 2167 Ille,
3112 2071 3405 2144 laudata
3461 2073 3731 2169 optima
3797 2098 3968 2168 erga
4023 2098 4097 2147 se
4153 2074 4391 2149 Bono-

760 2200 1106 2273 niensium
1163 2199 1557 2294 voluntate,
1602 2198 2121 2295 praefecturam
2180 2207 2443 2292 tamen,
2492 2196 2933 2292 gravissimis
2989 2196 3143 2269 aliis
3196 2197 3499 2292 negotiis
3556 2207 3967 2296 occupatus,
4006 2200 4388 2275 recusavit.

757 2324 1077 2397 Fuerunt
1134 2324 1351 2418 legati
1406 2323 1894 2418 Macagnanus
1944 2322 2029 2396 de
2088 2321 2520 2417 Azzoguidis
2577 2322 2804 2418 layum
2845 2321 3096 2417 doctor,
3133 2321 3505 2419 Bonapars
3544 2322 3844 2396 Joannis
3884 2324 3969 2396 de
4009 2324 4394 2399 Ulmedula

760 2458 832 2523 et
887 2449 1255 2523 Rolandus
1313 2448 1650 2521 Casottus
1681 2445 1781 2520 (¹).
1842 2448 2023 2520 Rem
2080 2447 2286 2540 hanc,
2332 2449 2420 2520 ob
2478 2471 2563 2520 ea
2621 2470 2802 2542 quae
2859 2470 3077 2543 supra
3132 2447 3281 2520 dixi
3335 2448 3375 2541 ξ
3431 2447 3517 2542 I.,
3559 2447 3650 2520 ad
3704 2448 4231 2544 Macagnanum
4286 2451 4388 2525 II.

760 2574 1115 2671 pertinere
1175 2583 1369 2669 put0.

973 2697 1105 2771 IV.
1164 2696 1649 2792 MCCCXII.,
1708 2696 1844 2768 III.
1908 2697 2236 2769 octobris,
2295 2696 2677 2791 Eliguntur
2734 2696 3105 2793 Sapientes
3159 2697 3381 2792 XX.,
3437 2698 3690 2792 quibus
3749 2722 3890 2770 una
3948 2723 4107 2771 cum
4164 2700 4388 2796 magi-

758 2824 1102 2896 stratibus
1158 2822 1518 2918 negotium
1576 2822 1787 2895 datur
1843 2821 2317 2894 constituendi
2374 2822 2715 2918 quidquid
2770 2822 3107 2920 expedire
3164 2821 3633 2895 iudicaverint
3689 2847 3816 2920 pro
3885 2825 4391 2921 recuperandis

758 2947 963 3021 bonis
1021 2946 1433 3020 Communis
1488 2945 1877 3042 Bononiae,
1929 2944 2320 3040 colligenda
2379 2947 2702 3042 pecunia,
2764 2946 3161 3018 reficiendis
3216 2945 3598 3042 fortalitiis,
3659 2946 3996 3021 solvendo
4053 2949 4394 3024 militibus

759 3072 1111 3170 stipendio
1170 3071 1537 3145 occasione
1595 3072 1785 3144 vitae
1843 3080 1913 3143 et
1971 3094 2342 3168 processus
2399 3071 2588 3165 regis
2643 3071 3128 3145 Romanorum
3186 3072 3475 3168 eiusque
3542 3073 3952 3168 sequacium
4023 3073 4396 3149 rebellium

759 3207 1052 3271 sanctae
1112 3220 1447 3269 romanae
1502 3195 1914 3270 Ecclesiae:

2256 3320 2372 3393 Er
2426 3320 2614 3393 tribu
2678 3321 2890 3395 Piera

1777 3447 2269 3542 Macagnanus
2324 3445 2411 3518 de
2469 3447 2925 3542 Azzoguidis,
2985 3447 3219 3543 legum
3279 3447 3549 3542 doctor,

1775 3572 2199 3645 Franciscus
2257 3573 2342 3644 de
2399 3572 2644 3668 Gatto,
2706 3573 2944 3646 iudeX.

2373 3698 2491 3772 Ex
2550 3698 2786 3771 Stz‘era

1778 3825 2139 3898 Romaeus
2194 3825 2532 3924 PepuluS.

2368 3951 2801 4050 Raveynana

1774 4076 2034 4273 {etrus
2209 4138 2295 4211 de
2352 4137 2855 4233 LambertiniS,

1842 4226 2070 4296 ganus

1777 4326 2226 4400 Gozzadinus
2285 4327 2371 4399 de
2429 4325 2879 4399 Gozzadinis.

970 4453 1205 4525 Etiam
1264 4451 1439 4524 haec
1498 4453 1587 4524 ad
1646 4452 2171 4547 Macagnanum
2230 4451 2325 4525 II.
2386 4450 2694 4524 arbitror
2750 4450 3130 4548 pertinere,
3190 4474 3357 4522 nam
3414 4451 3673 4524 dicitur
3727 4450 3975 4525 doctor
4004 4449 4105 4526 (2).

971 4577 1151 4650 Cum
1206 4577 1564 4650 Henricus
1628 4578 1794 4650 VII.
1858 4586 2016 4674 post
2071 4586 2436 4674 acceptam
2496 4576 2768 4649 Romae
2829 4600 3159 4649 coronam
3219 4575 3533 4672 Imperii,
3594 4601 3637 4648 a
3694 4577 4013 4675 profugis
4068 4578 4393 4652 Etruscis

753 4705 1140 4777 accersitus
1180 4704 1617 4777 Florentiam
1657 4704 2036 4799 obsideret,
2078 4704 2249 4776 socii
2305 4727 2547 4777 omnes
2602 4702 3179 4776 Florentinorum
3219 4701 3487 4775 auxilia
3541 4702 3714 4799 ipsis
3764 4703 4106 4775 miseiunt
4145 4712 4396 4777 contra

753 4828 1187 4925 Henricum,
1247 4829 1664 4901 nominatim
1723 4854 1891 4902 vero
1947 4828 2432 4902 Bononienses
2488 4828 2762 4926 equites
2820 4827 2970 4902 OD.
3033 4835 3105 4900 et
3159 4827 3433 4926 pedites
3488 4828 3587 4900 M.
3623 4824 3701 4889 (3)
3747 4827 3883 4901 His
3939 4827 4157 4923 igitur
4211 4828 4394 4900 mili-

754 4955 944 5028 tibus
998 4964 1079 5027 ut
1136 4954 1513 5027 satisfieret
1569 4954 1831 5027 electos
1887 4955 2197 5027 arbitror
2252 4954 2625 5052 Sapientes
2680 4955 2767 5027 de
2825 4954 3079 5050 quibus
3135 4952 3205 5025 in
3263 4953 3397 5026 hoc
3456 4954 3945 5027 instrumento.

972 5079 1065 5153 V.
1126 5078 1605 5175 MCCCXV.,
1651 5079 2016 5152 XXVIII.
2078 5080 2409 5153 octobriS.
2468 5079 2762 5174 Eligunt
2818 5079 3127 5152 Anziani
3196 5077 3584 5151 Consilium
3663 5078 4078 5176 Sapientum
4144 5080 4274 5176 L.,
4322 5088 4396 5155 et

759 5204 1189 5302 Capitaneos
1250 5229 1508 5299 magno
1567 5228 1883 5277 numero.
1945 5204 2029 5276 In
2098 5203 2207 5277 his
2286 5205 2662 5302 postremis
2736 5203 2872 5276 fuit
2942 5203 3434 5299 Macagnanus
3509 5204 3999 5300 Azzoguidus:
4058 5205 4178 5303 qui
4234 5230 4396 5278 cum

757 5329 1005 5402 doctor
1059 5354 1199 5402 non
1258 5329 1560 5403 dicatur.
1621 5330 1923 5402 fortasse
1983 5330 2116 5402 fuit
2172 5329 2232 5402 I.
2265 5328 2344 5390 (4)

976 5452 1104 5525 VI.
1167 5451 1696 5547 MCCCXXI.,
1738 5453 1876 5526 IX.
1929 5454 2259 5526 octobris,
2322 5452 2769 5549 Macagnano
2827 5453 3072 5526 datum
3121 5453 3486 5548 negotium
3525 5478 3567 5526 a
3604 5453 4170 5527 Bononiensibus
4208 5478 4396 5527 com-

758 5579 1127 5676 ponendae
1165 5577 1307 5650 litis
1340 5576 1441 5674 (⁵),
1485 5603 1665 5675 quae
1708 5602 1833 5675 pro
1872 5578 2274 5675 represaliis
2331 5585 2488 5650 orta
2546 5588 2700 5651 erat
2756 5578 2942 5650 inter
2997 5578 3185 5675 ipsos
3243 5588 3314 5651 et
3369 5579 3711 5675 VenetOS,
3754 5587 3826 5651 et
3881 5579 4210 5676 princeps
4262 5579 4397 5653 fuit

755 5702 1128 5799 legationis
1185 5703 1273 5776 ad
1335 5703 1524 5801 ipsos
1583 5704 1900 5777 Venetos
1956 5729 2085 5801 pro
2141 5704 2449 5777 ineunda
2507 5704 2884 5777 concordia
2937 5712 3018 5776 ut
3074 5712 3354 5777 constat
3411 5730 3501 5777 ex
3564 5705 3722 5779 Lib.
3785 5704 3947 5799 Res.
3982 5702 4060 5766 (⁶)

915 6039 994 6104 (1)
1034 6038 1473 6102 Ghiraradccius,
1514 6044 1551 6089 t.
1594 6038 1657 6103 1.,
1694 6055 1820 6107 pag.
1850 6042 1972 6105 552,
2010 6055 2079 6090 ex
2118 6039 2239 6090 Lib.
2268 6039 2421 6091 Pron.
2461 6041 2517 6104 †,
2629 6040 2765 6103 lina,
2793 6040 2885 6091 ubi
2923 6041 3343 6093 instrumentum
3370 6041 3643 6106 inseritur,
3670 6039 3813 6110 quod
3849 6044 4157 6092 extractum
4197 6040 4397 6092 dicitur

754 6127 851 6179 fol.
895 6131 958 6179 12
998 6132 1053 6180 et
1094 6132 1176 6180 14.
2634 6145 2703 6181 ex
2739 6128 2911 6181 Libro
2948 6130 3067 6196 Ref.
3107 6132 3163 6195 †,
3201 6130 3297 6182 fol.
3337 6134 3423 6194 26,
3463 6133 3547 6182 27.

913 6219 992 6283 (2)
1037 6216 1176 6270 Vide
1214 6234 1354 6286 sup„
1392 6218 1420 6284 ξ
1461 6218 1505 6270 Ι.
2796 6220 2874 6285 (5)
2914 6220 2976 6271 In
3028 6219 3128 6272 1⁷51.
3169 6221 3556 6287 Azzoquidor„
3594 6220 3623 6286 ἓ
3661 6220 3737 6272 11.

916 6310 994 6373 (3)
1034 6307 1234 6359 Joann.
1261 6307 1486 6373 Villam,
1527 6308 1619 6360 lib.
1649 6309 1747 6361 IX.
1787 6309 2240 6377 Ghirardaccius,
2277 6315 2407 6362 tom.
2447 6311 2519 6373 1..
2789 6311 2867 6375 (6)
2910 6327 2939 6359 ι
2979 6348 2994 6361 .
3032 6347 3046 6361 .
3088 6349 3100 6362 .
3142 6310 3272 6361 Item
3300 6310 3534 6362 dominis
3563 6309 3941 6375 Machaqnano
3963 6310 4028 6360 de
4053 6309 4398 6375 Azzoyuide's,

755 6413 881 6465 pag.
920 6400 1044 6448 559.
2627 6399 2833 6451 doctori
2878 6400 3086 6466 leyum,
3121 6401 3339 6451 domino
3377 6399 3576 6451 Blaxio
3615 6398 4028 6465 Manyharacha
4085 6405 4132 6451 et
4186 6399 4402 6452 domiuo

916 6486 996 6552 (4)
1037 6485 1318 6554 Ghirard.,
1352 6493 1391 6539 t.
1419 6487 1492 6553 1.‚
1528 6489 1584 6540 in
1624 6488 1812 6541 Indice
1841 6490 2006 6542 verbo
2034 6490 2283 6541 Fattione
2312 6489 2525 6542 Ghihel-
2634 6489 2792 6541 Petro
2829 6490 3175 6541 Montanare‘e’
3208 6488 3654 6541 umbaz-oloribus
3690 6488 4003 6541 Communis
4039 6488 4277 6542 Bononia
4311 6491 4400 6542 do·
