5542 7775
1242 585 1338 654 82
2816 606 3299 658 Menestam-A

1236 758 1414 842 tiati,
1466 781 1589 845 que
1636 759 1912 824 Lecture
1962 769 2415 846 nuncupantur
2460 761 2736 825 Lecture
2785 760 3026 825 domini
3076 761 3472 827 Oddoffredi.
3521 761 3604 826 Et
3652 762 3772 826 hoc
3819 763 3873 825 si
3920 762 4057 849 ipse
4107 763 4352 827 Paulus
4401 763 4676 828 voluerit
4723 787 4868 851 pro·

1236 867 1372 931 fisci
1420 868 1483 930 in
1529 869 1675 951 jure
1724 868 1916 931 civili.
1969 868 2081 931 Set
2129 868 2184 931 si
2232 868 2367 952 ipse
2414 868 2660 932 Paulus
2722 869 2998 932 noluerit
3061 869 3319 955 profisci
3366 870 3430 932 in
3473 871 3620 954 jure
3669 869 3878 951 civili,
3929 877 3992 933 et
4054 870 4249 934 aliam
4311 871 4507 935 vitam
4564 872 4866 957 elegerit,

1236 980 1388 1039 tunc
1438 982 1501 1038 01
1549 996 1625 1038 eo
1676 997 1829 1039 casu
1876 975 2087 1061 privat
2136 996 2280 1038 eum
2331 975 2501 1039 dicto
2550 976 2765 1060 legato
2815 976 3145 1059 librorum,
3179 983 3243 1040 et
3291 976 3492 1039 voluit
3541 975 3744 1040 dictos
3777 976 3974 1040 libros
4008 999 4339 1042 remanere
4373 999 4569 1063 penes
4601 979 4869 1044 heredes

1234 1103 1403 1145 01100.
1454 1081 1535 1145 Et
1584 1081 1854 1168 precipit
1901 1088 1965 1146 et
2013 1081 2342 1145 mandavit
2390 1082 2710 1168 predictos
2760 1083 2959 1147 libros
3009 1105 3134 1146 1100
3184 1083 3476 1165 alienari,
3512 1083 3662 1168 quia
3711 1105 3821 1147 eos
3869 1084 4070 1148 voluit
4118 1106 4494 1170 permanere
4528 1086 4592 1149 in
4626 1085 4870 1150 familia

1236 1209 1373 1252 sua.
1426 1188 1537 1252 Set
1584 1189 1637 1252 si
1687 1190 1920 1274 aliquis
1967 1189 2317 1252 liberorum
2368 1188 2566 1274 ipsius
2615 1191 2943 1254 testatoris
3009 1190 3452 1275 proficiscatur
3498 1190 3562 1253 iu
3606 1191 3753 1274 jure
3802 1191 4011 1274 civili,
4061 1191 4168 1256 ille
4226 1191 4576 1256 liberorum
4633 1193 4870 1257 habeat

1234 1296 1454 1377 libros,
1505 1297 1614 1382 qui
1661 1298 1867 1382 primo
1916 1297 2281 1382 pervenerit
2329 1296 2410 1360 ad
2458 1297 2828 1361 doctoratus
2876 1298 3182 1362 honorem
3230 1297 3293 1372 in
3337 1299 3483 1382 jure
3531 1297 3725 1362 civili.

1418 1403 1581 1466 Item
1630 1403 1899 1489 precipit
1948 1411 2012 1467 et
2058 1403 2323 1467 mandat
2370 1404 2575 1467 (1101110
2625 1404 2920 1468 domiuus
2969 1404 3299 1487 Albertus,
3334 1403 3505 1489 quod
3537 1405 3784 1486 domus,
3820 1426 3980 1490 quas
4024 1406 4218 1470 habet
4259 1406 4466 1471 (lictus
4506 1414 4774 1472 testator
4806 1409 4874 1472 in

1236 1509 1411 1573 curia
1462 1510 1666 1574 sancti
1716 1510 2045 1574 Ambrosii
2092 1516 2155 1574 et
2204 1510 2267 1573 in
2316 1510 2533 1596 platea
2581 1511 2833 1594 majori,
2867 1519 2932 1574 et
2979 1509 3205 1574 domus
3248 1532 3370 1596 que
3419 1510 3680 1575 fuerunt
3738 1511 4019 1575 Gnidoni
4067 1512 4531 1578 Zenzarasonis
4578 1521 4641 1578 et
4689 1514 4871 1578 here·

1237 1616 1388 1679 dum
1437 1617 1590 1681 dicti
1639 1617 1973 1700 Gnidonis,
2024 1625 2086 1681 et
2135 1639 2303 1682 nunc
2351 1625 2499 1681 sunt
2548 1618 2747 1703 ipsius
2796 1617 3034 1681 domini
3089 1617 3360 1700 Alberti,
3395 1626 3458 1681 ct
3507 1619 3732 1682 domus
3790 1640 3950 1704 quas
3999 1619 4192 1683 habet
4241 1619 4376 1706 ipse
4424 1619 4718 1686 dominus
4757 1622 4872 1686 Al·

1238 1722 1457 1786 bertus
1498 1725 1689 1808 juxta
1738 1724 1981 1787 curiam
2031 1723 2401 1788 Communis
2447 1723 2739 1787 Bononie
2788 1745 2825 1786 a
2875 1724 3075 1788 latere
3123 1745 3266 1787 sero
3317 1723 3511 1805 curie,
3561 1732 3624 1787 01
3673 1731 3821 1788 sunt
3869 1725 3957 1789 ibi
4005 1725 4327 1808 becharie,
4362 1733 4424 1790 et
4472 1727 4596 1790 alie
4644 1727 4870 1792 (10111110

1236 1850 1360 1914 (1110
1407 1838 1555 1894 sunt
1595 1832 1785 1915 juxta
1835 1831 2172 1894 becharias
2219 1852 2303 1894 ex
2351 1837 2532 1917 parte
2581 1830 2904 1913 inferiori,
2953 1853 3076 1916 que
3124 1837 3275 1895 sunt
3325 1831 3523 1917 ipsius
3571 1831 3812 1894 domini
3866 1832 4158 1915 Alberti,
4206 1841 4270 1898 et
4315 1841 4520 1900 totum
4567 1835 4870 1920 poderem

1236 1958 1424 2000 suum
1471 1938 1549 2001 de
1599 1939 1983 2021 Castenaxe,
2034 1938 2277 2002 scilicet
2324 1947 2565 2001 motam
2612 1946 2675 2002 et
2722 1938 2952 2002 turrim
3007 1945 3072 2001 et
3119 1938 3244 2002 alic
3291 1937 3539 2020 (101000,
3590 1945 3654 2002 01
3710 1960 3929 2002 0111000
3977 1940 4162 2003 vinee
4210 1961 4344 2022 sue,
4387 1947 4450 2004 et
4497 1942 4711 2005 omnia
4756 1965 4871 2030 pu-

1236 2045 1421 2108 sticia
1466 2046 1822 2126 vinearum,
1871 2054 1932 2108 et
1982 2045 2177 2108 etiam
2226 2066 2412 2108 omne
2461 2045 2525 2107 id
2572 2044 2743 2130 quod
2791 2045 2988 2108 habet
3036 2045 3099 2108 in
3150 2046 3328 2110 curia
3377 2045 3809 2126 Chastenaxe,
3859 2045 3993 2109 sive
4050 2046 4133 2110 sit
4179 2054 4352 2110 terra
4398 2049 4701 2131 aratoria,
4735 2051 4869 2114 sive

1236 2153 1528 2238 prativa,
1578 2161 1641 2216 et
1690 2152 2037 2238 pallacium
2103 2174 2247 2216 cum
2304 2152 2599 2215 omnibus
2646 2152 2942 2216 domibus
3006 2173 3165 2237 quas
3212 2152 3408 2217 habet
3456 2153 3520 2216 in
3570 2153 3749 2217 curia
3793 2152 4206 2238 Varegnane,
4255 2155 4390 2218 sive
4439 2155 4503 2218 in
4558 2155 4699 2221 loco
4759 2157 4871 2220 ubi

1234 2260 1470 2324 dicitur
1516 2260 1693 2323 Villa
1740 2260 2062 2343 Francha,
2111 2261 2246 2323 sive
2296 2260 2823 2342 Blanchafarina,
2873 2261 3009 2324 sive
3056 2260 3500 2342 Bellovidere,
3550 2283 3694 2325 cum
3743 2268 3876 2325 toto
3926 2269 4179 2326 terreno
4228 2268 4290 2326 et
4338 2263 4695 2346 territorio,
4744 2286 4869 2351 (1110

1236 2369 1569 2432 consuevit
1617 2368 1740 2432 dici
1790 2368 2027 2431 Lectus
2075 2367 2154 2431 de
2202 2367 2556 2448 Quaterna,
2590 2376 2652 2432 et
2703 2390 2848 2431 01101
2881 2374 3016 2431 1010
3051 2368 3179 2433 alio
3214 2376 3469 2432 terreno
3504 2391 3648 2432 cum
3682 2368 4025 2451 territoriO,
4061 2369 4230 2454 quod
4263 2370 4632 2434 extenditur
4669 2394 4870 2458 usque

1237 2475 1319 2538 ad
1368 2476 1575 2539 rivum
1624 2475 1921 2557 Rossolo,
1971 2475 2142 2561 quod
2191 2482 2397 2538 totum
2444 2484 2771 2538 terrenum
2819 2483 2916 2539 est
2965 2475 3028 2537 in
3078 2475 3256 2539 curia
3303 2474 3696 2561 Varegnane
3739 2477 3932 2560 juxta
3980 2498 4203 2540 nemus
4250 2477 4621 2541 Communis
4666 2478 4871 2544 Vare-

1236 2604 1488 2667 gnane‚
1537 2591 1600 2647 et
1643 2584 1835 2666 juxta
1885 2582 2097 2646 locum
2144 2583 2253 2646 ubi
2303 2582 2534 2645 dicitur
2580 2581 2902 2664 Bandita,
2951 2589 3015 2646 et
3056 2584 3249 2666 juxta
3298 2589 3624 2646 terrenum
3673 2583 3783 2646 ubi
3839 2582 4072 2647 dicitur
4136 2583 4555 2668 Sablonaria,
4602 2586 4871 2663 heredes

1236 2689 1509 2775 predicti
1557 2690 1797 2754 domini
1846 2690 2104 2754 Alberti
2151 2711 2278 2753 non
2325 2689 2573 2775 possint
2620 2689 2920 2770 vendere,
2970 2690 3256 2753 alienare
3306 2689 3493 2753 modo
3544 2690 3760 2775 aliquo
3808 2690 3912 2753 vel
3961 2691 4242 2776 ingenie,
4291 2691 4355 2754 in
4404 2699 4608 2756 totum
4655 2693 4758 2756 vel
4807 2695 4867 2757 in

1235 2805 1454 2882 parte,
1505 2797 1569 2860 in
1635 2805 1980 2860 extraneas
2047 2817 2390 2883 personas,
2439 2797 2583 2860 ideo
2654 2796 2807 2882 quia
2877 2796 3084 2860 dictus
3155 2804 3426 2860 testator
3487 2797 3691 2861 voluit
3754 2796 3924 2882 quod
3994 2797 4161 2861 dicte
4224 2798 4484 2880 (1001110,
4549 2799 4684 2863 sive
4745 2801 4872 2864 sint

1234 2905 1297 2968 in
1347 2905 1605 2968 civitate
1651 2906 1785 2968 sive
1834 2905 1898 2967 in
1947 2926 2131 2986 rure,
2179 2912 2243 2968 et
2290 2904 2457 2967 dicte
2521 2904 2709 2968 vinee
2757 2913 2821 2968 et
2870 2910 3037 2968 terre
3101 2905 3380 2968 aratorie
3429 2911 3494 2968 01
3539 2905 3790 2990 prative
3837 2904 4114 2968 debeant
4161 2926 4415 2991 semper
4459 2915 4522 2970 et
4562 2916 4874 2994 perpetuo

1235 3011 1372 3075 sine
1421 3012 1727 3098 temporis
1776 3012 2180 3097 prefinitione
2228 3012 2395 3076 inter
2441 3033 2590 3075 suos
2636 3012 2803 3075 filios
2849 3011 3169 3075 masculos
3225 3011 3361 3075 sive
3410 3011 3648 3076 liberos
3697 3012 4015 3076 masculos
4063 3034 4475 3097 permanere,
4511 3035 4627 3078 nec
4668 3016 4872 3080 voluit

1236 3119 1407 3205 quod
1457 3119 1536 3183 (10
1583 3121 1713 3183 01110
1762 3119 2299 3183 descendentibus
2348 3119 2649 3182 masculis
2697 3118 2984 3204 predicte
3033 3140 3135 3182 res
3182 3118 3462 3183 debeant
3510 3118 3709 3200 exire,
3759 3125 3822 3182 01
3869 3119 3923 3182 31
3971 3119 4203 3204 aliquis
4250 3120 4526 3184 filiorum
4574 3143 4869 3204 suorum,

1233 3227 1338 3291 vel
1386 3227 1736 3290 liberorum
1787 3227 1888 3290 vel
1937 3226 2483 3309 descendentium,
2517 3234 2770 3313 partem
2818 3247 2999 3289 suam
3049 3225 3129 3289 (10
3175 3225 3364 3290 (110110
3413 3226 3605 3289 rebus
3647 3226 3981 3308 alienaret,
4016 3226 4120 3289 vel
4150 3227 4288 3291 0100
4321 3228 4622 3291 0100011113
4654 3229 4873 3293 111101·ἰο

1236 3334 1595 3414 decederet,
1647 3333 1911 3397 mandat
1959 3341 2022 3397 et
2068 3333 2271 3398 voluit
2318 3340 2568 3420 partem
2617 3333 2789 3396 illius
2838 3333 3201 3415 alienantis,
3251 3333 3354 3396 vel
3403 3333 3540 3396 sine
3587 3333 3808 3397 liberis
3856 3333 4155 3397 masculis
4204 3334 4592 3418 decedentis,
4641 3336 4872 3400 debeat

1233 3441 1315 3505 ad
1364 3442 1526 3504 alios
1571 3463 1699 3505 non
1748 3441 2107 3504 alienantes
2155 3441 2514 3527 pervenire.

1411 3548 1902 3613 Commissarios
1950 3555 2165 3611 autem
2214 3570 2384 3629 suos,
2420 3555 2483 3611 et
2529 3548 2724 3631 hujus
2775 3548 3141 3611 testamenti
3189 3555 3569 3611 executores
3617 3569 3757 3614 esse
3805 3547 4009 3611 voluit
4055 3547 4380 3611 dominam
4425 3549 4684 3613 Claram
4719 3572 4874 3615 uxo-

1232 3678 1368 3721 rem
1430 3678 1651 3739 suam,
1699 3665 1763 3720 et
1811 3656 2103 3720 Priorem
2170 3656 2441 3718 fratrum
2487 3655 2979 3719 Predicatorum
3026 3654 3105 3718 dc
3154 3654 3450 3719 Bononia
3497 3666 3562 3719 01
3611 3655 4056 3718 Guardianum
4104 3655 4378 3718 fratrum
4423 3656 4747 3720 Minorum
4792 3658 4873 3722 (10

1231 3764 1563 3846 Βο00010,
1612 3764 1721 3849 (1111
1769 3771 1918 3828 01101
1980 3764 2083 3827 vel
2132 3785 2247 3849 pro
2296 3769 2583 3848 tempore
2630 3770 2840 3844 erunt,
2891 3769 2955 3826 et
3004 3762 3533 3827 Bonaventuram
3580 3761 3659 3825 de
3705 3761 4081 3846 Paganellis
4126 3761 4206 3825 de
4254 3762 4616 3848 Argellata,
4661 3773 4724 3828 et
4771 3786 4872 3829 me

1231 3871 1566 3937 Andr-eam
1595 3871 1903 3937 Petrizoli
1937 3871 2259 3936 Albertini
2294 3870 2372 3935 de
2407 3869 2677 3951 Badalo,
2712 3870 3035 3934 notarium
3072 3869 3588 3956 infrascriptum3
3624 3867 3784 3933 dans
3817 3876 3880 3933 et
3913 3869 4270 3934 concedens
4302 3869 4488 3935 dictis
4521 3872 4653 3935 suis
4687 3870 4874 3937 Com·

1233 3978 1543 4043 missariis
1576 3978 1833 4065 plenam
1869 3985 2275 4064 potestatem,
2303 3999 2447 4040 cum
2482 3977 2686 4041 libera
2719 3977 3319 4057 amministratione,
3356 3984 3420 4039 et
3453 3976 3732 4061 speciale
3767 3974 4142 4043 mandatum
4174 3976 4514 4059 vendendi,
4549 3978 4875 4041 alienandi

1232 4087 1313 4151 de
1361 4087 1546 4150 bonis
1597 4086 1795 4172 ipsius
1834 4086 2191 4168 1001010110,
2225 4085 2512 4170 exceptis
2560 4085 2752 4148 rebus
2791 4106 2951 4169 quas
2998 4106 3195 4170 supra
3227 4083 3558 4170 prohibuit
3590 4082 3882 4166 alienari,
3917 4083 3995 4146 de
4030 4083 4263 4168 quibus
4295 4084 4637 4167 voluerint,
4669 4106 4873 4171 usque

1232 4195 1315 4258 ad
1365 4195 1684 4279 integram
1741 4193 2248 4257 satisfactionem
2311 4193 2596 4255 omnium
2642 4200 2705 4255 et
2752 4192 3156 4278 singulorum
3213 4212 3336 4276 que
3386 4190 3794 4255 continentur
3840 4190 3904 4253 in
3953 4198 4337 4255 testamento
4386 4191 4585 4277 ipsius
4634 4191 4875 4256 domini

1233 4301 1489 4365 Alberti
1536 4302 1672 4364 sine
1719 4300 1937 4386 aliqua
1987 4299 2453 4364 contraditione
2503 4299 2814 4363 heredum
2862 4320 3125 4362 suorum
3179 4298 3285 4362 vel
3333 4299 3795 4383 cujuscumque
3844 4297 4110 4363 alterius
4157 4318 4450 4384 persone.
4498 4298 4583 4362 Et
4630 4299 4685 4362 si
4731 4320 4876 4384 pre·

1233 4408 1420 4473 dietis
1467 4408 1937 4473 Commissariis
1986 4406 2535 4471 contradiceretur
2581 4428 2696 4492 per
2742 4405 3048 4469 heredem
3092 4406 3196 4469 vel
3244 4405 3516 4469 heredes
3567 4426 3715 4468 suos
3763 4404 4103 4489 quominus
4137 4404 4425 4490 predicta
4472 4406 4874 4490 explicaren-

1232 4525 1337 4582 tur
1393 4526 1455 4580 et
1502 4516 1760 4580 effectui
1810 4515 2292 4597 mandarentur,
2327 4523 2479 4578 tunc
2526 4520 2592 4577 et
2637 4535 2713 4577 00
2762 4534 2914 4577 00311
2965 4513 3558 4576 contravenientem
3605 4512 3744 4577 sive
3792 4511 4144 4593 venientes,
4180 4512 4392 4597 privat
4424 4533 4570 4577 eum
4603 4512 4708 4576 vel
4741 4533 4873 4595 000,

1232 4632 1298 4689 01
1345 4624 1695 4710 quemlibet
1743 4646 1969 4687 eorum
2016 4644 2055 4686 a
2103 4644 2219 4685 sua
2264 4622 2558 4707 portione
2607 4620 2985 4684 hereditatis
3033 4619 3340 4706 predicte,
3376 4618 3550 4683 etde
3598 4619 3782 4683 bonis
3832 4619 4033 4704 ipsius
4078 4619 4404 4683 testatoris
4452 4639 4578 4683 non
4629 4620 4876 4704 possint

1231 4732 1474 4796 habere
1522 4752 1606 4794 ex
1654 4737 2038 4795 testamento
2088 4729 2192 4792 vel
2240 4729 2323 4792 ab
2370 4728 2697 4809 101001010,
2731 4728 2836 4791 vel
2887 4727 3016 4790 alio
3065 4747 3469 4812 quocumque
3501 4725 3689 4790 modo
3723 4727 3828 4789 vel
3862 4746 4079 4789 001100.
4114 4724 4201 4789 Ε1
4232 4725 4442 4811 portio
4474 4746 4629 4789 vero
4660 4726 4878 4812 prohi-

1232 4839 1441 4903 bentis
1492 4839 1827 4924 perveniat
1874 4838 2065 4924 pleno
2114 4838 2250 4901 iure
2299 4836 2376 4899 ad
2428 4858 2555 4900 non
2606 4836 3077 4922 prohibentem.
3127 4834 3211 4897 Et
3255 4834 3310 4898 si
3356 4852 3576 4898 0111000
3625 4833 4061 4920 prohiberent,
4097 4840 4248 4896 tunc
4293 4832 4500 4897 voluit
4546 4834 4717 4918 quod
4764 4833 4875 4898 de-

1233 4946 1451 5011 veniat
1500 4946 1581 5009 ad
1630 4946 1948 5032 hospitale
1997 4945 2205 5009 sancti
2251 4944 2571 5008 Johannis
2620 4942 3159 5007 Zerosolomitani
3207 4954 3271 5005 et
3318 4941 3399 5016 ad
3448 4940 3685 5005 dictam
3732 4940 4013 5006 Domum
4060 4940 4596 5026 Templariorum.

1412 5053 1823 5139 Sepulturam
1899 5073 2052 5116 vero
2129 5073 2313 5115 suam
2375 5051 2499 5115 sibi
2562 5050 2761 5135 elegit
2823 5048 2998 5135 apud
3060 5048 3402 5113 ecclesiam
3464 5048 3739 5111 fratrum
3801 5047 4125 5111 Minorum
4187 5046 4268 5111 de
4328 5046 4625 5110 Bononia
4685 5055 4750 5110 et
4811 5047 4877 5111 in

1232 5161 1501 5244 tumulo,
1538 5182 1651 5224 0011
1685 5161 2021 5246 sepultura
2055 5159 2379 5246 quondam
2410 5157 2614 5245 patris
2646 5156 2747 5221 sui
2796 5156 3038 5221 domini
3085 5154 3461 5221 oddoffredi
3508 5154 3795 5241 sepelliri
3840 5154 4046 5218 voluit
4087 5162 4156 5219 et
4200 5153 4555 5217 mandavit.
4599 5153 4875 5219 Tutores

1231 5275 1450 5332 autem
1495 5268 1817 5354 Nicholay
1864 5267 1981 5330 filii
2026 5265 2148 5349 sui,
2196 5273 2261 5330 et
2308 5265 2610 5329 Johanne
2657 5263 2789 5328 filie
2838 5285 2974 5346 sue,
3008 5269 3073 5327 et
3119 5262 3393 5326 aliorum
3441 5262 3720 5326 filiorum
3768 5261 3867 5325 vel
3918 5261 4218 5343 filiarum,
4252 5261 4306 5324 si
4353 5260 4477 5324 sibi
4510 5268 4876 5343 nascentur,

1232 5397 1374 5440 esse
1422 5375 1627 5439 voluit
1674 5374 2001 5440 dominam
2049 5372 2311 5439 Claram
2356 5394 2625 5437 uxorem
2675 5393 2881 5453 suam,
2916 5371 2973 5435 si
3018 5370 3140 5434 erit
3186 5370 3503 5455 legittime
3550 5369 3741 5433 etatis
3789 5368 4307 5454 vigintiquinque
4354 5388 4672 5431 annorum
4717 5374 4879 5432 tem-

1230 5503 1388 5569 pore
1435 5482 1659 5546 mortis
1708 5482 1908 5568 ipsius
1957 5481 2200 5545 domini
2245 5479 2522 5563 Alberti,
2562 5479 2667 5544 vel
2714 5479 2769 5543 si
2818 5499 2945 5542 000
2993 5485 3164 5542 03001
3211 5477 3526 5562 legittime
3574 5476 3764 5540 etatis
3811 5498 3888 5540 eo
3935 5483 4243 5562 tempore,
4280 5475 4485 5540 voluit
4534 5474 4706 5560 quod
4735 5475 4878 5563 ipsa

1233 5588 1316 5653 sit
1362 5589 1567 5653 tutrix
1613 5611 1759 5653 cum
1805 5588 2175 5676 pervenerit
2224 5587 2305 5651 ad
2351 5587 2710 5673 legitimam
2758 5592 3000 5650 etatem
3045 5583 3563 5670 vigintiquinque
3612 5604 3949 5665 annorum,
3992 5583 4048 5646 si
4093 5604 4170 5647 eo
4216 5589 4504 5668 tempore
4551 5602 4680 5647 non
4726 5603 4876 5647 con·

1232 5696 1517 5761 volasset
1564 5695 1646 5760 ad
1694 5694 2013 5760 secundas
2061 5695 2340 5781 nuptias.
2390 5694 2558 5758 Item
2603 5694 2775 5758 dicto
2822 5692 3140 5757 Nicholao
3186 5698 3252 5755 et
3299 5690 3467 5755 dicte
3514 5689 3846 5772 Johanne,
3895 5696 3960 5753 et
4006 5689 4150 5753 aliis
4213 5688 4390 5772 filiis,
4439 5688 4575 5752 sive
4620 5688 4878 5754 filiabus

1232 5803 1357 5868 sibi
1402 5803 1781 5885 nascituris,
1830 5824 1981 5867 suos
2028 5823 2169 5866 esse
2215 5801 2421 5868 voluit
2466 5807 2712 5865 tutores
2776 5799 3106 5864 dominum
3150 5798 3679 5863 Bonaventuram
3727 5796 3806 5860 de
3852 5795 4229 5881 Paganellis
4275 5796 4355 5859 de
4400 5793 4765 5880 Argellata,
4812 5802 4877 5861 et

1232 5932 1333 5976 me
1380 5912 1715 5975 Andream
1761 5910 2069 5975 Petrizoli
2115 5908 2442 5973 Albertini
2489 5907 2567 5971 de
2614 5907 2889 5987 Bada10,
2939 5905 3260 5971 notarium
3308 5904 3812 5991 infrascriptum.

1410 6019 1576 6084 Item
1624 6018 1850 6103 voluit,
1894 6018 2088 6103 jussit
2134 6025 2200 6082 et
2246 6015 2578 6080 mandavit
2625 6014 2798 6101 quod
2843 6013 3198 6079 Nicholaus
3244 6012 3415 6077 filius
3462 6034 3616 6076 suus
3656 6018 3722 6075 et
3766 6010 4072 6076 Johanna
4119 6009 4252 6073 filia
4298 6031 4438 6093 sua,
4485 6017 4550 6074 01
4604 6009 4715 6073 alii
4760 6008 4878 6077 filii

1232 6126 1343 6214 qui
1389 6126 1450 6191 01
1497 6133 1847 6191 0000001111·
1893 6147 1978 6190 ex
2024 6124 2284 6189 domina
2332 6123 2547 6206 Clara,
2593 6121 2875 6187 debeant
2920 6120 3181 6202 morari,
3215 6120 3299 6184 ali
3357 6126 3423 6183 et
3469 6118 3698 6183 nutriri
3747 6138 3946 6204 penes
3992 6116 4320 6181 dominam
4367 6117 4628 6182 Claram
4672 6116 4876 6180 donec

1230 6234 1600 6321 pervenerit
1660 6233 1798 6298 sive
1862 6231 2276 6319 pervenerint
2334 6229 2417 6295 ad
2478 6229 2926 6316 pubertatem,
2977 6235 3042 6292 et
3086 6227 3215 6291 sint
3276 6226 3413 6290 sive
3478 6226 3719 6290 fuerint
3778 6227 3844 6289 in
3904 6223 4213 6312 pupillari
4272 6230 4464 6287 etate.
4513 6222 4600 6288 Et
4652 6223 4776 6288 hoc
4821 6222 4876 6287 si

1232 6341 1406 6406 dicta
1452 6341 1714 6406 domina
1762 6340 1958 6406 Clara
2020 6360 2148 6403 non
2214 6335 2656 6403 convolaverit
2716 6335 2802 6400 ad
2861 6333 3144 6400 secunda
3205 6340 3392 6417 vota,
3438 6340 3590 6398 tunc
3652 6339 3718 6397 et
3770 6353 3848 6397 eo
3896 6352 4048 6396 00011
4096 6330 4331 6395 (1011001
4407 6330 4542 6394 sive
4598 6329 4876 6395 debeant
