5542 7775
2078 647 2505 700 SOHOLARES
2562 649 2969 701 ILLUSTRES

695 803 778 868 D.
826 804 1062 869 Petrus
1111 805 1190 869 de
1235 804 1543 892 Piperno,
1592 804 1939 869 canonicus
1988 809 2209 868 sancte
2256 802 2463 867 Mario

911 912 990 977 de
1038 911 1287 977 Vineis.

694 1019 777 1084 D.
825 1020 1060 1085 Petrus
1106 1020 1186 1085 (10
1233 1020 1480 1084 Β10010.

694 1126 778 1191 D.
825 1127 1059 1192 Petrus
1109 1127 1483 1193 Catellanus
1530 1127 1967 1215 provincialis.

695 1233 863 1299 Ven.
912 1235 1010 1298 vir
1057 1235 1354 1299 (10011000
1408 1234 1691 1300 Ponzius
1754 1234 1835 1299 de
1879 1233 2247 1314 VilomarO,
2288 1231 2465 1319 prior

911 1342 990 1406 de
1021 1341 1343 1424 Echeleis,
1377 1341 1580 1406 abbas
1612 1341 1819 1406 sancti
1850 1339 2145 1405 Antolini
2177 1338 2463 1426 apamia·

909 1471 1074 1532 rum,
1124 1449 1417 1514 tolosane
1465 1448 1759 1513 diocesis.

691 1555 775 1620 D.
826 1556 1255 1642 Raymundus
1302 1556 1382 1621 (10
1431 1555 1785 1621 Aramona.

692 1664 775 1729 D.
824 1663 1252 1749 Raymundus
1301 1664 1381 1728 (10
1427 1663 1749 1728 Μο10010.

690 1771 773 1835 D.
821 1771 1251 1857 Raymundus
1300 1770 1586 1836 Fredoli.

689 1879 773 1943 D.
823 1863 1207 1964 Raynaldus
1259 1878 1493 1962 Carici,
1524 1878 1891 1966 prepositus
1922 1878 2002 1943 (10
2035 1876 2364 1942 Το1011000
2397 1875 2463 1940 10

905 1986 1178 2051 00010010
1226 1987 1696 2051 carcasonensi.

692 2093 774 2159 D.
824 2093 1208 2179 Raynaldus
1254 2094 1334 2157 (10
1380 2092 1732 2158 Fabriano.

688 2201 771 2267 D.
820 2201 1210 2288 Raynerius,
1258 2200 1575 2287 plebanus
1633 2222 1684 2265 s.
1732 2200 1892 2265 Luc.
1944 2248 1960 2264 .

690 2311 773 2376 D.
822 2309 1211 2395 Raynerius,
1260 2308 1606 2374 canonicus
1654 2308 1939 2395 pisanus.

691 2418 774 2483 D.
822 2418 1190 2503 Raynerius
1238 2416 1478 2480 Barchi
1525 2416 1604 2481 de
1650 2416 1852 2481 Luca.

688 2525 771 2590 D.
820 2524 1188 2611 Raynerius
1236 2524 1315 2587 (10
1361 2522 1677 2606 Viterbio,
1711 2523 2058 2588 000001000
2105 2522 2392 2609 pisanus.

689 2635 771 2701 D.
822 2634 1191 2720 Raynerius
1240 2632 1319 2696 de
1364 2632 1598 2712 Horto,
1639 2632 2005 2720 prepositus
2054 2630 2347 2697 Clavassi
2393 2636 2459 2695 et

902 2741 1250 2806 canonicus
1299 2740 1668 2805 leodiensis.

688 2851 772 2915 D.
821 2849 1178 2915 Richoldus
1226 2849 1305 2912 de
1355 2847 1600 2914 Staine.

689 2959 866 3044 Mag.
914 2957 1241 3022 Robertus
1290 2956 1391 3020 da
1413 2955 1778 3020 Pontisera.

685 3067 861 3152 Mag.
890 3066 1300 3152 Rodulphus,
1328 3065 1598 3129 sacrista
1623 3063 1893 3128 ecclesie
1925 3061 2453 3148 guarmaciensis.

687 3175 862 3260 Mag.
910 3172 1301 3259 Rodulphus
1348 3172 1705 3236 Renuardi.

685 3282 770 3346 D.
840 3281 1226 3367 Rodulphus
1304 3279 1785 3361 Buticularius,
1848 3277 2211 3365 prepositus
2285 3276 2453 3341 Nor-

904 3388 1181 3452 mandie.

684 3498 768 3562 D.
816 3495 1202 3583 Rodulphus
1250 3495 1330 3560 (10
1376 3494 1694 3560 Donodei.

685 3605 767 3670 D.
816 3604 1224 3690 Rodulphus,
1271 3610 1482 3666 rector
1529 3600 1797 3665 ecclesie
1846 3599 1909 3663 in
1957 3599 2287 3685 Arcingle.

683 3712 768 3777 D.
820 3711 1106 3776 Sacrista
1151 3708 1688 3774 baritalensis(¹).

686 3820 768 3886 D.
822 3817 1191 3906 Stephanus
1237 3815 1489 3881 Annals
1538 3816 1617 3880 de
1667 3815 1893 3903 Capite
1941 3815 2170 3880 ferino.

685 3928 769 3994 D.
820 3926 1191 4014 Stephanus
1237 3926 1474 3992 Pileoti
1524 3925 1602 3990 de
1648 3925 1858 3990 Nitra.

685 4036 768 4102 D.
821 4035 1191 4122 Stephanus
1239 4033 1446 4099 Orioli
1492 4033 1571 4097 de
1620 4033 2102 4120 Capitestagno.

689 4144 866 4229 Mag.
909 4141 1283 4207 Thebaldus
1315 4141 1394 4205 de
1425 4141 1696 4224 Reomo,
1730 4139 2127 4226 lingonensis
2160 4137 2451 4204 diocesis.

691 4250 773 4315 D.
823 4251 1105 4316 Thomas
1150 4248 1457 4313 Balduini
1505 4248 1727 4334 synd.,
1760 4247 2020 4312 natione
2051 4246 2453 4332 burgundus.

687 4357 773 4423 D.
822 4357 1104 4422 Thomas
1152 4355 1231 4420 de
1278 4354 1441 4420 Vico
1487 4355 1749 4419 Pisano.

689 4464 773 4530 D.
823 4464 1152 4551 Tigrinus,
1200 4462 1700 4549 archipresbiter
1746 4462 2066 4527 collensis.

688 4572 772 4638 D.
822 4572 1104 4637 Toncius
1150 4570 1471 4635 Johannis
1517 4570 1596 4634 de
1644 4578 1866 4635 sancto
1915 4568 2230 4635 Genexio.

689 4682 773 4747 D.
820 4681 1107 4746 Ubertus
1153 4679 1233 4743 de
1282 4680 1575 4762 Cionat0,
1609 4679 1956 4743 canonicus
2000 4678 2451 4745 belluacensis.

688 4788 772 4853 D.
820 4788 1227 4870 Vericionus,
1273 4786 1591 4873 plebanus
1637 4786 1715 4850 de
1765 4785 2186 4872 Castigliono.

688 4897 773 4962 D.
819 4896 1165 4982 Ugolinus,
1214 4895 1560 4960 canonicus
1605 4894 2099 4959 Laudumensis.

687 5004 772 5070 D.
820 5003 1124 5069 Vivassai
1170 5003 1495 5088 quondam
1555 5001 1798 5066 domini
1843 5002 2146 5067 Jacobini
2206 5002 2285 5068 de
2339 5002 2455 5069 Vi-

903 5111 1254 5175 scontibus.

686 5221 770 5286 D.
818 5219 1100 5302 Ulricus,
1134 5226 1346 5284 rector
1392 5218 1661 5283 ecclesie
1701 5219 1767 5282 in
1801 5217 2196 5305 Sugeonaris
2227 5220 2451 5287 Wald.

689 5328 773 5394 D.
798 5327 1203 5392 Ysenlardus
1235 5327 1314 5390 de
1346 5325 1716 5410 Pecoraria,
1742 5326 2088 5391 canonicus
2120 5329 2451 5394 remensis.

2012 2247 2029 2264 .
2077 2248 2093 2264 .
2142 2199 2221 2263 de
2267 2198 2459 2262 Pisis.

1297 5539 1854 5606 MCCLXXXIV.

689 5758 773 5823 D.
807 5757 1201 5822 Almoranus
1235 5756 1486 5840 Garsie,
1519 5763 1731 5821 rector
1761 5756 2030 5821 ecclesie
2062 5765 2283 5822 sancte
2312 5757 2453 5824 Ma-

904 5866 996 5929 110
1045 5865 1125 5929 (10
1172 5864 1424 5930 Alfaro.

689 5974 772 6039 D.
821 5973 1152 6039 Arnaldus
1200 5973 1510 6038 Gomezii.

690 6081 866 6168 Mag.
914 6082 1289 6146 Bernardus
1335 6080 1414 6145 de
1464 6081 1681 6146 Testa.

688 6188 772 6254 D.
812 6189 1202 6273 Brocardus,
1235 6195 1447 6254 rector
1478 6189 1747 6254 ecclesie
1779 6189 1846 6253 in
1880 6188 2172 6254 Sarmen.
2208 6188 2452 6273 Scorf.,

905 6298 1399 6362 constantiensis
1448 6297 1742 6363 diocesis.

816 6528 895 6595 (1)
935 6527 1025 6579 An
1063 6527 1441 6579 balneoletwis.

4198 625 4349 696 323

2589 801 2674 866 D.
2721 801 3059 867 Deodatus
3106 802 3186 865 de
3232 800 3560 866 Bozvatis.

2590 908 2674 973 D.
2721 908 3121 991 Eberardus,
3171 908 3593 974 scholasticus
3641 907 4044 973 basileensis.

2591 1015 2674 1080 D.
2721 1015 2906 1081 Elias
2954 1016 3033 1080 (10
3082 1016 3321 1098 Tauro,
3370 1016 3717 1081 canonicus
3764 1016 4176 1080 zamorensis.

2591 1124 2675 1189 D.
2723 1123 3107 1190 Frenandus
3153 1125 3439 1208 Martini,
3488 1125 3835 1190 canonicus
3883 1125 4308 1191 bracarensis.

2590 1231 2674 1297 D.
2725 1230 3003 1296 Gentilis
3049 1233 3129 1296 (10
3178 1233 3451 1297 Casulis.

2588 1338 2766 1425 Mag.
2819 1339 3149 1405 Gerardus
3197 1340 3277 1404 (10
3325 1340 3565 1406 Firmo.

2591 1447 2674 1512 D.
2725 1446 3054 1512 Gerardus
3102 1448 3391 1530 Imberti,
3440 1450 3787 1515 canonicus
3834 1450 4117 1535 reginus.

2590 1554 2675 1620 D.
2724 1554 3175 1620 Gondesalvus
3236 1556 3540 1621 Roderici
3567 1607 3584 1640 ,
3630 1558 3978 1623 canonicus
4038 1558 4361 1623 salaman·

2805 1664 2999 1729 tinus.

2589 1770 2767 1856 Mag.
2818 1771 3032 1837 601(10
3080 1772 3159 1836 (10
3205 1772 3398 1856 Pisis,
3446 1774 3671 1839 doctor
3717 1775 4052 1840 medicine.

2588 1878 2698 1944 Fr.
2750 1879 3161 1946 Guillielmus
3209 1882 3288 1946 de
3337 1880 3666 1965 Gerunta,
3715 1883 4088 1948 cellerarius
4135 1905 4358 1949 mona-

2805 1989 2984 2052 sterii
3016 1989 3221 2054 sancti
3254 1989 3591 2055 Michaelis
3625 1990 3705 2055 de
3736 1990 4029 2074 Pexano,
4064 1992 4359 2058 ausitane

2806 2095 3098 2160 diocesis.

2589 2200 2673 2266 D.
2724 2201 3134 2267 Guillielmus
3182 2204 3261 2267 de
3310 2203 3576 2288 Castris,
3609 2204 3778 2268 filius
3817 2206 4060 2270 domini
4100 2205 4359 2272 600(10-

2806 2311 2991 2375 salvi.

2587 2416 2672 2481 D.
2721 2417 3133 2483 Guillielmus
3180 2419 3259 2483 de
3308 2420 3527 2484 Testa.

2589 2525 2672 2590 D.
2723 2525 3135 2590 Guillielmus
3182 2527 3262 2591 de
3309 2527 3516 2592 Fossa
3577 2527 3746 2592 filius
3794 2529 4036 2594 (1010101
4079 2529 4358 2616 Pagani.

2588 2632 2672 2697 D.
2724 2632 3135 2697 Guillielmus
3182 2635 3262 2698 (10
3310 2634 3626 2721 Oppedio.

2585 2739 2670 2805 D.
2722 2739 3076 2805 Guiraldus
3123 2741 3443 2806 Umberti.

2584 2847 2669 2913 D.
2720 2846 3072 2913 Guiraldus
3122 2848 3479 2915 Guiroaldi.

2585 2955 2667 3020 D.
2717 2955 3112 3042 Hugolinus,
3161 2957 3662 3044 archipresbiter
3707 2959 3786 3023 de
3831 2958 4010 3024 Urbe
4056 2959 4301 3026 Veteri.

2582 3062 2665 3128 D.
2714 3063 3003 3129 Jacobus
3051 3065 3130 3130 de
3177 3065 3508 3146 Albolata,
3559 3067 3829 3131 sacrista
3878 3068 4267 3134 valentinus.

2580 3170 2666 3236 D.
2714 3171 3003 3237 Jacobus
3049 3171 3256 3237 Duzzi
3303 3172 3382 3236 de
3430 3172 3808 3260 Campania.

2580 3277 2758 3365 Mag.
2809 3279 3143 3344 Johannes
3191 3280 3270 3345 de
3317 3280 3594 3344 Brustis.

2579 3386 2662 3452 D.
2711 3387 3047 3452 Johannes
3092 3388 3435 3452 Deotalevi
3482 3389 3824 3453 comitatus
3870 3389 4094 3454 Firmi.

2578 3494 2661 3559 D.
2708 3494 3043 3560 Johannes
3084 3495 3163 3559 de
3194 3495 3505 3578 Reclesis,
3539 3497 3885 3561 canonicus
3917 3498 4342 3565 cadomensis.

2580 3603 2663 3668 D.
2711 3602 3069 3686 Johannes,
3103 3603 3448 3668 canonicus
3481 3603 3750 3668 ecclesie
3782 3604 4236 3690 glusganensis
4268 3608 4348 3671 (10

2799 3709 3038 3775 Scotia.

2579 3819 2663 3883 D.
2712 3818 3049 3883 Johannes
3096 3798 3176 3883 de
3226 3817 3457 3883 Glava.

2579 3928 2664 3993 D.
2710 3928 3030 3993 Lutoldus
3072 3927 3151 3991 de
3182 3927 3470 4009 Henear,
3504 3934 3714 3992 rector
3744 3928 4014 3992 ecclesie
4046 3928 4126 3993 de
4157 3930 4345 3995 Bola.

2580 4034 2664 4100 D.
2711 4034 3171 4100 Marchoaldus
3218 4035 3297 4099 (10
3342 4034 3553 4099 Rada.

2582 4143 2664 4209 D.
2713 4143 2947 4208 Nicola
2992 4143 3072 4207 de
3119 4141 3459 4207 Maroforti
3504 4142 3774 4207 clericus
3821 4142 4062 4207 domini
4099 4142 4347 4207 Johan-

2797 4252 2896 4318 nis
2945 4251 3025 4316 (10
3070 4251 3306 4316 Bervic
3353 4250 3432 4314 de
3483 4249 3721 4315 Scotia.

2583 4359 2667 4424 D.
2716 4359 3027 4424 Nicolaus
3077 4358 3261 4440 Cille,
3310 4359 3658 4423 canonicus
3704 4358 4157 4424 atrabatensis.

2581 4467 2665 4533 D.
2714 4467 3029 4533 Odericus
3073 4465 3296 4531 Enrici
3343 4466 3422 4530 de
3466 4466 3836 4531 Alamania.

2579 4574 2664 4640 D.
2711 4575 2947 4639 Petrus
2994 4575 3074 4638 de
3122 4573 3429 4655 Trischis,
3477 4573 3824 4638 canonicus
3873 4574 4200 4638 uticensis.

2580 4682 2665 4747 D.
2712 4682 2949 4747 Petrus
2996 4682 3075 4745 de
3123 4680 3498 4746 6010110110.

2581 4790 2665 4856 D.
2712 4790 2949 4855 Petrus
2994 4789 3351 4871 Johannes,
3410 4787 3634 4852 doctor
3678 4787 3919 4873 legum.

2580 4901 2666 4967 D.
2712 4898 2949 4963 Petrus
2996 4896 3238 4961 (1001101
3268 4895 3728 4960 Bonaventure
3761 4894 4087 4981 quondam
4118 4895 4350 4961 Jacobi

2798 5004 3122 5091 quondam
3170 5003 3626 5067 Bonaventure
3674 5001 3753 5065 de
3799 4997 4032 5066 Roma.

2580 5113 2664 5178 D.
2710 5111 3139 5198 Raymundus
3185 5109 3264 5173 de
3310 5109 3677 5191 Aramone,
3725 5109 4071 5174 canonicus
4125 5131 4348 5196 maga-

2795 5218 3102 5284 lonensis.

2579 5329 2664 5394 D.
2711 5326 3139 5414 Raymundus
3194 5325 3273 5389 (10
3323 5323 3626 5407 Morana,
3672 5330 4013 5410 preceptor
4073 5323 4347 5389 valenti-

2799 5434 3038 5499 nensis.

2580 5543 2666 5609 D.
2715 5542 3036 5608 Rinaldus
3085 5538 3397 5605 Gomezii.

2580 5651 2758 5737 Mag.
2807 5649 3194 5736 Rodulphus
3242 5647 3322 5712 de
3368 5646 3654 5729 Basilea,
3696 5652 3906 5712 rector
3952 5647 4221 5712 ecclesie
4269 5648 4349 5712 de

2795 5755 3309 5841 Hinercinghen.

2580 5867 2663 5932 D.
2715 5866 3022 5931 Sicardus
3068 5863 3313 5928 domini
3357 5862 3679 5927 Johannis
3726 5861 4056 5927 60011000.

2578 5974 2662 6040 D.
2717 5973 3051 6039 Sorlionus
3098 5972 3178 6036 de
3226 5969 3462 6036 FliscO.

2580 6081 2664 6147 D.
2714 6080 3083 6168 Stephanus
3129 6079 3356 6161 Orioli,
3403 6077 3840 6165 provincialis.

2579 6189 2757 6276 Mag.
2809 6189 3108 6254 Γ[11001οΧ
3153 6187 3460 6253 Balduini
3505 6188 3585 6251 de
3630 6186 3910 6272 Bajoris.
