5542 7775
1617 557 2079 608 SPECTANTIA
2134 559 2237 608 AD
2293 558 2804 610 Pnorsssoans
2860 560 3072 611 sums
3126 559 3478 611 cANomcI
4210 541 4354 612 169

726 710 1053 775 Diaconos
1117 718 1181 775 et
1242 718 1518 796 quatuor
1582 707 2024 774 Subdiaconos
2073 718 2138 775 et
2185 711 2346 775 duos
2394 711 2714 795 Acolitos,
2764 712 2855 775 ita
2902 719 3120 777 tamen
3166 735 3312 777 cum
3357 713 3564 799 primo
3611 715 3942 778 vacaverit
3990 714 4147 781 ordo
4196 714 4362 779 Sub-

728 817 1106 882 diaconatus
1153 817 1390 903 eligam
1437 816 1579 880 loco
1628 815 1764 879 eius
1812 838 2012 879 unum
2060 818 2142 881 ad
2189 818 2607 884 Acolitatum.
2655 818 2757 883 De
2804 819 2928 884 hac
2975 825 3192 884 tamen
3241 820 3690 885 observatione
3723 827 3788 885 et
3821 821 4116 886 ordinum
4148 821 4360 886 distri·

728 927 937 991 ctione
984 926 1133 990 nolo
1182 924 1539 988 iuramento
1572 922 1798 1005 teneri,
1834 922 1957 987 nisi
1990 946 2134 989 cum
2165 924 2360 989 fuerit
2392 947 2507 1012 per
2538 927 2937 1012 superiorem
2969 927 3092 991 hoc
3126 925 3496 1013 Capitulum
3537 949 3651 991 seu
3686 927 4000 993 Ordinum
4048 929 4361 994 districtio

728 1034 1124 1098 confirmata.
1163 1032 1431 1096 Nullum
1464 1030 1702 1114 eligam
1734 1030 1837 1094 vel
1871 1031 2177 1118 recipiam
2209 1033 2273 1096 in
2312 1032 2708 1097 Canonicum
2739 1033 3203 1098 bononiensem
3233 1034 3356 1098 nisi
3389 1034 3471 1098 ad
3503 1057 3670 1118 eum,
3699 1057 3889 1121 quem
3928 1057 4045 1122 per
4093 1042 4364 1100 mortem

725 1141 999 1225 alicujus
1034 1140 1343 1205 Canonici
1374 1139 1477 1203 vel
1511 1138 1638 1201 alio
1672 1137 1860 1203 modo
1893 1138 2203 1224 legitimo,
2237 1162 2470 1205 vacare
2506 1140 2850 1225 contigerit
2882 1140 3192 1224 ordinem,
3226 1143 3332 1206 vel
3362 1142 3780 1229 superiorem.

726 1248 932 1314 Nota:
978 1248 1224 1312 fructus
1256 1245 1615 1334 prebenda·
1744 1250 1850 1322 (ιζ’
1894 1246 2161 1311 Nullum
2210 1269 2463 1334 quoque
2511 1248 2787 1312 electum
2844 1255 2909 1312 et
2964 1248 3408 1313 confirmatum
3457 1248 3526 1313 in
3575 1248 3972 1315 Canonicum
4020 1250 4359 1315 admittam

724 1378 864 1421 rum
888 1378 1010 1421 non
1032 1355 1477 1443 percipiendos
1500 1376 1616 1441 per
1743 1355 1827 1419 ad
1858 1356 2338 1442 perceptionem
2368 1356 2690 1441 beneficij,
2726 1356 2850 1419 nisi
2881 1357 3088 1442 primo
3121 1357 3438 1443 receperit
3470 1356 3801 1440 Ordinem,
3836 1358 3921 1423 ad
3952 1379 4144 1444 quem
4177 1380 4357 1422 assu·

723 1485 853 1529 non
893 1465 1244 1529 existentes
1285 1464 1349 1528 in
1392 1465 1610 1528 sacris.
1743 1470 1952 1527 metur
1996 1462 2101 1526 vel
2148 1462 2446 1548 eligetur.
2495 1463 2643 1527 Non
2690 1463 3062 1549 permittam
3110 1463 3506 1529 Canonicum
3573 1464 3637 1528 in
3693 1464 3900 1551 primo
3948 1465 4049 1529 sui
4096 1465 4358 1530 canoni·

1741 1578 1922 1634 catus
1970 1591 2140 1635 anno
2188 1571 2519 1657 percipere
2567 1569 2941 1635 benefitium
2989 1571 3095 1635 vel
3140 1571 3534 1657 prebendam
3579 1578 3797 1657 preter
3843 1572 4151 1636 victualia
4197 1572 4357 1655 sola,

723 1680 836 1745 sed
869 1679 1042 1744 illius
1083 1681 1236 1743 anni
1282 1679 1655 1744 benefitium
1686 1678 1791 1743 vel
1830 1677 2160 1764 prebenda
2208 1678 2273 1741 in
2322 1698 2625 1742 comunes
2659 1678 2972 1742 utilitates
3019 1686 3085 1742 et
3132 1678 3584 1742 neccessitates
3617 1677 3901 1764 Capituli
3932 1678 4358 1765 expendatur,

721 1789 812 1853 ita
871 1794 1088 1852 tamen
1151 1786 1324 1873 quod
1368 1787 1536 1852 inter
1585 1786 1943 1852 Canonicos
1990 1807 2121 1851 non
2165 1784 2511 1849 dividatur.
2560 1784 3034 1868 Possessiones,
3085 1785 3227 1850 iura
3288 1792 3353 1849 et
3408 1785 3716 1868 honores,
3765 1786 4194 1851 instrumenta
4247 1808 4362 1851 seu

722 1902 934 1960 cartas
982 1895 1117 1959 sive
1164 1894 1509 1981 privilegia
1543 1894 1829 1981 Capituli
1874 1900 2100 1958 contra
2148 1913 2368 1957 omnes
2401 1892 2693 1957 homines
2743 1892 2998 1957 adiutor
3031 1913 3142 1958 ero
3191 1893 3274 1958 ad
3321 1892 3852 1977 conservandum,
3886 1893 4361 1958 defendendum

722 2011 787 2068 et
832 2002 1364 2089 recuperandum,
1408 2002 1573 2066 sieut
1621 2000 1920 2088 Capitulo
1968 2000 2072 2064 vel
2119 2000 2348 2063 maiori
2394 2000 2587 2086 parti,
2623 2000 2853 2064 melius
2894 2006 2959 2064 et
3004 2000 3226 2065 utilius
3272 2000 3629 2084 videbitur3
3664 2001 4102 2086 possessiones
4136 2000 4360 2065 immo-

724 2112 884 2175 biles
933 2110 1015 2175 ad
1052 2109 1447 2174 bononiense
1482 2108 1851 2196 Capitulum
1885 2108 2280 2195 pertinentes
2311 2128 2438 2171 non
2474 2106 2794 2190 alienabo,
2831 2128 2948 2171 nec
2981 2108 3252 2171 alienari
3283 2109 3700 2191 consentiam,
3735 2108 3858 2172 nisi
3887 2130 4005 2194 pro
4039 2108 4361 2194 emptione

720 2218 828 2281 vel
871 2216 1343 2304 permutatione
1392 2216 1657 2280 alterius
1712 2215 2135 2302 possessionis
2183 2213 2529 2278 immobilis
2578 2214 2852 2278 utilioris
2900 2214 3004 2278 vel
3066 2236 3230 2300 eque
3278 2214 3490 2299 utilis,
3538 2215 3643 2279 vel
3708 2215 4180 2280 constructione
4243 2215 4359 2279 ali-

721 2325 902 2389 cuius
951 2324 1178 2407 edifitij
1228 2324 1311 2388 ad
1360 2345 1763 2388 communem
1793 2323 2143 2387 utilitatem
2173 2321 2665 2407 pertinentibus,
2698 2322 2805 2385 vel
2852 2321 2981 2385 alia
3018 2322 3301 2386 evidenti
3333 2323 3610 2387 utilitate
3645 2323 3985 2403 communi,
4020 2323 4110 2386 ita
4142 2332 4358 2387 tamen

722 2431 893 2518 quod
939 2432 1107 2495 inter
1140 2431 1499 2496 Canonicos
1548 2451 1676 2496 non
1723 2431 1835 2494 fiat
1883 2430 2113 2494 divisio
2159 2429 2351 2516 pretii
2397 2429 2476 2493 de
2523 2429 2929 2515 possessione
2977 2430 3219 2515 recepti
3252 2451 3444 2516 super
3478 2431 3747 2516 agendis
3795 2436 3860 2494 et
3908 2430 4184 2494 utilitate
4233 2428 4356 2494 Ca-

721 2539 930 2625 pituli,
965 2560 1156 2624 quani
1191 2539 1467 2602 scienter
1515 2559 1641 2602 non
1676 2536 2051 2624 impediam3
2087 2536 2452 2622 requisitus,
2488 2535 2659 2621 quod
2706 2536 2916 2622 magis
2962 2536 3118 2601 utile
3168 2536 3427 2601 credam
3459 2537 3797 2601 eonsilium
3827 2537 4032 2619 dab03
4081 2537 4358 2601 scienter

720 2667 848 2710 non
895 2645 1211 2710 fraudabo
1254 2644 1645 2731 Capitulum,
1680 2644 1813 2708 sive
1863 2644 2131 2707 offitium
2164 2643 2461 2724 habeam,
2496 2643 2631 2706 sive
2678 2664 2830 2725 non,
2865 2643 2943 2706 de
2993 2643 3090 2726 iis,
3127 2664 3249 2729 que
3297 2644 3560 2707 venient
3606 2643 3688 2707 ad
3738 2664 3964 2708 manus
4011 2664 4189 2707 meas
4236 2665 4354 2729 pro

719 2753 1018 2839 Capitulo
1066 2753 1169 2816 vel
1219 2753 1301 2816 ad
1350 2752 1890 2817 Communitatem
1936 2751 2303 2838 pertineant
2351 2750 2453 2814 vel
2500 2750 2952 2837 pertinebunt3
3001 2750 3224 2814 literas
3272 2772 3310 2814 a
3362 2749 3558 2815 Curia
3619 2772 3888 2815 romana
3950 2758 4175 2816 contra
4239 2751 4358 2814 hec

717 2860 1003 2947 capitula
1049 2882 1177 2924 non
1226 2859 1606 2946 impetrabo,
1653 2880 1770 2922 nec
1817 2858 2177 2944 impetratis
2227 2865 2392 2921 utar.
2440 2857 2707 2921 Nullum
2757 2857 3032 2923 electum
3083 2864 3148 2922 et
3196 2857 3642 2922 confirmatum
3687 2858 3751 2922 in
3802 2858 4199 2923 Canonicum
4245 2857 4358 2920 ad·

718 2967 968 3030 mittam
1001 2966 1083 3030 ad
1115 2966 1593 3053 perceptionem
1629 2964 1935 3048 benefitij,
1968 2964 2075 3028 vel
2124 2964 2410 3029 Consilia
2458 2964 2761 3050 Capituli,
2799 2948 2921 3028 nisi
2969 2965 3175 3051 primo
3209 2965 3523 3030 iuraverit
3569 2965 3652 3028 ad
3698 2972 3922 3030 sancta
3967 2965 4092 3029 Dei
4140 2964 4356 3028 Evan-

717 3073 891 3159 gelia
923 3073 1138 3137 omnia
1183 3081 1247 3137 et
1280 3073 1537 3158 singula
1567 3071 1858 3158 predicta
1892 3071 2176 3158 capitula
2209 3071 2575 3136 observare.
2612 3071 2717 3136 Sic
2751 3093 2853 3135 me
2886 3071 3066 3136 Deus
3100 3072 3361 3136 adiuvet
3392 3079 3457 3136 et
3487 3072 3607 3137 hec
3639 3079 3863 3137 sancta
3893 3072 4258 3157 Evangelia
4293 3097 4353 3135 ».

899 3181 1265 3244 Secundum
1311 3180 1737 3267 prescriptam
1786 3178 2061 3242 formam
2105 3178 2463 3265 prescripta
2509 3178 2795 3265 capitula
2843 3179 3222 3243 iuraverunt
3267 3180 3791 3266 Archipresbiter
3837 3186 3901 3244 et
3942 3179 4185 3264 singuli
4216 3201 4358 3265 pre-

717 3288 959 3374 scripti.
1010 3288 1429 3352 Presentibus
1474 3286 1952 3351 Archidiacono
2002 3285 2326 3350 antedicto
2374 3293 2439 3350 et
2486 3286 2630 3349 aliis
2679 3286 3051 3372 prescriptis
3098 3287 3437 3351 universis.

895 3396 1132 3459 Actum
1182 3395 1245 3459 in
1293 3394 1552 3459 civitate
1602 3392 1894 3457 Bononie
1944 3393 2008 3456 in
2057 3393 2367 3457 canonica
2414 3393 2621 3457 sancti
2666 3392 2867 3476 Petri,
2904 3393 2967 3457 in
3014 3414 3271 3458 camera
3318 3394 3474 3459 dicti
3503 3392 3986 3475 Archidiaconi,
4020 3414 4189 3457 anno
4223 3392 4356 3457 Do-

718 3502 872 3566 mini
920 3502 1261 3566 millesimo
1311 3500 1749 3566 ducentesimo
1796 3499 2111 3585 vigesimo
2159 3500 2387 3586 primo,
2437 3500 2539 3564 die
2587 3500 2815 3586 quinta
2861 3508 3140 3565 exeunte
3189 3523 3407 3566 mense
3454 3502 3735 3587 augusti,
3767 3501 4114 3565 indictione
4163 3522 4354 3565 nona.

894 3610 1037 3695 Ego
1084 3610 1357 3674 Albizus
1404 3609 1587 3673 Petri
1632 3607 1884 3689 Albici,
1932 3607 2341 3694 imperatoris
2398 3608 2693 3672 Federici
2740 3608 3065 3691 notarius,
3113 3608 3237 3673 hiis
3286 3609 3582 3673 omnibus
3631 3608 3894 3673 interfui
3939 3616 4004 3673 et
4049 3608 4355 3673 mandato

717 3714 869 3779 dicti
917 3715 1158 3780 domini
1204 3713 1666 3779 Archidiaconi
1712 3719 1777 3776 et
1823 3711 1976 3777 dicti
2023 3713 2266 3778 domini
2312 3712 2859 3800 Archipresbiteri
2907 3721 2973 3777 et
3018 3721 3378 3779 ceterorum
3416 3714 3851 3801 predictorum
3884 3712 4355 3779 Canonicorum

715 3823 963 3910 scripsi.

895 3931 1014 4014 (L.
1048 3931 1093 4013 †
1128 3932 1232 4013 S.)
1279 3930 1423 4017 Ego
1471 3927 1846 3994 Bernardus
1894 3929 2062 3993 filius
2109 3930 2558 3994 Bencevennis
2606 3929 3057 4015 Boninsegne,
3107 3930 3426 4017 imperiali
3472 3931 3856 3995 auctoritate
3906 3930 4233 4011 notarius,
4283 3937 4354 3992 ut

716 4039 780 4101 in
826 4038 1115 4126 predicto
1165 4039 1590 4103 instrumento
1641 4035 1857 4099 inveni
1906 4036 1996 4101 ita
2042 4058 2159 4124 per
2208 4037 2498 4102 ordinem
2546 4036 2821 4101 fideliter
2867 4037 3259 4123 exemplavj.

2443 4415 2628 4480 XVI.

2265 4649 2461 4733 1222,
2509 4649 2595 4712 24
2642 4650 2804 4713 iulii.

1177 4881 1189 4894 .
1516 4881 1529 4895 .
1880 4882 1892 4895 .
2187 4882 2201 4896 .
3614 4883 3625 4895 .
4114 4860 4166 4900 ω

864 4880 969 4944 Ex
1016 4881 1277 4945 archivo
1327 4887 1533 4946 sancti
1583 4880 1917 4968 Stephani,
1967 4903 2137 4947 nunc
2184 4904 2250 4945 1n
2298 4880 2461 4946 Tab.
2511 4882 2689 4947 Max.
2739 4882 3016 4966 bonon.,
3066 4888 3221 4946 sect.
3276 4906 3304 4936 α
3353 4881 3721 4946 Demamale
3768 4905 3828 4964 »,
3879 4901 4050 4967 caps.
4100 4918 4202 4973 ᾖ.

886 5113 1079 5178 Anno
1127 5113 1391 5177 Domini
1440 5114 1780 5179 millesimo
1829 5114 2267 5179 ducentesimo
2316 5115 2654 5179 vicessimo
2702 5115 3006 5198 secund0,
3041 5114 3144 5179 die
3194 5122 3422 5180 octavo
3471 5120 3749 5179 exeunte
3789 5113 3967 5196 iulio,
4001 5113 4349 5178 indictione

708 5219 979 5302 decima,
1029 5220 1201 5306 apud
1250 5221 1524 5307 ospitale
1573 5220 2081 5305 Cruciferorum,
2130 5223 2538 5308 presentibus
2584 5221 2944 5309 presbitero
2991 5222 3286 5287 Durante
3333 5228 3399 5286 et
3441 5221 3800 5308 presbitero
3848 5220 4149 5285 Johanne
4194 5220 4348 5284 Pla-

709 5328 985 5410 centino,
1032 5335 1096 5392 et
1142 5328 1402 5393 domino
1447 5328 1806 5393 Bonatesta
1852 5329 2231 5393 Albertinus
2280 5330 2696 5394 Placentinus
2744 5352 2830 5394 ex
2874 5336 3059 5417 parte
3109 5329 3350 5394 domini
3382 5328 3656 5395 Jordani
3693 5327 3979 5415 paduani
4019 5327 4346 5414 Episcopi,

707 5440 771 5498 et
816 5435 1056 5498 domini
1106 5436 1401 5520 magistri
1449 5435 1781 5500 Guilielmi
1813 5436 2093 5501 doctoris
2126 5436 2551 5520 decretorum,
2587 5444 2650 5501 et
2682 5437 2978 5523 magistri
3013 5436 3345 5502 Guilielmi
3376 5436 3621 5501 Vaschi
3651 5435 4079 5517 decretaliste,
4115 5434 4348 5499 obtulit

708 5547 771 5604 et
825 5541 1001 5605 dedit
1044 5541 1455 5608 Bonoadiuto
1505 5542 1751 5608 sindico
1800 5543 2111 5631 Ospitalis
2162 5544 2640 5609 Cruciferorum
2704 5550 2769 5608 et
2832 5543 3132 5630 Capitulo
3180 5551 3244 5609 et
3289 5543 3628 5608 Fratribus
3678 5542 3937 5608 Ordinis
3985 5541 4347 5607 Crucifero-

708 5670 850 5711 rum
897 5649 1211 5734 quasdam
1258 5650 1480 5714 literas
1527 5672 1673 5716 cum
1720 5651 1927 5715 tribus
1972 5651 2205 5737 sigillis
2253 5652 2592 5737 sigillatas,
2627 5673 2902 5737 quarum
2950 5658 3134 5716 tenor
3177 5651 3279 5716 hic
3312 5659 3485 5716 erat:
3529 5675 3560 5710 ‹
3594 5650 3942 5732 Jordanus,
3976 5650 4100 5714 Dei
4134 5651 4348 5736 gratia

706 5754 1056 5819 Paduanus
1088 5756 1470 5844 Episcopus,
1504 5765 1568 5822 et
1602 5758 1987 5823 Guilielmus
2020 5758 2243 5823 doctor
2275 5758 2722 5841 Decretorum,
2757 5759 3043 5844 delegati
3074 5758 3315 5823 domini
3356 5758 3559 5845 Pape,
3594 5765 3657 5822 et
3691 5756 4076 5822 Guilielmus
4108 5756 4345 5840 Vasco,

705 5862 928 5927 doctor
973 5862 1450 5948 Decretalium,
1501 5865 1963 5950 subdelegatus
2010 5866 2253 5930 domini
2300 5866 2658 5952 parmensis
2705 5866 3047 5953 Episcopi,
3094 5866 3251 5930 viris
3297 5867 3585 5954 providis
3640 5872 3708 5930 et
3755 5864 4085 5947 discretis,
4134 5864 4345 5928 Priori

704 5976 767 6033 et
811 5968 1150 6034 Fratribus
1199 5971 1460 6036 Ordinis
1510 5971 1988 6038 Cruciferorum
2037 5972 2116 6037 de
2162 5972 2480 6053 Bononia,
2515 5973 2790 6038 salutem
2837 5980 2901 6038 et
2948 5974 3304 6038 fraternam
3350 5974 3419 6037 in
3463 5972 3744 6037 Domino
3792 5971 4148 6037 caritatem.
4189 5972 4344 6035 Plu-

704 6075 937 6139 rimum
985 6098 1103 6140 nec
1148 6077 1494 6161 imme[rito
1543 6078 1986 6163 adm]iramur,
2029 6078 2199 6165 quod
2247 6078 2330 6143 ad
2377 6079 2724 6143 terminum
2770 6080 2955 6145 vobis
3000 6087 3314 6145 statutum
3361 6101 3555 6166 super
3602 6099 3799 6144 causa
3845 6099 3959 6142 seu
4008 6079 4343 6164 questione

704 6204 827 6269 que
876 6204 1095 6248 coram
1143 6184 1327 6249 nobis
1376 6206 1460 6250 ex
1506 6185 1918 6271 delegatione
1966 6185 2207 6250 domini
2253 6186 2435 6273 Pape
2483 6186 2651 6251 inter
2682 6208 2819 6269 voe,
2855 6208 2939 6252 ex
2969 6195 3156 6274 parte
3188 6209 3340 6270 una,
3380 6194 3445 6252 et
3475 6187 3758 6253 Abatem
3790 6187 3997 6251 sancti
4030 6186 4344 6273 Stephani

703 6289 782 6354 de
828 6289 1146 6372 Bononia,
1196 6313 1281 6371 ex
1327 6292 1554 6376 altera,
1602 6294 1888 6357 noscitur
1935 6293 2192 6378 agitari,
2239 6314 2369 6358 non
2416 6293 2704 6376 venistis,
2754 6315 2874 6358 nec
2922 6294 3203 6381 aliquem
3251 6295 3690 6381 responsalem
3738 6294 3991 6358 mittere
4040 6315 4345 6380 procura-

702 6397 838 6461 stis.
872 6397 1186 6462 Volentes
1235 6399 1454 6485 igitur,
1488 6408 1680 6486 prout
1727 6406 2021 6464 tenemur
2069 6407 2135 6464 et
2182 6399 2511 6484 debemus,
2544 6401 2923 6465 mandatum
2956 6402 3380 6488 apostolicum
3427 6403 3494 6466 in
3541 6401 3663 6466 hac
3709 6408 3894 6488 parte
3940 6401 4008 6464 in
4047 6401 4344 6467 omnibus

865 6536 1001 6574 rou.
1041 6537 1106 6574 11.
4115 6528 4182 6578 22
