5542 7775
1349 661 1808 713 SPECTANTJA
1851 663 1953 711 AD
1993 662 2324 713 CLASSEM
2362 663 3094 713 ARcleACONORUM
3132 663 3337 714 scen.
3381 663 3655 714 Boron.
4160 641 4309 712 269

2369 1029 2622 1094 XXIX.

2227 1243 2422 1325 1244,
2470 1244 2555 1305 31
2602 1245 2771 1306 maii.

1548 1457 1653 1522 Ex
1701 1466 1854 1523 tom.
1901 1456 2191 1522 XXVII.
2245 1457 2390 1522 Cod.
2439 1459 2589 1543 dipl.
2638 1457 2805 1523 Eccl.
2854 1458 2987 1522 bon.
3016 1509 3033 1541 ,
3084 1480 3254 1522 num.
3305 1457 3449 1524 CII.

860 1673 1277 1739 Innocentius
1325 1672 1442 1737 IV.
1470 1672 1550 1737 (1)
1583 1672 1882 1759 Capitulo
1929 1672 2327 1736 bononiensi.

851 1780 1212 1867 Assumpti,
1263 1780 1558 1866 quamvis
1607 1778 1927 1862 immeriti,
1978 1776 2358 1864 disponente
2406 1778 2707 1861 Domin0,
2756 1779 2822 1843 in
2868 1779 3334 1866 plenitudinem
3380 1780 3738 1866 potestatis,
3774 1780 3916 1845 illos
3965 1802 4124 1865 quos
4170 1780 4311 1844 lite-

677 1912 894 1955 rarum
944 1890 1236 1971 scientia,
1288 1910 1538 1952 morum
1585 1887 1890 1951 nobilitas
1937 1894 2001 1950 et
2050 1886 2453 1950 conversatio
2499 1886 2740 1950 munda
2787 1887 3121 1967 decorant,
3171 1907 3247 1950 eo
3295 1887 3597 1950 libentius
3645 1886 3711 1950 in
3757 1895 4007 1974 partem
4052 1887 4314 1952 honoris

673 2006 737 2062 et
785 1996 1235 2061 sollicitudinis
1286 2016 1665 2078 evocamus,
1714 2016 1840 2079 quo
1888 2015 2003 2081 per
2051 1994 2215 2057 tales
2262 1994 2592 2079 operarios
2638 1994 2829 2057 vinea
2877 1993 3117 2057 domini
3167 1992 3455 2058 Sabaoth
3504 1995 3835 2058 consuevit
3889 1993 4312 2076 fructificare,

672 2105 927 2169 sarculo
976 2103 1326 2168 studiosius
1376 2102 1608 2185 excoli,
1657 2123 1731 2166 ac
1779 2103 2068 2166 securius
2118 2101 2446 2166 custodiri.
2496 2100 2658 2166 Cum
2706 2101 2905 2186 igitur
2950 2101 3253 2165 dilectum
3299 2101 3502 2164 filium
3549 2108 3837 2165 nostrum
3887 2101 4316 2166 Octavianum

672 2219 892 2277 sancte
941 2211 1148 2276 Maris
1197 2211 1261 2275 in
1308 2210 1436 2274 Via
1484 2210 1619 2273 lata
1673 2209 2012 2273 diaconum
2053 2208 2469 2291 cardinalem,
2503 2209 2605 2273 cui
2639 2209 2978 2272 commissa
3025 2216 3164 2272 erat
3196 2209 3278 2271 ab
3313 2208 3664 2294 apostolica
3701 2208 3867 2272 Sede
3899 2208 4312 2273 bononiensis

669 2319 964 2384 Ecclesia
1013 2316 1441 2404 procuranda,
1479 2316 1560 2380 ad
1594 2316 2032 2380 cardinalatus
2064 2316 2446 2401 dignitatem
2480 2315 2782 2379 duximus
2815 2315 3290 2397 assumendum,
3327 2336 3441 2378 nos
3489 2315 3861 2400 diligentius
3910 2315 4314 2379 attendentes

673 2426 845 2511 quod
892 2424 1344 2490 sollicitudinis
1394 2432 1608 2487 nostre
1658 2424 2002 2505 intererat,
2054 2431 2123 2487 ut
2187 2423 2251 2485 in
2316 2422 2543 2486 eadem
2597 2421 2892 2486 Ecclesia
2946 2422 3128 2485 illum
3174 2421 3497 2486 hominem
3543 2443 3968 2507 poneremuS,
4018 2423 4127 2507 qui
4172 2421 4314 2487 Deo

673 2540 898 2619 gratus
949 2541 1010 2597 et
1058 2531 1424 2596 hominibus
1472 2532 1555 2594 sit
1603 2539 1942 2616 acceptus,
1992 2530 2300 2593 dilectum
2353 2530 2557 2593 filium
2618 2530 2887 2593 fratrem
2945 2529 3263 2594 Jacobum
3324 2529 3925 2593 vicecancellarium
3988 2535 4313 2612 nostrum,

671 2641 882 2703 virum
929 2640 1220 2726 profecto
1269 2637 1621 2703 secundum
1670 2659 1779 2701 cor
1828 2645 2142 2719 nostrum,
2178 2637 2280 2701 cui
2327 2644 2591 2723 propter
2635 2637 3115 2723 prerogativam
3157 2658 3405 2700 morum
3439 2643 3503 2700 et
3534 2636 3821 2720 scientie,
3855 2658 4048 2723 super
4082 2636 4312 2722 quibus

670 2748 731 2811 ei
778 2756 1110 2832 tamqnam
1159 2745 1250 2808 illi
1302 2745 1410 2830 qui
1458 2744 1567 2808 diu
1620 2745 1954 2809 nobiscum
1989 2753 2086 2809 est
2136 2745 2547 2808 laudabiliter
2578 2752 3017 2825 conversatus,
3049 2744 3377 2807 laudabile
3409 2744 3843 2808 testimonium
3878 2744 4310 2830 perhibemus,

672 2854 794 2940 ipsi
842 2854 1155 2935 Ecclesie,
1191 2853 1269 2917 de
1304 2852 1576 2916 fratrum
1627 2860 1991 2916 nostrorum
2040 2852 2327 2934 consilio,
2362 2852 2747 2937 prefecimus
2796 2852 2860 2914 in
2904 2851 3272 2936 episcopum
3307 2858 3371 2915 et
3403 2858 3748 2938 pastorem,
3783 2859 3845 2915 et
3878 2851 4071 2937 plena
4104 2850 4313 2915 eidem

669 2968 804 3026 tam
853 2962 917 3023 in
966 2960 1410 3046 spiritualibus
1461 2981 1652 3044 quam
1707 2959 2172 3044 temporalibus
2220 2958 2776 3022 administratione
2825 2979 3150 3041 concessa,
3185 2958 3684 3022 consecrationis
3732 2959 3853 3022 sibi
3901 2979 4132 3021 munus
4179 2979 4313 3021 ma-

669 3069 858 3133 nibus
908 3069 1142 3132 nostris
1192 3067 1495 3131 duximus
1556 3066 2091 3152 impendendum,
2141 3074 2477 3152 sperantes
2537 3067 2825 3145 firmiter,
2875 3066 3068 3130 immo
3132 3088 3247 3152 pro
3309 3073 3484 3131 certo
3548 3066 3867 3153 probabili
3931 3074 4312 3151 argumento

667 3183 980 3257 tenentes,
1033 3175 1204 3260 quod
1252 3174 1480 3238 eadem
1526 3172 1820 3237 Ecclesia
1873 3174 1992 3238 sub
2044 3174 2244 3259 ipsius
2291 3174 2604 3259 regimine
2651 3175 3045 3237 incrementa
3093 3180 3282 3258 grata
3327 3173 3653 3259 suscipiet,
3702 3180 3963 3238 auctore
4010 3172 4312 3255 Domino,

670 3285 737 3347 in
797 3284 1107 3367 utrisque.
1160 3281 1476 3355 Quocirca
1538 3281 1945 3367 presentibus
2007 3281 2387 3344 mandamus
2435 3289 2787 3367 quatenus,
2836 3280 3240 3345 considerato
3304 3281 3653 3367 prudenter
3700 3280 3869 3366 quod
3931 3302 4015 3344 ex
4076 3280 4314 3344 affectu

670 3411 907 3475 magno
956 3389 1285 3475 processit,
1321 3388 1492 3474 quod
1540 3411 1655 3451 nos
1704 3388 2022 3471 exuimus,
2073 3396 2142 3452 ut
2189 3409 2304 3452 vos
2352 3397 2416 3452 et
2462 3389 2923 3452 bononiensem
2970 3389 3328 3453 Ecclesiam
3378 3390 3779 3471 vestiremus,
3814 3388 3935 3474 ipsi
3984 3396 4313 3473 tamquam

667 3498 836 3583 patri
885 3506 947 3561 et
995 3497 1242 3583 pastori
1289 3496 1650 3559 animarum
1690 3505 2054 3559 vestrarum
2089 3496 2276 3582 plene
2310 3518 2384 3560 ac
2416 3496 2743 3560 humiliter
2780 3496 3205 3577 intendentes,
3240 3496 3603 3560 exhibeatis
3637 3496 3845 3560 eidem
3878 3495 4311 3559 obedientiam

673 3613 736 3668 et
785 3604 1214 3668 reverentiam
1261 3603 1546 3667 debitam
1593 3611 1657 3666 et
1704 3602 2028 3685 devotam,
2079 3604 2221 3687 ejus
2269 3603 2557 3667 salubria
2603 3604 2849 3667 monita
2894 3612 2959 3668 et
3005 3603 3311 3666 mandata
3360 3603 3766 3690 suscipiendo
3814 3603 4044 3666 devote
4093 3623 4169 3665 ac
4217 3601 4313 3665 in-

669 3712 1060 3776 violabiliter
1109 3710 1553 3793 observando;
1604 3710 1890 3796 alioquin
1939 3711 2346 3792 sententiam,
2381 3732 2572 3797 quam
2622 3712 2793 3774 idem
2840 3712 2959 3775 rite
3007 3710 3227 3775 tulerit
3262 3710 3325 3774 in
3358 3710 3653 3793 rebelles,
3688 3718 3895 3774 ratam
3927 3709 4310 3773 habebimus

672 3827 735 3882 et
784 3818 1114 3904 faciemus,
1165 3827 1429 3884 auctore
1477 3818 1692 3903 [Deo],
1741 3840 1942 3905 usque
1991 3819 2073 3882 ad
2119 3818 2625 3883 satisfactionem
2673 3820 3061 3907 condignam
3110 3819 3568 3883 inviolabiliter
3616 3817 3965 3883 observari.

843 3928 1087 3993 Datum
1134 3929 1442 3993 Laterani
1492 3928 1772 3992 secundo
1821 3928 2137 3992 kalendas
2181 3928 2369 4012 junii,
2420 3930 2832 4015 pontificatus
2879 3929 3081 3994 nostri
3128 3950 3297 3994 anno
3345 3928 3572 4015 prim0.

2375 4250 2593 4314 XXX.

2194 4465 2390 4547 1251,
2438 4464 2482 4526 3
2526 4464 2796 4528 octobris.

1389 4676 1494 4741 Ex
1545 4678 1719 4741 arch.
1769 4677 2043 4764 Metrop.
2094 4677 2328 4742 bonon.
2377 4677 2441 4741 in
2500 4703 2529 4735 ι
2581 4676 2770 4741 Libro
2818 4680 3052 4742 Atrium
3100 4703 3160 4761 »,
3211 4699 3341 4742 car.
3392 4681 3477 4743 80
3526 4676 3613 4742 v.⁰

869 4892 1098 4955 Carta
1247 4890 1321 4953 In
1387 4891 1641 4954 nomine
1689 4891 1980 4974 Domini,
2030 4913 2238 4956 amen.
2301 4891 2493 4957 Anno
2555 4891 2818 4956 Domini
2879 4892 3218 4956 millesimo
3280 4891 3716 4955 ducentesimo
3778 4892 4310 4978 quinquagesimo

664 4997 1097 5063 conversionis
1244 4998 1471 5083 primo,
1514 4998 1860 5062 indictione
1907 5020 2098 5080 nona,
2133 4998 2236 5062 die
2285 4999 2527 5080 martis,
2563 5000 2751 5063 tertio
2795 5001 3075 5063 intrante
3122 4999 3406 5063 octubre.
3449 5001 3554 5074 (12³
3584 4998 4032 5062 Jambonellus
4079 4998 4310 5062 Alber-

665 5104 1060 5189 Jambonellj
1245 5104 1450 5168 tinelli
1499 5105 1577 5168 de
1622 5105 1999 5190 Bolognolis
2047 5105 2125 5168 de
2175 5105 2567 5191 Castagnolo
2600 5106 2857 5188 Minori,
2892 5106 3298 5192 presentibus
3347 5114 3409 5169 et
3457 5105 4003 5169 consentientibus
4052 5105 4309 5170 domino

1244 5212 1601 5277 Octaviano
1650 5213 2028 5297 presbitero,
2077 5212 2334 5277 domino
2383 5214 2740 5299 presbitero
2789 5213 3270 5295 BartholomeO,
3304 5212 3562 5277 domino
3611 5213 3968 5277 Octaviano
4016 5212 4308 5295 diacono,

665 5320 841 5383 dedit
886 5328 950 5383 et
997 5319 1230 5383 obtulit
1278 5341 1346 5383 se
1395 5341 1540 5383 cum
1589 5319 1885 5383 omnibus
1933 5320 2065 5382 suis
2114 5320 2326 5402 bonis,
2370 5321 2625 5404 juribus
2688 5328 2752 5384 et
2816 5320 3176 5384 actionibus
3239 5319 3380 5384 Deo
3439 5327 3504 5383 et
3559 5320 3829 5383 ecclesia
3878 5320 4084 5383 sancti
4130 5319 4309 5384 Petri

665 5428 922 5492 nomine
974 5427 1334 5491 offersionis
1384 5427 1446 5490 in
1495 5448 1724 5490 manus
1772 5426 2013 5490 domini
2060 5426 2367 5513 Phylippi
2414 5426 2850 5491 archidiaconi
2898 5427 3330 5510 bononiensia,
3379 5435 3443 5491 et
3485 5427 3724 5490 domini
3772 5427 4051 5511 Bononij
4102 5427 4308 5492 archi·

665 5534 1006 5620 presbiteri
1055 5534 1488 5616 bononiensiS,
1523 5535 1903 5620 promittens
1949 5534 2190 5598 eisdem
2237 5536 2664 5599 reverentiam
2714 5543 2778 5600 et
2827 5535 3259 5598 obedientiam
3308 5536 3675 5600 manualem
3722 5535 4178 5620 recipientibus
4227 5535 4309 5599 ad

665 5643 974 5706 honorem
1021 5641 1285 5706 Domini
1333 5643 1535 5706 nostri
1583 5642 1738 5706 Jesu
1791 5642 2029 5706 Christi
2078 5650 2140 5706 et
2190 5642 2457 5706 ecclesie
2506 5644 2712 5706 sancti
2757 5642 2939 5707 Petri
2986 5644 3396 5729 episcopatus
3443 5643 3875 5707 bononiensis.

849 5751 1084 5813 Actum
1138 5749 1202 5812 in
1251 5751 1562 5815 canonica
1610 5750 1921 5832 Bononie,
1956 5750 2364 5835 presentibus
2410 5750 2667 5815 domino
2699 5750 3058 5837 presbitero
3092 5749 3534 5833 Aldrovand0‚
3567 5750 3923 5837 presbitero
3955 5751 4307 5815 Frumento

667 5856 1060 5938 sacristanis,
1098 5864 1162 5920 et
1210 5856 1510 5920 Johanne
1560 5865 1806 5920 rectore
1856 5856 2123 5921 ecclesie
2171 5865 2392 5922 sancte
2439 5857 2644 5921 Marie
2690 5857 2768 5921 dc
2804 5857 3163 5940 Auxilittis,
3198 5865 3259 5920 et
3296 5857 3717 5922 Cazanemico
3751 5857 3830 5922 de
3865 5858 4304 5940 Porcuncinis,

665 5971 728 6026 et
778 5963 922 6025 aliis
975 5963 1191 6026 multis
1239 5963 1511 6027 testibus
1559 5963 1806 6027 vocatis
1854 5972 1917 6027 et
1964 5964 2230 6049 rogatis.

845 6069 961 6150 (L.
997 6071 1041 6150 †
1076 6070 1170 6151 S.)
1216 6070 1303 6133 Et
1349 6092 1470 6154 ego
1519 6070 1847 6134 Bolnisius
1896 6071 2169 6134 condam
2229 6072 2558 6154 Accursii‚
2609 6072 2994 6136 auctoritate
3053 6072 3384 6157 jmperialj
3446 6072 3770 6154 notarius,
3818 6073 3942 6135 hiis
4010 6072 4305 6136 omnibus

663 6198 927 6263 presens
980 6177 1107 6259 fui,
1159 6185 1244 6258 et,
1295 6186 1364 6240 ut
1412 6199 1606 6263 supra
1652 6177 1911 6262 legitur,
1963 6178 2266 6242 mandato
2316 6180 2599 6264 ipsorum
2647 6179 3052 6243 dominorum
3100 6178 3215 6262 [et]
3263 6177 3415 6242 dicti
3462 6179 3856 6243 Jambonelli
3904 6179 4149 6265 scripsi.

824 6515 902 6581 (1)
943 6514 1022 6564 Ex
1064 6530 1175 6582 reg.
1215 6513 1260 6565 Ι.
1301 6514 1490 6566 Innoc.
1531 6514 1661 6579 IV„
1701 6531 1786 6583 ep.
1828 6517 1947 6580 719,
1991 6515 2084 6567 sol.
2131 6519 2248 6580 113,
2287 6515 2669 6582 MCCXLIV„
2708 6516 2919 6569 XXXI.
2958 6519 3104 6570 maii.
