<?xml version="1.0" encoding="UTF-8"?>
<!DOCTYPE html PUBLIC "-//W3C//DTD XHTML 1.0 Transitional//EN"
    "http://www.w3.org/TR/xhtml1/DTD/xhtml1-transitional.dtd">
<html xmlns="http://www.w3.org/1999/xhtml" xml:lang="en" lang="en">
 <head>
  <title>
</title>
<meta http-equiv="Content-Type" content="text/html;charset=utf-8" />
  <meta name='ocr-system' content='tesseract 3.04.00' />
  <meta name='ocr-capabilities' content='ocr_page ocr_carea ocr_par ocr_line ocrx_word'/>
</head>
<body>
  <div class='ocr_page' id='page_1' title='image "./declarisarchigy00malagoog_0038.png"; bbox 0 0 5542 7775; ppageno 0'>
   <div class='ocr_carea' id='block_1_1' title="bbox 1254 526 3298 600">
    <p class='ocr_par' dir='ltr' id='par_1_1' title="bbox 1254 526 3298 600">
     <span class='ocr_line' id='line_1_1' title="bbox 1254 526 3298 600; baseline 0.001 -3"><span class='ocrx_word' id='word_1_1' title='bbox 1254 526 1354 597; x_wconf 88' lang='lat'><strong>40</strong></span> <span class='ocrx_word' id='word_1_2' title='bbox 2819 548 3298 600; x_wconf 64' lang='lat' dir='ltr'><strong>mosomum</strong></span> 
     </span>
    </p>
   </div>
   <div class='ocr_carea' id='block_1_2' title="bbox 1220 702 4920 3472">
    <p class='ocr_par' dir='ltr' id='par_1_2' title="bbox 1245 702 4874 1003">
     <span class='ocr_line' id='line_1_2' title="bbox 1250 702 4874 791; baseline 0.001 -25"><span class='ocrx_word' id='word_1_3' title='bbox 1250 702 1481 766; x_wconf 85' lang='lat' dir='ltr'><strong>Comiti</strong></span> <span class='ocrx_word' id='word_1_4' title='bbox 1531 702 1893 767; x_wconf 85' lang='lat' dir='ltr'><strong>Gottifredo</strong></span> <span class='ocrx_word' id='word_1_5' title='bbox 1941 702 2020 766; x_wconf 87' lang='lat' dir='ltr'><strong>de</strong></span> <span class='ocrx_word' id='word_1_6' title='bbox 2066 702 2491 786; x_wconf 88' lang='lat' dir='ltr'><strong>Blanderato,</strong></span> <span class='ocrx_word' id='word_1_7' title='bbox 2540 702 2812 789; x_wconf 90' lang='lat' dir='ltr'><strong>aliisque</strong></span> <span class='ocrx_word' id='word_1_8' title='bbox 2860 702 3017 766; x_wconf 91' lang='lat' dir='ltr'><strong>locis</strong></span> <span class='ocrx_word' id='word_1_9' title='bbox 3080 711 3144 767; x_wconf 91' lang='lat' dir='ltr'><strong>et</strong></span> <span class='ocrx_word' id='word_1_10' title='bbox 3189 704 3480 789; x_wconf 90' lang='lat' dir='ltr'><strong>personis</strong></span> <span class='ocrx_word' id='word_1_11' title='bbox 3528 704 3920 789; x_wconf 79' lang='lat' dir='ltr'><strong>quibuslibet</strong></span> <span class='ocrx_word' id='word_1_12' title='bbox 3967 705 4046 768; x_wconf 89' lang='lat' dir='ltr'><strong>de</strong></span> <span class='ocrx_word' id='word_1_13' title='bbox 4093 705 4499 788; x_wconf 89' lang='lat' dir='ltr'><strong>Lonbardia,</strong></span> <span class='ocrx_word' id='word_1_14' title='bbox 4549 706 4874 791; x_wconf 75' lang='lat' dir='ltr'><strong>Mai-chia,</strong></span> 
     </span>
     <span class='ocr_line' id='line_1_3' title="bbox 1248 810 4873 897; baseline 0.001 -23"><span class='ocrx_word' id='word_1_15' title='bbox 1248 817 1313 873; x_wconf 88' lang='lat' dir='ltr'><strong>et</strong></span> <span class='ocrx_word' id='word_1_16' title='bbox 1356 810 1763 893; x_wconf 86' lang='lat' dir='ltr'><strong>Romaniola,</strong></span> <span class='ocrx_word' id='word_1_17' title='bbox 1807 831 1929 896; x_wconf 90' lang='lat' dir='ltr'><strong>que</strong></span> <span class='ocrx_word' id='word_1_18' title='bbox 1978 831 2183 896; x_wconf 85' lang='lat' dir='ltr'>nuper</span> <span class='ocrx_word' id='word_1_19' title='bbox 2230 817 2455 873; x_wconf 91' lang='lat' dir='ltr'><strong>contra</strong></span> <span class='ocrx_word' id='word_1_20' title='bbox 2501 812 2910 894; x_wconf 87' lang='lat' dir='ltr'><strong>majestatem</strong></span> <span class='ocrx_word' id='word_1_21' title='bbox 2959 819 3278 892; x_wconf 88' lang='lat' dir='ltr'><strong>nostram,</strong></span> <span class='ocrx_word' id='word_1_22' title='bbox 3322 819 3386 874; x_wconf 92' lang='lat' dir='ltr'><strong>et</strong></span> <span class='ocrx_word' id='word_1_23' title='bbox 3433 811 3771 897; x_wconf 90' lang='lat' dir='ltr'><strong>imperinm</strong></span> <span class='ocrx_word' id='word_1_24' title='bbox 3820 812 4277 877; x_wconf 87' lang='lat' dir='ltr'><strong>commiserunt</strong></span> <span class='ocrx_word' id='word_1_25' title='bbox 4323 813 4669 894; x_wconf 83' lang='lat' dir='ltr'><strong>offensam,</strong></span> <span class='ocrx_word' id='word_1_26' title='bbox 4719 814 4873 878; x_wconf 86' lang='lat' dir='ltr'><strong>fide-</strong></span> 
     </span>
     <span class='ocr_line' id='line_1_4' title="bbox 1245 916 3013 1003; baseline 0.001 -23"><span class='ocrx_word' id='word_1_27' title='bbox 1245 916 1415 980; x_wconf 90' lang='lat' dir='ltr'><strong>libus</strong></span> <span class='ocrx_word' id='word_1_28' title='bbox 1462 918 1593 981; x_wconf 92' lang='lat' dir='ltr'><strong>suis</strong></span> <span class='ocrx_word' id='word_1_29' title='bbox 1640 918 1919 1003; x_wconf 78' lang='lat' dir='ltr'>gratiam</span> <span class='ocrx_word' id='word_1_30' title='bbox 1965 938 2147 981; x_wconf 90' lang='lat' dir='ltr'><strong>suam</strong></span> <span class='ocrx_word' id='word_1_31' title='bbox 2195 924 2259 981; x_wconf 89' lang='lat' dir='ltr'><strong>et</strong></span> <span class='ocrx_word' id='word_1_32' title='bbox 2306 917 2543 982; x_wconf 89' lang='lat' dir='ltr'><strong>bonam</strong></span> <span class='ocrx_word' id='word_1_33' title='bbox 2590 918 3013 982; x_wconf 83' lang='lat' dir='ltr'><strong>voluntatem.</strong></span> 
     </span>
    </p>

    <p class='ocr_par' dir='ltr' id='par_1_3' title="bbox 1220 1024 4920 3366">
     <span class='ocr_line' id='line_1_5' title="bbox 1425 1024 4873 1113; baseline 0.001 -25"><span class='ocrx_word' id='word_1_34' title='bbox 1425 1024 1703 1089; x_wconf 80' lang='lat' dir='ltr'><strong>Causam</strong></span> <span class='ocrx_word' id='word_1_35' title='bbox 1753 1025 2029 1106; x_wconf 82' lang='lat' dir='ltr'><strong>offense,</strong></span> <span class='ocrx_word' id='word_1_36' title='bbox 2080 1046 2273 1111; x_wconf 88' lang='lat' dir='ltr'><strong>quam</strong></span> <span class='ocrx_word' id='word_1_37' title='bbox 2322 1047 2528 1111; x_wconf 83' lang='lat' dir='ltr'><strong>nuper</strong></span> <span class='ocrx_word' id='word_1_38' title='bbox 2571 1032 2795 1090; x_wconf 90' lang='lat' dir='ltr'><strong>contra</strong></span> <span class='ocrx_word' id='word_1_39' title='bbox 2842 1025 3286 1090; x_wconf 76' lang='lat' dir='ltr'><strong>celsitudinem</strong></span> <span class='ocrx_word' id='word_1_40' title='bbox 3342 1033 3657 1108; x_wconf 90' lang='lat' dir='ltr'><strong>nostram,</strong></span> <span class='ocrx_word' id='word_1_41' title='bbox 3708 1035 3774 1090; x_wconf 92' lang='lat' dir='ltr'><strong>et</strong></span> <span class='ocrx_word' id='word_1_42' title='bbox 3836 1034 4126 1092; x_wconf 88' lang='lat' dir='ltr'><strong>nostrum</strong></span> <span class='ocrx_word' id='word_1_43' title='bbox 4187 1028 4526 1113; x_wconf 89' lang='lat' dir='ltr'><strong>imperium</strong></span> <span class='ocrx_word' id='word_1_44' title='bbox 4579 1029 4873 1102; x_wconf 81' lang='lat' dir='ltr'><strong>conmisi-</strong></span> 
     </span>
     <span class='ocr_line' id='line_1_6' title="bbox 1246 1132 4871 1222; baseline 0.001 -27"><span class='ocrx_word' id='word_1_45' title='bbox 1246 1132 1380 1214; x_wconf 90' lang='lat' dir='ltr'><strong>stis,</strong></span> <span class='ocrx_word' id='word_1_46' title='bbox 1432 1132 1582 1218; x_wconf 89' lang='lat' dir='ltr'><strong>quia</strong></span> <span class='ocrx_word' id='word_1_47' title='bbox 1627 1132 1969 1196; x_wconf 79' lang='lat' dir='ltr'><strong>videbatur</strong></span> <span class='ocrx_word' id='word_1_48' title='bbox 2015 1132 2541 1218; x_wconf 84' lang='lat' dir='ltr'><strong>impedimentum</strong></span> <span class='ocrx_word' id='word_1_49' title='bbox 2590 1132 2823 1196; x_wconf 85' lang='lat' dir='ltr'><strong>afferre</strong></span> <span class='ocrx_word' id='word_1_50' title='bbox 2872 1132 3130 1216; x_wconf 91' lang='lat' dir='ltr'><strong>negotio</strong></span> <span class='ocrx_word' id='word_1_51' title='bbox 3178 1133 3377 1197; x_wconf 87' lang='lat' dir='ltr'><strong>Terre</strong></span> <span class='ocrx_word' id='word_1_52' title='bbox 3428 1133 3691 1214; x_wconf 79' lang='lat' dir='ltr'><strong>Sancte,</strong></span> <span class='ocrx_word' id='word_1_53' title='bbox 3745 1135 3810 1198; x_wconf 90' lang='lat' dir='ltr'><strong>in</strong></span> <span class='ocrx_word' id='word_1_54' title='bbox 3865 1134 4272 1220; x_wconf 82' lang='lat' dir='ltr'><strong>providentia</strong></span> <span class='ocrx_word' id='word_1_55' title='bbox 4330 1143 4394 1199; x_wconf 88' lang='lat' dir='ltr'><strong>et</strong></span> <span class='ocrx_word' id='word_1_56' title='bbox 4454 1135 4871 1222; x_wconf 79' lang='lat' dir='ltr'><strong>dispositione</strong></span> 
     </span>
     <span class='ocr_line' id='line_1_7' title="bbox 1245 1239 4871 1328; baseline 0.001 -25"><span class='ocrx_word' id='word_1_57' title='bbox 1245 1239 1486 1304; x_wconf 90' lang='lat' dir='ltr'><strong>domini</strong></span> <span class='ocrx_word' id='word_1_58' title='bbox 1547 1240 1727 1326; x_wconf 90' lang='lat' dir='ltr'><strong>Pape</strong></span> <span class='ocrx_word' id='word_1_59' title='bbox 1791 1261 1865 1302; x_wconf 91' lang='lat' dir='ltr'><strong>ac</strong></span> <span class='ocrx_word' id='word_1_60' title='bbox 1927 1239 2200 1304; x_wconf 80' lang='lat' dir='ltr'><strong>fratrum</strong></span> <span class='ocrx_word' id='word_1_61' title='bbox 2263 1261 2524 1303; x_wconf 89' lang='lat' dir='ltr'><strong>suorum</strong></span> <span class='ocrx_word' id='word_1_62' title='bbox 2586 1240 3054 1304; x_wconf 82' lang='lat' dir='ltr'><strong>venerabilium</strong></span> <span class='ocrx_word' id='word_1_63' title='bbox 3111 1239 3552 1304; x_wconf 83' lang='lat' dir='ltr'><strong>Cardinalium</strong></span> <span class='ocrx_word' id='word_1_64' title='bbox 3615 1242 3944 1326; x_wconf 85' lang='lat' dir='ltr'><strong>posuimus</strong></span> <span class='ocrx_word' id='word_1_65' title='bbox 4007 1241 4320 1306; x_wconf 89' lang='lat' dir='ltr'><strong>absolute.</strong></span> <span class='ocrx_word' id='word_1_66' title='bbox 4369 1241 4611 1306; x_wconf 88' lang='lat' dir='ltr'><strong>Eorum</strong></span> <span class='ocrx_word' id='word_1_67' title='bbox 4664 1244 4871 1328; x_wconf 85' lang='lat' dir='ltr'><strong>jgitur</strong></span> 
     </span>
     <span class='ocr_line' id='line_1_8' title="bbox 1243 1346 4867 1434; baseline 0.001 -25"><span class='ocrx_word' id='word_1_68' title='bbox 1243 1347 1607 1431; x_wconf 82' lang='lat' dir='ltr'><strong>provisione</strong></span> <span class='ocrx_word' id='word_1_69' title='bbox 1654 1369 1847 1432; x_wconf 90' lang='lat' dir='ltr'><strong>super</strong></span> <span class='ocrx_word' id='word_1_70' title='bbox 1893 1346 2013 1410; x_wconf 88' lang='lat' dir='ltr'><strong>hoc</strong></span> <span class='ocrx_word' id='word_1_71' title='bbox 2059 1346 2314 1431; x_wconf 89' lang='lat' dir='ltr'><strong>plenius</strong></span> <span class='ocrx_word' id='word_1_72' title='bbox 2360 1347 2716 1428; x_wconf 90' lang='lat' dir='ltr'><strong>intellecta,</strong></span> <span class='ocrx_word' id='word_1_73' title='bbox 2766 1369 2884 1433; x_wconf 90' lang='lat' dir='ltr'><strong>pro</strong></span> <span class='ocrx_word' id='word_1_74' title='bbox 2931 1347 3293 1411; x_wconf 83' lang='lat' dir='ltr'><strong>reverentia</strong></span> <span class='ocrx_word' id='word_1_75' title='bbox 3338 1347 3498 1412; x_wconf 87' lang='lat' dir='ltr'><strong>Jesu</strong></span> <span class='ocrx_word' id='word_1_76' title='bbox 3546 1347 3785 1413; x_wconf 86' lang='lat' dir='ltr'><strong>Christi</strong></span> <span class='ocrx_word' id='word_1_77' title='bbox 3840 1355 3906 1412; x_wconf 89' lang='lat' dir='ltr'><strong>et</strong></span> <span class='ocrx_word' id='word_1_78' title='bbox 3953 1348 4164 1434; x_wconf 89' lang='lat' dir='ltr'><strong>jpsius</strong></span> <span class='ocrx_word' id='word_1_79' title='bbox 4210 1349 4409 1412; x_wconf 87' lang='lat' dir='ltr'><strong>Terre</strong></span> <span class='ocrx_word' id='word_1_80' title='bbox 4475 1349 4709 1414; x_wconf 81' lang='lat' dir='ltr'><strong>Sancte</strong></span> <span class='ocrx_word' id='word_1_81' title='bbox 4759 1371 4867 1414; x_wconf 91' lang='lat' dir='ltr'><strong>ne-</strong></span> 
     </span>
     <span class='ocr_line' id='line_1_9' title="bbox 1242 1453 4866 1539; baseline 0.001 -22"><span class='ocrx_word' id='word_1_82' title='bbox 1242 1454 1456 1538; x_wconf 88' lang='lat' dir='ltr'><strong>gocio,</strong></span> <span class='ocrx_word' id='word_1_83' title='bbox 1506 1454 1690 1518; x_wconf 83' lang='lat' dir='ltr'><strong>vobis</strong></span> <span class='ocrx_word' id='word_1_84' title='bbox 1735 1453 2055 1518; x_wconf 85' lang='lat' dir='ltr'><strong>universis</strong></span> <span class='ocrx_word' id='word_1_85' title='bbox 2102 1461 2167 1518; x_wconf 87' lang='lat' dir='ltr'><strong>et</strong></span> <span class='ocrx_word' id='word_1_86' title='bbox 2212 1454 2484 1539; x_wconf 90' lang='lat' dir='ltr'><strong>singulis</strong></span> <span class='ocrx_word' id='word_1_87' title='bbox 2531 1454 2611 1518; x_wconf 89' lang='lat' dir='ltr'><strong>de</strong></span> <span class='ocrx_word' id='word_1_88' title='bbox 2658 1454 2882 1518; x_wconf 89' lang='lat' dir='ltr'><strong>innata</strong></span> <span class='ocrx_word' id='word_1_89' title='bbox 2929 1455 3112 1519; x_wconf 90' lang='lat' dir='ltr'><strong>nobis</strong></span> <span class='ocrx_word' id='word_1_90' title='bbox 3159 1455 3500 1519; x_wconf 88' lang='lat' dir='ltr'><strong>clementia</strong></span> <span class='ocrx_word' id='word_1_91' title='bbox 3547 1456 3930 1519; x_wconf 86' lang='lat' dir='ltr'><strong>remittimus</strong></span> <span class='ocrx_word' id='word_1_92' title='bbox 3973 1477 4230 1520; x_wconf 91' lang='lat' dir='ltr'><strong>omnem</strong></span> <span class='ocrx_word' id='word_1_93' title='bbox 4277 1478 4640 1538; x_wconf 80' lang='lat' dir='ltr'><strong>rancorem,</strong></span> <span class='ocrx_word' id='word_1_94' title='bbox 4683 1457 4866 1521; x_wconf 89' lang='lat' dir='ltr'><strong>mali-</strong></span> 
     </span>
     <span class='ocr_line' id='line_1_10' title="bbox 1240 1560 4862 1650; baseline 0.001 -26"><span class='ocrx_word' id='word_1_95' title='bbox 1240 1561 1626 1643; x_wconf 84' lang='lat' dir='ltr'><strong>volentiam,</strong></span> <span class='ocrx_word' id='word_1_96' title='bbox 1674 1561 1945 1646; x_wconf 88' lang='lat' dir='ltr'><strong>injurias</strong></span> <span class='ocrx_word' id='word_1_97' title='bbox 1992 1569 2057 1626; x_wconf 92' lang='lat' dir='ltr'><strong>et</strong></span> <span class='ocrx_word' id='word_1_98' title='bbox 2103 1560 2381 1627; x_wconf 85' lang='lat' dir='ltr'><strong>offensas</strong></span> <span class='ocrx_word' id='word_1_99' title='bbox 2442 1562 2786 1648; x_wconf 84' lang='lat' dir='ltr'><strong>omniaque</strong></span> <span class='ocrx_word' id='word_1_100' title='bbox 2834 1562 3086 1643; x_wconf 90' lang='lat' dir='ltr'><strong>banna,</strong></span> <span class='ocrx_word' id='word_1_101' title='bbox 3136 1563 3657 1646; x_wconf 85' lang='lat' dir='ltr'><strong>constitutiones,</strong></span> <span class='ocrx_word' id='word_1_102' title='bbox 3700 1563 4052 1628; x_wconf 87' lang='lat' dir='ltr'><strong>sententias</strong></span> <span class='ocrx_word' id='word_1_103' title='bbox 4099 1571 4164 1628; x_wconf 90' lang='lat' dir='ltr'><strong>et</strong></span> <span class='ocrx_word' id='word_1_104' title='bbox 4212 1563 4689 1646; x_wconf 84' lang='lat' dir='ltr'><strong>ordinamenta,</strong></span> <span class='ocrx_word' id='word_1_105' title='bbox 4739 1585 4862 1650; x_wconf 90' lang='lat' dir='ltr'><strong>que</strong></span> 
     </span>
     <span class='ocr_line' id='line_1_11' title="bbox 1240 1668 4866 1756; baseline 0.001 -23"><span class='ocrx_word' id='word_1_106' title='bbox 1240 1669 1508 1733; x_wconf 85' lang='lat' dir='ltr'><strong>fecimus</strong></span> <span class='ocrx_word' id='word_1_107' title='bbox 1554 1669 1660 1732; x_wconf 73' lang='lat' dir='ltr'><strong>vel</strong></span> <span class='ocrx_word' id='word_1_108' title='bbox 1703 1668 2122 1755; x_wconf 90' lang='lat' dir='ltr'><strong>imposuimus</strong></span> <span class='ocrx_word' id='word_1_109' title='bbox 2171 1691 2286 1755; x_wconf 89' lang='lat' dir='ltr'><strong>per</strong></span> <span class='ocrx_word' id='word_1_110' title='bbox 2334 1690 2449 1732; x_wconf 90' lang='lat' dir='ltr'><strong>nos</strong></span> <span class='ocrx_word' id='word_1_111' title='bbox 2499 1669 2600 1733; x_wconf 79' lang='lat' dir='ltr'><strong>vel</strong></span> <span class='ocrx_word' id='word_1_112' title='bbox 2650 1692 2765 1755; x_wconf 90' lang='lat' dir='ltr'><strong>per</strong></span> <span class='ocrx_word' id='word_1_113' title='bbox 2811 1670 3044 1750; x_wconf 90' lang='lat' dir='ltr'><strong>alium,</strong></span> <span class='ocrx_word' id='word_1_114' title='bbox 3090 1670 3336 1734; x_wconf 80' lang='lat' dir='ltr'><strong>aliusve</strong></span> <span class='ocrx_word' id='word_1_115' title='bbox 3383 1691 3500 1756; x_wconf 93' lang='lat' dir='ltr'><strong>pro</strong></span> <span class='ocrx_word' id='word_1_116' title='bbox 3549 1670 3732 1734; x_wconf 87' lang='lat' dir='ltr'><strong>nobis</strong></span> <span class='ocrx_word' id='word_1_117' title='bbox 3781 1670 4104 1756; x_wconf 80' lang='lat' dir='ltr'><strong>imposuit,</strong></span> <span class='ocrx_word' id='word_1_118' title='bbox 4152 1671 4336 1735; x_wconf 76' lang='lat' dir='ltr'><strong>vobis</strong></span> <span class='ocrx_word' id='word_1_119' title='bbox 4384 1692 4498 1735; x_wconf 89' lang='lat' dir='ltr'><strong>sen</strong></span> <span class='ocrx_word' id='word_1_120' title='bbox 4547 1671 4740 1736; x_wconf 92' lang='lat' dir='ltr'><strong>alicui</strong></span> <span class='ocrx_word' id='word_1_121' title='bbox 4786 1671 4866 1736; x_wconf 92' lang='lat' dir='ltr'><strong>de</strong></span> 
     </span>
     <span class='ocr_line' id='line_1_12' title="bbox 1240 1775 4920 1864; baseline 0.001 -24"><span class='ocrx_word' id='word_1_122' title='bbox 1240 1776 1609 1840; x_wconf 83' lang='lat' dir='ltr'><strong>civitatibus</strong></span> <span class='ocrx_word' id='word_1_123' title='bbox 1648 1776 1805 1840; x_wconf 91' lang='lat' dir='ltr'><strong>locis</strong></span> <span class='ocrx_word' id='word_1_124' title='bbox 1862 1783 1926 1840; x_wconf 89' lang='lat' dir='ltr'><strong>et</strong></span> <span class='ocrx_word' id='word_1_125' title='bbox 1971 1777 2260 1862; x_wconf 86' lang='lat' dir='ltr'><strong>personis</strong></span> <span class='ocrx_word' id='word_1_126' title='bbox 2306 1775 2631 1860; x_wconf 88' lang='lat' dir='ltr'><strong>ejusdem,</strong></span> <span class='ocrx_word' id='word_1_127' title='bbox 2679 1785 2743 1841; x_wconf 92' lang='lat' dir='ltr'><strong>et</strong></span> <span class='ocrx_word' id='word_1_128' title='bbox 2792 1798 3192 1863; x_wconf 88' lang='lat' dir='ltr'><strong>quecumque</strong></span> <span class='ocrx_word' id='word_1_129' title='bbox 3241 1799 3320 1840; x_wconf 84' lang='lat' dir='ltr'><strong>ex</strong></span> <span class='ocrx_word' id='word_1_130' title='bbox 3371 1777 3464 1841; x_wconf 91' lang='lat' dir='ltr'><strong>eis</strong></span> <span class='ocrx_word' id='word_1_131' title='bbox 3513 1778 3615 1841; x_wconf 81' lang='lat' dir='ltr'><strong>vel</strong></span> <span class='ocrx_word' id='word_1_132' title='bbox 3664 1778 3746 1841; x_wconf 92' lang='lat' dir='ltr'><strong>ob</strong></span> <span class='ocrx_word' id='word_1_133' title='bbox 3792 1800 3871 1842; x_wconf 91' lang='lat' dir='ltr'><strong>ea</strong></span> <span class='ocrx_word' id='word_1_134' title='bbox 3918 1787 4138 1842; x_wconf 88' lang='lat' dir='ltr'><strong>secuta</strong></span> <span class='ocrx_word' id='word_1_135' title='bbox 4186 1786 4336 1842; x_wconf 87' lang='lat' dir='ltr'><strong>sunt</strong></span> <span class='ocrx_word' id='word_1_136' title='bbox 4382 1780 4637 1864; x_wconf 87' lang='lat' dir='ltr'><strong>penitus</strong></span> <span class='ocrx_word' id='word_1_137' title='bbox 4683 1800 4866 1844; x_wconf 85' lang='lat' dir='ltr'><strong>revo-</strong></span> <span class='ocrx_word' id='word_1_138' title='bbox 4915 1839 4920 1846; x_wconf 87' lang='lat'><strong>.</strong></span> 
     </span>
     <span class='ocr_line' id='line_1_13' title="bbox 1239 1884 4864 1971; baseline 0.001 -23"><span class='ocrx_word' id='word_1_139' title='bbox 1239 1906 1479 1966; x_wconf 90' lang='lat' dir='ltr'><strong>camus,</strong></span> <span class='ocrx_word' id='word_1_140' title='bbox 1513 1891 1577 1948; x_wconf 89' lang='lat' dir='ltr'><strong>et</strong></span> <span class='ocrx_word' id='word_1_141' title='bbox 1624 1884 1989 1970; x_wconf 88' lang='lat' dir='ltr'><strong>specialiter</strong></span> <span class='ocrx_word' id='word_1_142' title='bbox 2036 1884 2555 1948; x_wconf 90' lang='lat' dir='ltr'><strong>constitutionem</strong></span> <span class='ocrx_word' id='word_1_143' title='bbox 2602 1884 2842 1949; x_wconf 87' lang='lat' dir='ltr'><strong>factam</strong></span> <span class='ocrx_word' id='word_1_144' title='bbox 2899 1885 2978 1948; x_wconf 92' lang='lat' dir='ltr'><strong>de</strong></span> <span class='ocrx_word' id='word_1_145' title='bbox 3029 1884 3255 1948; x_wconf 85' lang='lat' dir='ltr'><strong>Studio</strong></span> <span class='ocrx_word' id='word_1_146' title='bbox 3303 1892 3366 1949; x_wconf 91' lang='lat' dir='ltr'><strong>et</strong></span> <span class='ocrx_word' id='word_1_147' title='bbox 3414 1884 3819 1950; x_wconf 87' lang='lat' dir='ltr'><strong>studentibus</strong></span> <span class='ocrx_word' id='word_1_148' title='bbox 3867 1885 4015 1950; x_wconf 89' lang='lat' dir='ltr'><strong>bon.</strong></span> <span class='ocrx_word' id='word_1_149' title='bbox 4064 1886 4399 1950; x_wconf 82' lang='lat' dir='ltr'><strong>universos</strong></span> <span class='ocrx_word' id='word_1_150' title='bbox 4446 1895 4510 1949; x_wconf 88' lang='lat' dir='ltr'><strong>et</strong></span> <span class='ocrx_word' id='word_1_151' title='bbox 4555 1886 4864 1971; x_wconf 89' lang='lat' dir='ltr'><strong>singulos,</strong></span> 
     </span>
     <span class='ocr_line' id='line_1_14' title="bbox 1238 1990 4867 2079; baseline 0 -24"><span class='ocrx_word' id='word_1_152' title='bbox 1238 1991 1375 2077; x_wconf 90' lang='lat' dir='ltr'><strong>qni,</strong></span> <span class='ocrx_word' id='word_1_153' title='bbox 1426 1990 1760 2056; x_wconf 89' lang='lat' dir='ltr'><strong>occasione</strong></span> <span class='ocrx_word' id='word_1_154' title='bbox 1809 1991 2082 2074; x_wconf 88' lang='lat' dir='ltr'><strong>alicujus</strong></span> <span class='ocrx_word' id='word_1_155' title='bbox 2131 1990 2597 2076; x_wconf 90' lang='lat' dir='ltr'><strong>predictorum,</strong></span> <span class='ocrx_word' id='word_1_156' title='bbox 2646 1991 2765 2055; x_wconf 89' lang='lat' dir='ltr'><strong>lesi</strong></span> <span class='ocrx_word' id='word_1_157' title='bbox 2813 1990 3145 2072; x_wconf 85' lang='lat' dir='ltr'><strong>videntur,</strong></span> <span class='ocrx_word' id='word_1_158' title='bbox 3195 1992 3604 2055; x_wconf 80' lang='lat' dir='ltr'><strong>restituentes</strong></span> <span class='ocrx_word' id='word_1_159' title='bbox 3648 1992 3715 2055; x_wconf 90' lang='lat' dir='ltr'><strong>in</strong></span> <span class='ocrx_word' id='word_1_160' title='bbox 3764 1992 4086 2076; x_wconf 87' lang='lat' dir='ltr'><strong>integrum</strong></span> <span class='ocrx_word' id='word_1_161' title='bbox 4141 1992 4206 2056; x_wconf 91' lang='lat' dir='ltr'><strong>in</strong></span> <span class='ocrx_word' id='word_1_162' title='bbox 4267 1993 4563 2056; x_wconf 89' lang='lat' dir='ltr'><strong>omnibus</strong></span> <span class='ocrx_word' id='word_1_163' title='bbox 4623 2003 4688 2056; x_wconf 88' lang='lat' dir='ltr'><strong>et</strong></span> <span class='ocrx_word' id='word_1_164' title='bbox 4751 2013 4867 2079; x_wconf 89' lang='lat' dir='ltr'><strong>per</strong></span> 
     </span>
     <span class='ocr_line' id='line_1_15' title="bbox 1239 2097 4864 2186; baseline 0.001 -24"><span class='ocrx_word' id='word_1_165' title='bbox 1239 2099 1454 2163; x_wconf 89' lang='lat' dir='ltr'><strong>omnia</strong></span> <span class='ocrx_word' id='word_1_166' title='bbox 1500 2120 1616 2162; x_wconf 88' lang='lat' dir='ltr'><strong>suo</strong></span> <span class='ocrx_word' id='word_1_167' title='bbox 1664 2099 1860 2162; x_wconf 88' lang='lat' dir='ltr'><strong>statui</strong></span> <span class='ocrx_word' id='word_1_168' title='bbox 1907 2106 2099 2184; x_wconf 88' lang='lat' dir='ltr'><strong>atque</strong></span> <span class='ocrx_word' id='word_1_169' title='bbox 2147 2097 2339 2180; x_wconf 86' lang='lat' dir='ltr'><strong>fame,</strong></span> <span class='ocrx_word' id='word_1_170' title='bbox 2375 2098 2757 2162; x_wconf 87' lang='lat' dir='ltr'><strong>remittendo</strong></span> <span class='ocrx_word' id='word_1_171' title='bbox 2806 2098 3140 2162; x_wconf 84' lang='lat' dir='ltr'><strong>infamiam</strong></span> <span class='ocrx_word' id='word_1_172' title='bbox 3188 2120 3442 2163; x_wconf 90' lang='lat' dir='ltr'><strong>omnem</strong></span> <span class='ocrx_word' id='word_1_173' title='bbox 3487 2106 3552 2163; x_wconf 90' lang='lat' dir='ltr'><strong>et</strong></span> <span class='ocrx_word' id='word_1_174' title='bbox 3599 2120 3852 2184; x_wconf 91' lang='lat' dir='ltr'><strong>penam,</strong></span> <span class='ocrx_word' id='word_1_175' title='bbox 3888 2120 4012 2184; x_wconf 90' lang='lat' dir='ltr'><strong>qne</strong></span> <span class='ocrx_word' id='word_1_176' title='bbox 4053 2107 4271 2164; x_wconf 86' lang='lat' dir='ltr'><strong>secute</strong></span> <span class='ocrx_word' id='word_1_177' title='bbox 4318 2107 4470 2164; x_wconf 84' lang='lat' dir='ltr'><strong>sunt</strong></span> <span class='ocrx_word' id='word_1_178' title='bbox 4516 2121 4600 2163; x_wconf 80' lang='lat' dir='ltr'><strong>ex</strong></span> <span class='ocrx_word' id='word_1_179' title='bbox 4645 2099 4864 2186; x_wconf 87' lang='lat' dir='ltr'><strong>aliquo</strong></span> 
     </span>
     <span class='ocr_line' id='line_1_16' title="bbox 1236 2205 4862 2293; baseline 0 -23"><span class='ocrx_word' id='word_1_180' title='bbox 1236 2206 1705 2293; x_wconf 90' lang='lat' dir='ltr'><strong>predictorum,</strong></span> <span class='ocrx_word' id='word_1_181' title='bbox 1754 2206 1846 2270; x_wconf 89' lang='lat' dir='ltr'><strong>ita</strong></span> <span class='ocrx_word' id='word_1_182' title='bbox 1894 2205 2062 2291; x_wconf 87' lang='lat' dir='ltr'><strong>quod</strong></span> <span class='ocrx_word' id='word_1_183' title='bbox 2111 2227 2225 2288; x_wconf 89' lang='lat' dir='ltr'><strong>ea,</strong></span> <span class='ocrx_word' id='word_1_184' title='bbox 2276 2227 2400 2291; x_wconf 89' lang='lat' dir='ltr'><strong>que</strong></span> <span class='ocrx_word' id='word_1_185' title='bbox 2447 2227 2562 2292; x_wconf 89' lang='lat' dir='ltr'><strong>per</strong></span> <span class='ocrx_word' id='word_1_186' title='bbox 2608 2227 2717 2269; x_wconf 92' lang='lat' dir='ltr'><strong>eos</strong></span> <span class='ocrx_word' id='word_1_187' title='bbox 2766 2206 2976 2269; x_wconf 89' lang='lat' dir='ltr'><strong>medio</strong></span> <span class='ocrx_word' id='word_1_188' title='bbox 3023 2213 3310 2291; x_wconf 90' lang='lat' dir='ltr'><strong>tempore</strong></span> <span class='ocrx_word' id='word_1_189' title='bbox 3358 2215 3504 2269; x_wconf 88' lang='lat' dir='ltr'><strong>acta</strong></span> <span class='ocrx_word' id='word_1_190' title='bbox 3561 2213 3746 2289; x_wconf 89' lang='lat' dir='ltr'><strong>sunt,</strong></span> <span class='ocrx_word' id='word_1_191' title='bbox 3795 2227 3923 2271; x_wconf 91' lang='lat' dir='ltr'><strong>non</strong></span> <span class='ocrx_word' id='word_1_192' title='bbox 3982 2206 4386 2271; x_wconf 88' lang='lat' dir='ltr'><strong>obstantibus</strong></span> <span class='ocrx_word' id='word_1_193' title='bbox 4442 2206 4862 2293; x_wconf 87' lang='lat' dir='ltr'><strong>supradictis,</strong></span> 
     </span>
     <span class='ocr_line' id='line_1_17' title="bbox 1235 2313 4865 2402; baseline 0 -24"><span class='ocrx_word' id='word_1_194' title='bbox 1235 2314 1433 2379; x_wconf 89' lang='lat' dir='ltr'><strong>robur</strong></span> <span class='ocrx_word' id='word_1_195' title='bbox 1480 2314 1813 2378; x_wconf 89' lang='lat' dir='ltr'><strong>obtineant</strong></span> <span class='ocrx_word' id='word_1_196' title='bbox 1858 2313 2029 2399; x_wconf 89' lang='lat' dir='ltr'><strong>quod</strong></span> <span class='ocrx_word' id='word_1_197' title='bbox 2076 2314 2238 2377; x_wconf 88' lang='lat' dir='ltr'><strong>alias</strong></span> <span class='ocrx_word' id='word_1_198' title='bbox 2285 2314 2643 2378; x_wconf 88' lang='lat' dir='ltr'><strong>debuerant</strong></span> <span class='ocrx_word' id='word_1_199' title='bbox 2689 2314 2979 2378; x_wconf 88' lang='lat' dir='ltr'><strong>obtinere</strong></span> <span class='ocrx_word' id='word_1_200' title='bbox 3022 2314 3100 2377; x_wconf 91' lang='lat' dir='ltr'><strong>ad</strong></span> <span class='ocrx_word' id='word_1_201' title='bbox 3153 2314 3289 2394; x_wconf 84' lang='lat' dir='ltr'><strong>hec,</strong></span> <span class='ocrx_word' id='word_1_202' title='bbox 3333 2314 3654 2396; x_wconf 81' lang='lat' dir='ltr'><strong>civitates,</strong></span> <span class='ocrx_word' id='word_1_203' title='bbox 3689 2314 3832 2379; x_wconf 87' lang='lat' dir='ltr'><strong>loca</strong></span> <span class='ocrx_word' id='word_1_204' title='bbox 3879 2321 3944 2378; x_wconf 89' lang='lat' dir='ltr'><strong>et</strong></span> <span class='ocrx_word' id='word_1_205' title='bbox 3989 2335 4297 2400; x_wconf 88' lang='lat' dir='ltr'><strong>personas</strong></span> <span class='ocrx_word' id='word_1_206' title='bbox 4343 2321 4593 2379; x_wconf 83' lang='lat' dir='ltr'><strong>vestras</strong></span> <span class='ocrx_word' id='word_1_207' title='bbox 4639 2315 4865 2402; x_wconf 89' lang='lat' dir='ltr'><strong>recipi-</strong></span> 
     </span>
     <span class='ocr_line' id='line_1_18' title="bbox 1236 2420 4862 2507; baseline 0.001 -22"><span class='ocrx_word' id='word_1_208' title='bbox 1236 2443 1378 2485; x_wconf 87' lang='lat' dir='ltr'><strong>mus</strong></span> <span class='ocrx_word' id='word_1_209' title='bbox 1427 2422 1493 2486; x_wconf 91' lang='lat' dir='ltr'><strong>in</strong></span> <span class='ocrx_word' id='word_1_210' title='bbox 1539 2429 1755 2485; x_wconf 90' lang='lat' dir='ltr'><strong>nostre</strong></span> <span class='ocrx_word' id='word_1_211' title='bbox 1803 2422 2010 2506; x_wconf 90' lang='lat' dir='ltr'><strong>gratie</strong></span> <span class='ocrx_word' id='word_1_212' title='bbox 2057 2420 2556 2507; x_wconf 81' lang='lat' dir='ltr'><strong>plenitudinem,</strong></span> <span class='ocrx_word' id='word_1_213' title='bbox 2607 2428 2672 2484; x_wconf 94' lang='lat' dir='ltr'><strong>et</strong></span> <span class='ocrx_word' id='word_1_214' title='bbox 2718 2421 2900 2485; x_wconf 88' lang='lat' dir='ltr'><strong>vobis</strong></span> <span class='ocrx_word' id='word_1_215' title='bbox 2948 2421 3271 2485; x_wconf 89' lang='lat' dir='ltr'><strong>reddimus</strong></span> <span class='ocrx_word' id='word_1_216' title='bbox 3333 2421 3584 2484; x_wconf 88' lang='lat' dir='ltr'><strong>firmam</strong></span> <span class='ocrx_word' id='word_1_217' title='bbox 3646 2443 3911 2507; x_wconf 88' lang='lat' dir='ltr'><strong>pacem,</strong></span> <span class='ocrx_word' id='word_1_218' title='bbox 3961 2429 4366 2486; x_wconf 80' lang='lat' dir='ltr'><strong>reservantes</strong></span> <span class='ocrx_word' id='word_1_219' title='bbox 4414 2429 4630 2486; x_wconf 86' lang='lat' dir='ltr'><strong>tamen</strong></span> <span class='ocrx_word' id='word_1_220' title='bbox 4679 2423 4862 2487; x_wconf 91' lang='lat' dir='ltr'><strong>nobis</strong></span> 
     </span>
     <span class='ocr_line' id='line_1_19' title="bbox 1235 2528 4861 2617; baseline 0 -23"><span class='ocrx_word' id='word_1_221' title='bbox 1235 2536 1460 2594; x_wconf 88' lang='lat' dir='ltr'><strong>contra</strong></span> <span class='ocrx_word' id='word_1_222' title='bbox 1505 2528 1865 2615; x_wconf 84' lang='lat' dir='ltr'><strong>predictum</strong></span> <span class='ocrx_word' id='word_1_223' title='bbox 1911 2528 2349 2591; x_wconf 81' lang='lat' dir='ltr'><strong>marchionem</strong></span> <span class='ocrx_word' id='word_1_224' title='bbox 2394 2528 2632 2592; x_wconf 88' lang='lat' dir='ltr'><strong>Montis</strong></span> <span class='ocrx_word' id='word_1_225' title='bbox 2680 2528 2934 2591; x_wconf 84' lang='lat' dir='ltr'><strong>Ferrati</strong></span> <span class='ocrx_word' id='word_1_226' title='bbox 2983 2528 3197 2591; x_wconf 90' lang='lat' dir='ltr'><strong>omnia</strong></span> <span class='ocrx_word' id='word_1_227' title='bbox 3238 2529 3408 2612; x_wconf 88' lang='lat' dir='ltr'><strong>jura,</strong></span> <span class='ocrx_word' id='word_1_228' title='bbox 3460 2549 3807 2614; x_wconf 87' lang='lat' dir='ltr'><strong>omnesque</strong></span> <span class='ocrx_word' id='word_1_229' title='bbox 3856 2529 4160 2611; x_wconf 85' lang='lat' dir='ltr'><strong>actiones,</strong></span> <span class='ocrx_word' id='word_1_230' title='bbox 4204 2549 4327 2614; x_wconf 90' lang='lat' dir='ltr'><strong>que</strong></span> <span class='ocrx_word' id='word_1_231' title='bbox 4374 2530 4559 2593; x_wconf 90' lang='lat' dir='ltr'><strong>nobis</strong></span> <span class='ocrx_word' id='word_1_232' title='bbox 4607 2551 4861 2617; x_wconf 90' lang='lat' dir='ltr'><strong>compe-</strong></span> 
     </span>
     <span class='ocr_line' id='line_1_20' title="bbox 1234 2635 4861 2722; baseline 0 -22"><span class='ocrx_word' id='word_1_233' title='bbox 1234 2643 1397 2717; x_wconf 89' lang='lat' dir='ltr'><strong>tunt,</strong></span> <span class='ocrx_word' id='word_1_234' title='bbox 1446 2643 1579 2699; x_wconf 87' lang='lat' dir='ltr'><strong>tam</strong></span> <span class='ocrx_word' id='word_1_235' title='bbox 1626 2635 1705 2699; x_wconf 94' lang='lat' dir='ltr'><strong>de</strong></span> <span class='ocrx_word' id='word_1_236' title='bbox 1753 2635 1990 2717; x_wconf 91' lang='lat' dir='ltr'><strong>debito,</strong></span> <span class='ocrx_word' id='word_1_237' title='bbox 2039 2657 2165 2720; x_wconf 92' lang='lat' dir='ltr'><strong>quo</strong></span> <span class='ocrx_word' id='word_1_238' title='bbox 2213 2643 2428 2699; x_wconf 88' lang='lat' dir='ltr'><strong>nostre</strong></span> <span class='ocrx_word' id='word_1_239' title='bbox 2475 2635 2840 2700; x_wconf 88' lang='lat' dir='ltr'><strong>celsitudini</strong></span> <span class='ocrx_word' id='word_1_240' title='bbox 2885 2644 2983 2699; x_wconf 91' lang='lat' dir='ltr'><strong>est</strong></span> <span class='ocrx_word' id='word_1_241' title='bbox 3030 2636 3348 2716; x_wconf 87' lang='lat' dir='ltr'><strong>astrictus,</strong></span> <span class='ocrx_word' id='word_1_242' title='bbox 3395 2656 3588 2720; x_wconf 86' lang='lat' dir='ltr'><strong>quam</strong></span> <span class='ocrx_word' id='word_1_243' title='bbox 3635 2636 3715 2700; x_wconf 93' lang='lat' dir='ltr'><strong>de</strong></span> <span class='ocrx_word' id='word_1_244' title='bbox 3763 2642 3956 2717; x_wconf 89' lang='lat' dir='ltr'><strong>terra,</strong></span> <span class='ocrx_word' id='word_1_245' title='bbox 4005 2656 4129 2720; x_wconf 90' lang='lat' dir='ltr'><strong>que</strong></span> <span class='ocrx_word' id='word_1_246' title='bbox 4176 2645 4441 2722; x_wconf 88' lang='lat' dir='ltr'><strong>propter</strong></span> <span class='ocrx_word' id='word_1_247' title='bbox 4489 2637 4699 2722; x_wconf 89' lang='lat' dir='ltr'><strong>ipsum</strong></span> <span class='ocrx_word' id='word_1_248' title='bbox 4751 2637 4861 2702; x_wconf 91' lang='lat' dir='ltr'><strong>de-</strong></span> 
     </span>
     <span class='ocr_line' id='line_1_21' title="bbox 1223 2742 4855 2828; baseline 0 -21"><span class='ocrx_word' id='word_1_249' title='bbox 1223 2742 1430 2807; x_wconf 90' lang='lat' dir='ltr'><strong>bitum</strong></span> <span class='ocrx_word' id='word_1_250' title='bbox 1464 2743 1645 2808; x_wconf 90' lang='lat' dir='ltr'><strong>nobis</strong></span> <span class='ocrx_word' id='word_1_251' title='bbox 1677 2743 1893 2807; x_wconf 83' lang='lat' dir='ltr'><strong>extitit</strong></span> <span class='ocrx_word' id='word_1_252' title='bbox 1924 2743 2230 2827; x_wconf 84' lang='lat' dir='ltr'><strong>obligata.</strong></span> <span class='ocrx_word' id='word_1_253' title='bbox 2266 2742 2604 2806; x_wconf 84' lang='lat' dir='ltr'><strong>Faciemus</strong></span> <span class='ocrx_word' id='word_1_254' title='bbox 2652 2743 2848 2806; x_wconf 88' lang='lat' dir='ltr'><strong>etiam</strong></span> <span class='ocrx_word' id='word_1_255' title='bbox 2894 2743 3142 2806; x_wconf 89' lang='lat' dir='ltr'><strong>restitui</strong></span> <span class='ocrx_word' id='word_1_256' title='bbox 3189 2751 3409 2828; x_wconf 89' lang='lat' dir='ltr'><strong>captos</strong></span> <span class='ocrx_word' id='word_1_257' title='bbox 3459 2744 3794 2806; x_wconf 89' lang='lat' dir='ltr'><strong>occasione</strong></span> <span class='ocrx_word' id='word_1_258' title='bbox 3841 2742 4131 2828; x_wconf 88' lang='lat' dir='ltr'><strong>predicte</strong></span> <span class='ocrx_word' id='word_1_259' title='bbox 4185 2742 4428 2807; x_wconf 85' lang='lat' dir='ltr'><strong>offense</strong></span> <span class='ocrx_word' id='word_1_260' title='bbox 4477 2765 4620 2807; x_wconf 90' lang='lat' dir='ltr'><strong>cum</strong></span> <span class='ocrx_word' id='word_1_261' title='bbox 4670 2745 4855 2809; x_wconf 92' lang='lat' dir='ltr'><strong>bonis</strong></span> 
     </span>
     <span class='ocr_line' id='line_1_22' title="bbox 1223 2849 4860 2936; baseline 0 -21"><span class='ocrx_word' id='word_1_262' title='bbox 1223 2850 1357 2915; x_wconf 90' lang='lat' dir='ltr'><strong>suis</strong></span> <span class='ocrx_word' id='word_1_263' title='bbox 1404 2873 1479 2916; x_wconf 90' lang='lat' dir='ltr'><strong>ac</strong></span> <span class='ocrx_word' id='word_1_264' title='bbox 1527 2850 1675 2933; x_wconf 89' lang='lat' dir='ltr'><strong>alia,</strong></span> <span class='ocrx_word' id='word_1_265' title='bbox 1713 2872 1836 2936; x_wconf 91' lang='lat' dir='ltr'><strong>que</strong></span> <span class='ocrx_word' id='word_1_266' title='bbox 1877 2851 2211 2914; x_wconf 86' lang='lat' dir='ltr'><strong>occasione</strong></span> <span class='ocrx_word' id='word_1_267' title='bbox 2259 2850 2626 2934; x_wconf 88' lang='lat' dir='ltr'><strong>hujusmodi</strong></span> <span class='ocrx_word' id='word_1_268' title='bbox 2673 2859 2864 2936; x_wconf 88' lang='lat' dir='ltr'><strong>capta</strong></span> <span class='ocrx_word' id='word_1_269' title='bbox 2910 2859 3059 2914; x_wconf 91' lang='lat' dir='ltr'><strong>sunt</strong></span> <span class='ocrx_word' id='word_1_270' title='bbox 3105 2851 3208 2914; x_wconf 81' lang='lat' dir='ltr'><strong>vel</strong></span> <span class='ocrx_word' id='word_1_271' title='bbox 3255 2850 3536 2915; x_wconf 88' lang='lat' dir='ltr'><strong>detenta.</strong></span> <span class='ocrx_word' id='word_1_272' title='bbox 3583 2850 3923 2913; x_wconf 80' lang='lat' dir='ltr'><strong>Faciemus</strong></span> <span class='ocrx_word' id='word_1_273' title='bbox 3971 2849 4112 2913; x_wconf 86' lang='lat' dir='ltr'><strong>fieri</strong></span> <span class='ocrx_word' id='word_1_274' title='bbox 4161 2856 4458 2935; x_wconf 88' lang='lat' dir='ltr'><strong>patentes</strong></span> <span class='ocrx_word' id='word_1_275' title='bbox 4505 2851 4725 2914; x_wconf 87' lang='lat' dir='ltr'><strong>literas</strong></span> <span class='ocrx_word' id='word_1_276' title='bbox 4773 2873 4860 2916; x_wconf 85' lang='lat' dir='ltr'><strong>ex</strong></span> 
     </span>
     <span class='ocr_line' id='line_1_23' title="bbox 1220 2956 4860 3044; baseline 0.001 -23"><span class='ocrx_word' id='word_1_277' title='bbox 1220 2965 1405 3044; x_wconf 88' lang='lat' dir='ltr'><strong>parte</strong></span> <span class='ocrx_word' id='word_1_278' title='bbox 1450 2958 1775 3021; x_wconf 89' lang='lat' dir='ltr'><strong>karissimi</strong></span> <span class='ocrx_word' id='word_1_279' title='bbox 1818 2957 1935 3020; x_wconf 89' lang='lat' dir='ltr'><strong>filii</strong></span> <span class='ocrx_word' id='word_1_280' title='bbox 1980 2958 2182 3021; x_wconf 88' lang='lat' dir='ltr'><strong>nostri</strong></span> <span class='ocrx_word' id='word_1_281' title='bbox 2227 2957 2495 3021; x_wconf 90' lang='lat' dir='ltr'><strong>Henrici</strong></span> <span class='ocrx_word' id='word_1_282' title='bbox 2543 2979 2956 3022; x_wconf 90' lang='lat' dir='ltr'><strong>romanorum</strong></span> <span class='ocrx_word' id='word_1_283' title='bbox 3003 2958 3174 3041; x_wconf 88' lang='lat' dir='ltr'><strong>regis</strong></span> <span class='ocrx_word' id='word_1_284' title='bbox 3229 2957 3526 3038; x_wconf 90' lang='lat' dir='ltr'><strong>illustris,</strong></span> <span class='ocrx_word' id='word_1_285' title='bbox 3577 2956 3749 3042; x_wconf 91' lang='lat' dir='ltr'><strong>quod</strong></span> <span class='ocrx_word' id='word_1_286' title='bbox 3790 2978 4016 3043; x_wconf 86' lang='lat' dir='ltr'><strong>pacem</strong></span> <span class='ocrx_word' id='word_1_287' title='bbox 4072 2965 4138 3019; x_wconf 89' lang='lat' dir='ltr'><strong>et</strong></span> <span class='ocrx_word' id='word_1_288' title='bbox 4181 2957 4622 3022; x_wconf 89' lang='lat' dir='ltr'><strong>remissionem</strong></span> <span class='ocrx_word' id='word_1_289' title='bbox 4668 2958 4860 3024; x_wconf 85' lang='lat' dir='ltr'><strong>istam</strong></span> 
     </span>
     <span class='ocr_line' id='line_1_24' title="bbox 1222 3064 4856 3152; baseline 0.001 -23"><span class='ocrx_word' id='word_1_290' title='bbox 1222 3073 1431 3130; x_wconf 89' lang='lat' dir='ltr'><strong>ratam</strong></span> <span class='ocrx_word' id='word_1_291' title='bbox 1478 3065 1742 3130; x_wconf 89' lang='lat' dir='ltr'><strong>habebit</strong></span> <span class='ocrx_word' id='word_1_292' title='bbox 1789 3074 1853 3130; x_wconf 92' lang='lat' dir='ltr'><strong>et</strong></span> <span class='ocrx_word' id='word_1_293' title='bbox 1898 3066 2178 3148; x_wconf 88' lang='lat' dir='ltr'><strong>firmam,</strong></span> <span class='ocrx_word' id='word_1_294' title='bbox 2229 3066 2525 3152; x_wconf 89' lang='lat' dir='ltr'><strong>quodque</strong></span> <span class='ocrx_word' id='word_1_295' title='bbox 2572 3066 2856 3130; x_wconf 88' lang='lat' dir='ltr'><strong>remittet</strong></span> <span class='ocrx_word' id='word_1_296' title='bbox 2903 3066 3086 3129; x_wconf 83' lang='lat' dir='ltr'><strong>vobis</strong></span> <span class='ocrx_word' id='word_1_297' title='bbox 3146 3086 3398 3129; x_wconf 90' lang='lat' dir='ltr'><strong>omnem</strong></span> <span class='ocrx_word' id='word_1_298' title='bbox 3447 3086 3817 3148; x_wconf 89' lang='lat' dir='ltr'><strong>rancorem,</strong></span> <span class='ocrx_word' id='word_1_299' title='bbox 3867 3064 4426 3146; x_wconf 82' lang='lat' dir='ltr'><strong>malevolentiam,</strong></span> <span class='ocrx_word' id='word_1_300' title='bbox 4475 3065 4744 3150; x_wconf 88' lang='lat' dir='ltr'><strong>injurias</strong></span> <span class='ocrx_word' id='word_1_301' title='bbox 4791 3076 4856 3132; x_wconf 87' lang='lat' dir='ltr'><strong>et</strong></span> 
     </span>
     <span class='ocr_line' id='line_1_25' title="bbox 1223 3171 4858 3261; baseline 0.001 -24"><span class='ocrx_word' id='word_1_302' title='bbox 1223 3173 1523 3238; x_wconf 88' lang='lat' dir='ltr'><strong>offensas.</strong></span> <span class='ocrx_word' id='word_1_303' title='bbox 1570 3172 1677 3237; x_wconf 88' lang='lat' dir='ltr'><strong>Ad</strong></span> <span class='ocrx_word' id='word_1_304' title='bbox 1722 3173 1981 3259; x_wconf 89' lang='lat' dir='ltr'><strong>plenam</strong></span> <span class='ocrx_word' id='word_1_305' title='bbox 2044 3180 2261 3236; x_wconf 89' lang='lat' dir='ltr'><strong>autem</strong></span> <span class='ocrx_word' id='word_1_306' title='bbox 2321 3172 2767 3237; x_wconf 89' lang='lat' dir='ltr'><strong>certitudinem</strong></span> <span class='ocrx_word' id='word_1_307' title='bbox 2816 3172 3010 3256; x_wconf 89' lang='lat' dir='ltr'><strong>hujus</strong></span> <span class='ocrx_word' id='word_1_308' title='bbox 3067 3173 3162 3236; x_wconf 89' lang='lat' dir='ltr'><strong>rei</strong></span> <span class='ocrx_word' id='word_1_309' title='bbox 3216 3180 3546 3258; x_wconf 88' lang='lat' dir='ltr'><strong>presentes</strong></span> <span class='ocrx_word' id='word_1_310' title='bbox 3593 3173 3861 3252; x_wconf 86' lang='lat' dir='ltr'><strong>litteras,</strong></span> <span class='ocrx_word' id='word_1_311' title='bbox 3904 3174 4095 3256; x_wconf 85' lang='lat' dir='ltr'><strong>juxta</strong></span> <span class='ocrx_word' id='word_1_312' title='bbox 4149 3171 4346 3257; x_wconf 88' lang='lat' dir='ltr'><strong>ipsius</strong></span> <span class='ocrx_word' id='word_1_313' title='bbox 4392 3172 4633 3237; x_wconf 89' lang='lat' dir='ltr'><strong>domini</strong></span> <span class='ocrx_word' id='word_1_314' title='bbox 4677 3174 4858 3261; x_wconf 90' lang='lat' dir='ltr'><strong>Pape</strong></span> 
     </span>
     <span class='ocr_line' id='line_1_26' title="bbox 1222 3280 3562 3366; baseline 0 -22"><span class='ocrx_word' id='word_1_315' title='bbox 1222 3281 1717 3366; x_wconf 90' lang='lat' dir='ltr'><strong>beneplacitum,</strong></span> <span class='ocrx_word' id='word_1_316' title='bbox 1766 3280 1904 3343; x_wconf 84' lang='lat' dir='ltr'><strong>fieri</strong></span> <span class='ocrx_word' id='word_1_317' title='bbox 1944 3280 2274 3365; x_wconf 84' lang='lat' dir='ltr'><strong>jussimus,</strong></span> <span class='ocrx_word' id='word_1_318' title='bbox 2323 3280 2536 3364; x_wconf 87' lang='lat' dir='ltr'><strong>sigillo</strong></span> <span class='ocrx_word' id='word_1_319' title='bbox 2582 3280 2943 3363; x_wconf 88' lang='lat' dir='ltr'><strong>majestatis</strong></span> <span class='ocrx_word' id='word_1_320' title='bbox 2993 3287 3213 3344; x_wconf 89' lang='lat' dir='ltr'><strong>nostre</strong></span> <span class='ocrx_word' id='word_1_321' title='bbox 3260 3280 3562 3344; x_wconf 86' lang='lat' dir='ltr'><strong>munitas.</strong></span> 
     </span>
    </p>

    <p class='ocr_par' dir='ltr' id='par_1_4' title="bbox 1399 3386 3771 3472">
     <span class='ocr_line' id='line_1_27' title="bbox 1399 3386 3771 3472; baseline 0 -21"><span class='ocrx_word' id='word_1_322' title='bbox 1399 3387 1641 3451; x_wconf 89' lang='lat' dir='ltr'><strong>Datum</strong></span> <span class='ocrx_word' id='word_1_323' title='bbox 1690 3387 2025 3470; x_wconf 85' lang='lat' dir='ltr'><strong>Cathanie,</strong></span> <span class='ocrx_word' id='word_1_324' title='bbox 2074 3387 2279 3472; x_wconf 91' lang='lat' dir='ltr'><strong>primo</strong></span> <span class='ocrx_word' id='word_1_325' title='bbox 2327 3386 2429 3450; x_wconf 89' lang='lat' dir='ltr'><strong>die</strong></span> <span class='ocrx_word' id='word_1_326' title='bbox 2476 3387 2811 3470; x_wconf 88' lang='lat' dir='ltr'><strong>februarij,</strong></span> <span class='ocrx_word' id='word_1_327' title='bbox 2862 3387 3335 3472; x_wconf 90' lang='lat' dir='ltr'><strong>quintedecime</strong></span> <span class='ocrx_word' id='word_1_328' title='bbox 3385 3387 3771 3451; x_wconf 90' lang='lat' dir='ltr'><strong>indictionis.</strong></span> 
     </span>
    </p>
   </div>
   <div class='ocr_carea' id='block_1_3' title="bbox 1203 3600 4852 6052">
    <p class='ocr_par' dir='ltr' id='par_1_5' title="bbox 1218 3600 4852 3902">
     <span class='ocr_line' id='line_1_28' title="bbox 1398 3600 4852 3688; baseline 0.001 -22"><span class='ocrx_word' id='word_1_329' title='bbox 1398 3602 1541 3687; x_wconf 88' lang='lat' dir='ltr'><strong>Ego</strong></span> <span class='ocrx_word' id='word_1_330' title='bbox 1588 3601 1934 3682; x_wconf 88' lang='lat' dir='ltr'><strong>Henricus,</strong></span> <span class='ocrx_word' id='word_1_331' title='bbox 1978 3601 2387 3665; x_wconf 86' lang='lat' dir='ltr'><strong>miseratione</strong></span> <span class='ocrx_word' id='word_1_332' title='bbox 2436 3600 2655 3664; x_wconf 87' lang='lat' dir='ltr'><strong>divina</strong></span> <span class='ocrx_word' id='word_1_333' title='bbox 2702 3601 3113 3664; x_wconf 86' lang='lat' dir='ltr'><strong>bononiensis</strong></span> <span class='ocrx_word' id='word_1_334' title='bbox 3159 3601 3540 3687; x_wconf 86' lang='lat' dir='ltr'><strong>Episcopus,</strong></span> <span class='ocrx_word' id='word_1_335' title='bbox 3591 3601 3710 3666; x_wconf 85' lang='lat' dir='ltr'><strong>hoc</strong></span> <span class='ocrx_word' id='word_1_336' title='bbox 3757 3601 4128 3688; x_wconf 87' lang='lat' dir='ltr'><strong>exemplum</strong></span> <span class='ocrx_word' id='word_1_337' title='bbox 4178 3625 4260 3667; x_wconf 85' lang='lat' dir='ltr'><strong>ex</strong></span> <span class='ocrx_word' id='word_1_338' title='bbox 4309 3604 4633 3668; x_wconf 87' lang='lat' dir='ltr'><strong>autentico</strong></span> <span class='ocrx_word' id='word_1_339' title='bbox 4681 3627 4852 3669; x_wconf 89' lang='lat' dir='ltr'><strong>sum-</strong></span> 
     </span>
     <span class='ocr_line' id='line_1_29' title="bbox 1218 3708 4852 3797; baseline 0.001 -24"><span class='ocrx_word' id='word_1_340' title='bbox 1218 3717 1430 3796; x_wconf 88' lang='lat' dir='ltr'><strong>ptum,</strong></span> <span class='ocrx_word' id='word_1_341' title='bbox 1475 3731 1619 3773; x_wconf 88' lang='lat' dir='ltr'><strong>cum</strong></span> <span class='ocrx_word' id='word_1_342' title='bbox 1668 3708 1968 3794; x_wconf 87' lang='lat' dir='ltr'><strong>originali</strong></span> <span class='ocrx_word' id='word_1_343' title='bbox 2015 3708 2228 3794; x_wconf 87' lang='lat' dir='ltr'><strong>sigillo</strong></span> <span class='ocrx_word' id='word_1_344' title='bbox 2278 3708 2592 3794; x_wconf 88' lang='lat' dir='ltr'><strong>imperiali</strong></span> <span class='ocrx_word' id='word_1_345' title='bbox 2642 3709 2965 3790; x_wconf 87' lang='lat' dir='ltr'><strong>roborat0,</strong></span> <span class='ocrx_word' id='word_1_346' title='bbox 3014 3709 3330 3772; x_wconf 82' lang='lat' dir='ltr'><strong>ascultavi</strong></span> <span class='ocrx_word' id='word_1_347' title='bbox 3385 3708 3732 3792; x_wconf 88' lang='lat' dir='ltr'><strong>diligenter</strong></span> <span class='ocrx_word' id='word_1_348' title='bbox 3777 3716 3841 3772; x_wconf 88' lang='lat' dir='ltr'><strong>et</strong></span> <span class='ocrx_word' id='word_1_349' title='bbox 3904 3708 4078 3792; x_wconf 83' lang='lat' dir='ltr'><strong>vidi,</strong></span> <span class='ocrx_word' id='word_1_350' title='bbox 4129 3710 4297 3774; x_wconf 89' lang='lat' dir='ltr'><strong>unde</strong></span> <span class='ocrx_word' id='word_1_351' title='bbox 4347 3710 4428 3774; x_wconf 90' lang='lat' dir='ltr'><strong>ad</strong></span> <span class='ocrx_word' id='word_1_352' title='bbox 4475 3720 4852 3797; x_wconf 87' lang='lat' dir='ltr'><strong>perpetuam</strong></span> 
     </span>
     <span class='ocr_line' id='line_1_30' title="bbox 1219 3815 4287 3902; baseline 0 -21"><span class='ocrx_word' id='word_1_353' title='bbox 1219 3818 1597 3881; x_wconf 89' lang='lat' dir='ltr'><strong>memoriam</strong></span> <span class='ocrx_word' id='word_1_354' title='bbox 1644 3824 1709 3880; x_wconf 93' lang='lat' dir='ltr'><strong>et</strong></span> <span class='ocrx_word' id='word_1_355' title='bbox 1756 3823 2002 3881; x_wconf 88' lang='lat' dir='ltr'><strong>certum</strong></span> <span class='ocrx_word' id='word_1_356' title='bbox 2049 3816 2485 3879; x_wconf 89' lang='lat' dir='ltr'><strong>testimonium</strong></span> <span class='ocrx_word' id='word_1_357' title='bbox 2531 3837 2632 3879; x_wconf 89' lang='lat' dir='ltr'><strong>me</strong></span> <span class='ocrx_word' id='word_1_358' title='bbox 2679 3815 3028 3902; x_wconf 89' lang='lat' dir='ltr'><strong>subscripsi</strong></span> <span class='ocrx_word' id='word_1_359' title='bbox 3074 3823 3138 3878; x_wconf 88' lang='lat' dir='ltr'><strong>et</strong></span> <span class='ocrx_word' id='word_1_360' title='bbox 3184 3815 3399 3901; x_wconf 87' lang='lat' dir='ltr'><strong>sigillo</strong></span> <span class='ocrx_word' id='word_1_361' title='bbox 3445 3836 3587 3879; x_wconf 88' lang='lat' dir='ltr'><strong>mco</strong></span> <span class='ocrx_word' id='word_1_362' title='bbox 3636 3815 3911 3901; x_wconf 87' lang='lat' dir='ltr'><strong>sigillari</strong></span> <span class='ocrx_word' id='word_1_363' title='bbox 3960 3816 4287 3881; x_wconf 81' lang='lat' dir='ltr'><strong>mandavi.</strong></span> 
     </span>
    </p>

    <p class='ocr_par' dir='ltr' id='par_1_6' title="bbox 1215 3923 4851 4331">
     <span class='ocr_line' id='line_1_31' title="bbox 1396 3923 4851 4011; baseline 0.001 -22"><span class='ocrx_word' id='word_1_364' title='bbox 1396 3925 1540 4011; x_wconf 87' lang='lat' dir='ltr'><strong>Ego</strong></span> <span class='ocrx_word' id='word_1_365' title='bbox 1588 3924 1962 3989; x_wconf 85' lang='lat' dir='ltr'><strong>Tancredus</strong></span> <span class='ocrx_word' id='word_1_366' title='bbox 2009 3924 2420 3988; x_wconf 90' lang='lat' dir='ltr'><strong>bononiensis</strong></span> <span class='ocrx_word' id='word_1_367' title='bbox 2464 3923 2754 3988; x_wconf 89' lang='lat' dir='ltr'><strong>Ecclesie</strong></span> <span class='ocrx_word' id='word_1_368' title='bbox 2796 3923 3328 4005; x_wconf 88' lang='lat' dir='ltr'><strong>Archidiaconus,</strong></span> <span class='ocrx_word' id='word_1_369' title='bbox 3362 3923 3511 3988; x_wconf 92' lang='lat' dir='ltr'><strong>licet</strong></span> <span class='ocrx_word' id='word_1_370' title='bbox 3559 3923 3917 4006; x_wconf 89' lang='lat' dir='ltr'><strong>inmeritus,</strong></span> <span class='ocrx_word' id='word_1_371' title='bbox 3950 3924 4072 3989; x_wconf 92' lang='lat' dir='ltr'><strong>hoc</strong></span> <span class='ocrx_word' id='word_1_372' title='bbox 4107 3925 4474 4011; x_wconf 81' lang='lat' dir='ltr'><strong>exemplum</strong></span> <span class='ocrx_word' id='word_1_373' title='bbox 4510 3948 4592 3990; x_wconf 80' lang='lat' dir='ltr'><strong>ex</strong></span> <span class='ocrx_word' id='word_1_374' title='bbox 4625 3936 4851 3992; x_wconf 87' lang='lat' dir='ltr'><strong>auten-</strong></span> 
     </span>
     <span class='ocr_line' id='line_1_32' title="bbox 1216 4030 4850 4120; baseline 0.001 -23"><span class='ocrx_word' id='word_1_375' title='bbox 1216 4033 1343 4098; x_wconf 89' lang='lat' dir='ltr'><strong>tico</strong></span> <span class='ocrx_word' id='word_1_376' title='bbox 1391 4040 1737 4119; x_wconf 87' lang='lat' dir='ltr'><strong>sumptum,</strong></span> <span class='ocrx_word' id='word_1_377' title='bbox 1772 4054 1918 4097; x_wconf 89' lang='lat' dir='ltr'><strong>cum</strong></span> <span class='ocrx_word' id='word_1_378' title='bbox 1966 4031 2264 4117; x_wconf 85' lang='lat' dir='ltr'><strong>originali</strong></span> <span class='ocrx_word' id='word_1_379' title='bbox 2313 4032 2451 4118; x_wconf 91' lang='lat' dir='ltr'><strong>ipso</strong></span> <span class='ocrx_word' id='word_1_380' title='bbox 2485 4031 2697 4116; x_wconf 89' lang='lat' dir='ltr'><strong>sigillo</strong></span> <span class='ocrx_word' id='word_1_381' title='bbox 2731 4031 2972 4094; x_wconf 91' lang='lat' dir='ltr'><strong>domini</strong></span> <span class='ocrx_word' id='word_1_382' title='bbox 3004 4030 3332 4095; x_wconf 84' lang='lat' dir='ltr'><strong>Frederici</strong></span> <span class='ocrx_word' id='word_1_383' title='bbox 3365 4032 3772 4117; x_wconf 89' lang='lat' dir='ltr'><strong>imperatoris</strong></span> <span class='ocrx_word' id='word_1_384' title='bbox 3797 4031 4121 4113; x_wconf 89' lang='lat' dir='ltr'><strong>roborato,</strong></span> <span class='ocrx_word' id='word_1_385' title='bbox 4157 4034 4472 4097; x_wconf 83' lang='lat' dir='ltr'><strong>ascultavi</strong></span> <span class='ocrx_word' id='word_1_386' title='bbox 4504 4033 4850 4120; x_wconf 88' lang='lat' dir='ltr'><strong>diligenter</strong></span> 
     </span>
     <span class='ocr_line' id='line_1_33' title="bbox 1216 4138 4850 4228; baseline 0.001 -24"><span class='ocrx_word' id='word_1_387' title='bbox 1216 4149 1281 4204; x_wconf 92' lang='lat' dir='ltr'><strong>et</strong></span> <span class='ocrx_word' id='word_1_388' title='bbox 1328 4140 1459 4205; x_wconf 82' lang='lat' dir='ltr'><strong>vidi</strong></span> <span class='ocrx_word' id='word_1_389' title='bbox 1508 4147 1573 4204; x_wconf 90' lang='lat' dir='ltr'><strong>et</strong></span> <span class='ocrx_word' id='word_1_390' title='bbox 1618 4139 1748 4225; x_wconf 88' lang='lat' dir='ltr'><strong>legi</strong></span> <span class='ocrx_word' id='word_1_391' title='bbox 1793 4148 2156 4225; x_wconf 88' lang='lat' dir='ltr'><strong>utrumque,</strong></span> <span class='ocrx_word' id='word_1_392' title='bbox 2206 4138 2377 4202; x_wconf 89' lang='lat' dir='ltr'><strong>unde</strong></span> <span class='ocrx_word' id='word_1_393' title='bbox 2423 4139 2505 4202; x_wconf 88' lang='lat' dir='ltr'><strong>ad</strong></span> <span class='ocrx_word' id='word_1_394' title='bbox 2552 4145 2933 4224; x_wconf 89' lang='lat' dir='ltr'><strong>perpetuam</strong></span> <span class='ocrx_word' id='word_1_395' title='bbox 2972 4138 3344 4202; x_wconf 88' lang='lat' dir='ltr'><strong>memoriam</strong></span> <span class='ocrx_word' id='word_1_396' title='bbox 3377 4146 3442 4202; x_wconf 94' lang='lat' dir='ltr'><strong>et</strong></span> <span class='ocrx_word' id='word_1_397' title='bbox 3483 4146 3731 4202; x_wconf 87' lang='lat' dir='ltr'><strong>certum</strong></span> <span class='ocrx_word' id='word_1_398' title='bbox 3779 4139 4215 4204; x_wconf 88' lang='lat' dir='ltr'><strong>testimonium</strong></span> <span class='ocrx_word' id='word_1_399' title='bbox 4247 4161 4349 4203; x_wconf 93' lang='lat' dir='ltr'><strong>me</strong></span> <span class='ocrx_word' id='word_1_400' title='bbox 4382 4141 4752 4228; x_wconf 79' lang='lat' dir='ltr'><strong>subscripsi,</strong></span> <span class='ocrx_word' id='word_1_401' title='bbox 4786 4152 4850 4207; x_wconf 91' lang='lat' dir='ltr'><strong>et</strong></span> 
     </span>
     <span class='ocr_line' id='line_1_34' title="bbox 1215 4245 2652 4331; baseline -0.002 -20"><span class='ocrx_word' id='word_1_402' title='bbox 1215 4247 1365 4311; x_wconf 87' lang='lat' dir='ltr'><strong>huic</strong></span> <span class='ocrx_word' id='word_1_403' title='bbox 1408 4254 1583 4311; x_wconf 87' lang='lat' dir='ltr'><strong>carte</strong></span> <span class='ocrx_word' id='word_1_404' title='bbox 1630 4245 1916 4331; x_wconf 89' lang='lat' dir='ltr'><strong>sigillum</strong></span> <span class='ocrx_word' id='word_1_405' title='bbox 1962 4267 2175 4309; x_wconf 89' lang='lat' dir='ltr'><strong>meum</strong></span> <span class='ocrx_word' id='word_1_406' title='bbox 2221 4245 2460 4331; x_wconf 84' lang='lat' dir='ltr'><strong>apponi</strong></span> <span class='ocrx_word' id='word_1_407' title='bbox 2508 4245 2652 4309; x_wconf 89' lang='lat' dir='ltr'><strong>feci.</strong></span> 
     </span>
    </p>

    <p class='ocr_par' dir='ltr' id='par_1_7' title="bbox 1212 4353 4850 4871">
     <span class='ocr_line' id='line_1_35' title="bbox 1394 4353 4850 4440; baseline 0.001 -21"><span class='ocrx_word' id='word_1_408' title='bbox 1394 4355 1537 4440; x_wconf 90' lang='lat' dir='ltr'><strong>Ego</strong></span> <span class='ocrx_word' id='word_1_409' title='bbox 1572 4353 1911 4417; x_wconf 83' lang='lat' dir='ltr'><strong>Manzinus</strong></span> <span class='ocrx_word' id='word_1_410' title='bbox 1942 4353 2021 4417; x_wconf 91' lang='lat' dir='ltr'><strong>de</strong></span> <span class='ocrx_word' id='word_1_411' title='bbox 2054 4353 2275 4439; x_wconf 88' lang='lat' dir='ltr'><strong>Burgo</strong></span> <span class='ocrx_word' id='word_1_412' title='bbox 2307 4353 2513 4435; x_wconf 84' lang='lat' dir='ltr'><strong>Novo,</strong></span> <span class='ocrx_word' id='word_1_413' title='bbox 2556 4355 2940 4418; x_wconf 84' lang='lat' dir='ltr'><strong>auctoritate</strong></span> <span class='ocrx_word' id='word_1_414' title='bbox 2971 4353 3317 4440; x_wconf 89' lang='lat' dir='ltr'><strong>imperiali,</strong></span> <span class='ocrx_word' id='word_1_415' title='bbox 3352 4361 3417 4417; x_wconf 92' lang='lat' dir='ltr'><strong>et</strong></span> <span class='ocrx_word' id='word_1_416' title='bbox 3459 4374 3628 4418; x_wconf 87' lang='lat' dir='ltr'><strong>nunc</strong></span> <span class='ocrx_word' id='word_1_417' title='bbox 3674 4353 4046 4418; x_wconf 84' lang='lat' dir='ltr'><strong>Communis</strong></span> <span class='ocrx_word' id='word_1_418' title='bbox 4080 4361 4145 4417; x_wconf 87' lang='lat' dir='ltr'><strong>et</strong></span> <span class='ocrx_word' id='word_1_419' title='bbox 4175 4354 4525 4419; x_wconf 87' lang='lat' dir='ltr'><strong>Potestatis</strong></span> <span class='ocrx_word' id='word_1_420' title='bbox 4557 4356 4850 4422; x_wconf 90' lang='lat' dir='ltr'><strong>Bononie</strong></span> 
     </span>
     <span class='ocr_line' id='line_1_36' title="bbox 1216 4459 4850 4549; baseline 0.001 -22"><span class='ocrx_word' id='word_1_421' title='bbox 1216 4463 1526 4544; x_wconf 89' lang='lat' dir='ltr'><strong>notarius,</strong></span> <span class='ocrx_word' id='word_1_422' title='bbox 1568 4462 1690 4527; x_wconf 89' lang='lat' dir='ltr'><strong>hoc</strong></span> <span class='ocrx_word' id='word_1_423' title='bbox 1740 4461 2110 4548; x_wconf 83' lang='lat' dir='ltr'><strong>exemplum</strong></span> <span class='ocrx_word' id='word_1_424' title='bbox 2156 4482 2239 4525; x_wconf 81' lang='lat' dir='ltr'><strong>ex</strong></span> <span class='ocrx_word' id='word_1_425' title='bbox 2286 4461 2610 4525; x_wconf 88' lang='lat' dir='ltr'><strong>autentico</strong></span> <span class='ocrx_word' id='word_1_426' title='bbox 2656 4469 3001 4547; x_wconf 90' lang='lat' dir='ltr'><strong>sumptum,</strong></span> <span class='ocrx_word' id='word_1_427' title='bbox 3050 4461 3263 4545; x_wconf 89' lang='lat' dir='ltr'><strong>sigillo</strong></span> <span class='ocrx_word' id='word_1_428' title='bbox 3309 4460 3553 4524; x_wconf 90' lang='lat' dir='ltr'><strong>domini</strong></span> <span class='ocrx_word' id='word_1_429' title='bbox 3600 4459 3932 4525; x_wconf 84' lang='lat' dir='ltr'><strong>Frederici</strong></span> <span class='ocrx_word' id='word_1_430' title='bbox 3981 4482 4397 4526; x_wconf 87' lang='lat' dir='ltr'><strong>romanorum</strong></span> <span class='ocrx_word' id='word_1_431' title='bbox 4445 4463 4850 4549; x_wconf 89' lang='lat' dir='ltr'><strong>imperatoris</strong></span> 
     </span>
     <span class='ocr_line' id='line_1_37' title="bbox 1213 4568 4848 4655; baseline 0 -21"><span class='ocrx_word' id='word_1_432' title='bbox 1213 4570 1537 4653; x_wconf 87' lang='lat' dir='ltr'><strong>roborat0,</strong></span> <span class='ocrx_word' id='word_1_433' title='bbox 1573 4571 1908 4653; x_wconf 82' lang='lat' dir='ltr'><strong>ascultavi,</strong></span> <span class='ocrx_word' id='word_1_434' title='bbox 1942 4570 2071 4655; x_wconf 89' lang='lat' dir='ltr'><strong>legi</strong></span> <span class='ocrx_word' id='word_1_435' title='bbox 2116 4568 2459 4654; x_wconf 88' lang='lat' dir='ltr'><strong>diligenter</strong></span> <span class='ocrx_word' id='word_1_436' title='bbox 2505 4577 2569 4633; x_wconf 88' lang='lat' dir='ltr'><strong>et</strong></span> <span class='ocrx_word' id='word_1_437' title='bbox 2617 4569 2748 4632; x_wconf 85' lang='lat' dir='ltr'><strong>vidi</strong></span> <span class='ocrx_word' id='word_1_438' title='bbox 2795 4575 3171 4655; x_wconf 84' lang='lat' dir='ltr'><strong>utrumque3</strong></span> <span class='ocrx_word' id='word_1_439' title='bbox 3206 4576 3270 4632; x_wconf 88' lang='lat' dir='ltr'><strong>et</strong></span> <span class='ocrx_word' id='word_1_440' title='bbox 3317 4590 3463 4633; x_wconf 92' lang='lat' dir='ltr'><strong>cum</strong></span> <span class='ocrx_word' id='word_1_441' title='bbox 3504 4568 3684 4651; x_wconf 88' lang='lat' dir='ltr'><strong>jdem</strong></span> <span class='ocrx_word' id='word_1_442' title='bbox 3741 4569 3807 4632; x_wconf 89' lang='lat' dir='ltr'><strong>in</strong></span> <span class='ocrx_word' id='word_1_443' title='bbox 3857 4590 3985 4633; x_wconf 88' lang='lat' dir='ltr'><strong>uno</strong></span> <span class='ocrx_word' id='word_1_444' title='bbox 4033 4568 4205 4654; x_wconf 88' lang='lat' dir='ltr'><strong>quod</strong></span> <span class='ocrx_word' id='word_1_445' title='bbox 4252 4570 4319 4632; x_wconf 90' lang='lat' dir='ltr'><strong>in</strong></span> <span class='ocrx_word' id='word_1_446' title='bbox 4351 4570 4619 4655; x_wconf 90' lang='lat' dir='ltr'><strong>reliquo,</strong></span> <span class='ocrx_word' id='word_1_447' title='bbox 4654 4577 4719 4635; x_wconf 90' lang='lat' dir='ltr'><strong>et</strong></span> <span class='ocrx_word' id='word_1_448' title='bbox 4758 4572 4848 4635; x_wconf 91' lang='lat' dir='ltr'><strong>nil</strong></span> 
     </span>
     <span class='ocr_line' id='line_1_38' title="bbox 1212 4675 4847 4763; baseline 0 -22"><span class='ocrx_word' id='word_1_449' title='bbox 1212 4677 1490 4763; x_wconf 91' lang='lat' dir='ltr'><strong>amplius</strong></span> <span class='ocrx_word' id='word_1_450' title='bbox 1536 4679 1641 4742; x_wconf 81' lang='lat' dir='ltr'><strong>vel</strong></span> <span class='ocrx_word' id='word_1_451' title='bbox 1689 4677 1895 4759; x_wconf 89' lang='lat' dir='ltr'><strong>aliter,</strong></span> <span class='ocrx_word' id='word_1_452' title='bbox 1945 4676 2281 4757; x_wconf 88' lang='lat' dir='ltr'><strong>habeatur,</strong></span> <span class='ocrx_word' id='word_1_453' title='bbox 2330 4675 2410 4739; x_wconf 87' lang='lat' dir='ltr'><strong>ad</strong></span> <span class='ocrx_word' id='word_1_454' title='bbox 2459 4684 2838 4762; x_wconf 88' lang='lat' dir='ltr'><strong>perpetuam</strong></span> <span class='ocrx_word' id='word_1_455' title='bbox 2901 4675 3273 4739; x_wconf 87' lang='lat' dir='ltr'><strong>memoriam</strong></span> <span class='ocrx_word' id='word_1_456' title='bbox 3334 4683 3709 4761; x_wconf 87' lang='lat' dir='ltr'><strong>certumque</strong></span> <span class='ocrx_word' id='word_1_457' title='bbox 3761 4676 4197 4741; x_wconf 87' lang='lat' dir='ltr'><strong>testimonium</strong></span> <span class='ocrx_word' id='word_1_458' title='bbox 4246 4677 4500 4761; x_wconf 91' lang='lat' dir='ltr'><strong>publice</strong></span> <span class='ocrx_word' id='word_1_459' title='bbox 4550 4699 4649 4741; x_wconf 92' lang='lat' dir='ltr'><strong>me</strong></span> <span class='ocrx_word' id='word_1_460' title='bbox 4696 4679 4847 4742; x_wconf 90' lang='lat' dir='ltr'><strong>snb-</strong></span> 
     </span>
     <span class='ocr_line' id='line_1_39' title="bbox 1212 4785 1460 4871; baseline 0 -23"><span class='ocrx_word' id='word_1_461' title='bbox 1212 4785 1460 4871; x_wconf 86' lang='lat' dir='ltr'><strong>scripsi.</strong></span> 
     </span>
    </p>

    <p class='ocr_par' dir='ltr' id='par_1_8' title="bbox 1208 4890 4848 5301">
     <span class='ocr_line' id='line_1_40' title="bbox 1388 4890 4848 4978; baseline 0 -21"><span class='ocrx_word' id='word_1_462' title='bbox 1388 4892 1532 4978; x_wconf 88' lang='lat' dir='ltr'><strong>Ego</strong></span> <span class='ocrx_word' id='word_1_463' title='bbox 1576 4891 1957 4957; x_wconf 88' lang='lat' dir='ltr'><strong>Homodeus</strong></span> <span class='ocrx_word' id='word_1_464' title='bbox 2001 4890 2354 4954; x_wconf 88' lang='lat' dir='ltr'><strong>Presbiteri</strong></span> <span class='ocrx_word' id='word_1_465' title='bbox 2400 4890 2480 4954; x_wconf 89' lang='lat' dir='ltr'><strong>de</strong></span> <span class='ocrx_word' id='word_1_466' title='bbox 2529 4890 2846 4976; x_wconf 83' lang='lat' dir='ltr'><strong>Tignano,</strong></span> <span class='ocrx_word' id='word_1_467' title='bbox 2882 4891 3263 4954; x_wconf 88' lang='lat' dir='ltr'><strong>auctoritate</strong></span> <span class='ocrx_word' id='word_1_468' title='bbox 3307 4890 3647 4976; x_wconf 89' lang='lat' dir='ltr'><strong>imperiali,</strong></span> <span class='ocrx_word' id='word_1_469' title='bbox 3684 4897 3748 4953; x_wconf 87' lang='lat' dir='ltr'><strong>et</strong></span> <span class='ocrx_word' id='word_1_470' title='bbox 3800 4913 3968 4955; x_wconf 88' lang='lat' dir='ltr'><strong>nunc</strong></span> <span class='ocrx_word' id='word_1_471' title='bbox 4010 4890 4381 4955; x_wconf 87' lang='lat' dir='ltr'><strong>Communis</strong></span> <span class='ocrx_word' id='word_1_472' title='bbox 4411 4891 4705 4956; x_wconf 91' lang='lat' dir='ltr'><strong>Bononie</strong></span> <span class='ocrx_word' id='word_1_473' title='bbox 4740 4914 4848 4958; x_wconf 90' lang='lat' dir='ltr'><strong>no</strong></span> 
     </span>
     <span class='ocr_line' id='line_1_41' title="bbox 1209 4996 4845 5085; baseline 0 -22"><span class='ocrx_word' id='word_1_474' title='bbox 1209 5000 1441 5082; x_wconf 88' lang='lat' dir='ltr'><strong>tarius,</strong></span> <span class='ocrx_word' id='word_1_475' title='bbox 1489 5000 1611 5064; x_wconf 88' lang='lat' dir='ltr'><strong>hoc</strong></span> <span class='ocrx_word' id='word_1_476' title='bbox 1658 4999 2028 5085; x_wconf 84' lang='lat' dir='ltr'><strong>exemplum</strong></span> <span class='ocrx_word' id='word_1_477' title='bbox 2073 5019 2158 5061; x_wconf 82' lang='lat' dir='ltr'><strong>ex</strong></span> <span class='ocrx_word' id='word_1_478' title='bbox 2217 4998 2587 5062; x_wconf 90' lang='lat' dir='ltr'><strong>authentico</strong></span> <span class='ocrx_word' id='word_1_479' title='bbox 2649 5006 3010 5083; x_wconf 88' lang='lat' dir='ltr'><strong>sumptum,</strong></span> <span class='ocrx_word' id='word_1_480' title='bbox 3059 4997 3271 5082; x_wconf 91' lang='lat' dir='ltr'><strong>sigillo</strong></span> <span class='ocrx_word' id='word_1_481' title='bbox 3319 4996 3561 5060; x_wconf 91' lang='lat' dir='ltr'><strong>domini</strong></span> <span class='ocrx_word' id='word_1_482' title='bbox 3609 4997 3926 5062; x_wconf 78' lang='lat' dir='ltr'><strong>Eriderici</strong></span> <span class='ocrx_word' id='word_1_483' title='bbox 3976 5019 4388 5062; x_wconf 89' lang='lat' dir='ltr'><strong>romanorum</strong></span> <span class='ocrx_word' id='word_1_484' title='bbox 4437 4998 4845 5085; x_wconf 88' lang='lat' dir='ltr'><strong>imperatoris</strong></span> 
     </span>
     <span class='ocr_line' id='line_1_42' title="bbox 1208 5104 4847 5191; baseline 0 -19"><span class='ocrx_word' id='word_1_485' title='bbox 1208 5108 1534 5191; x_wconf 86' lang='lat' dir='ltr'><strong>roborate,</strong></span> <span class='ocrx_word' id='word_1_486' title='bbox 1570 5107 1904 5187; x_wconf 85' lang='lat' dir='ltr'><strong>ascultavi,</strong></span> <span class='ocrx_word' id='word_1_487' title='bbox 1947 5105 2078 5191; x_wconf 92' lang='lat' dir='ltr'><strong>legi</strong></span> <span class='ocrx_word' id='word_1_488' title='bbox 2109 5105 2474 5189; x_wconf 91' lang='lat' dir='ltr'><strong>diligenter,</strong></span> <span class='ocrx_word' id='word_1_489' title='bbox 2510 5113 2573 5169; x_wconf 88' lang='lat' dir='ltr'><strong>et</strong></span> <span class='ocrx_word' id='word_1_490' title='bbox 2614 5105 2744 5168; x_wconf 82' lang='lat' dir='ltr'><strong>vidi</strong></span> <span class='ocrx_word' id='word_1_491' title='bbox 2791 5115 3168 5190; x_wconf 81' lang='lat' dir='ltr'><strong>utrumque3</strong></span> <span class='ocrx_word' id='word_1_492' title='bbox 3201 5111 3265 5168; x_wconf 89' lang='lat' dir='ltr'><strong>et</strong></span> <span class='ocrx_word' id='word_1_493' title='bbox 3312 5125 3458 5168; x_wconf 91' lang='lat' dir='ltr'><strong>cum</strong></span> <span class='ocrx_word' id='word_1_494' title='bbox 3507 5104 3671 5168; x_wconf 87' lang='lat' dir='ltr'><strong>idem</strong></span> <span class='ocrx_word' id='word_1_495' title='bbox 3726 5106 3791 5168; x_wconf 89' lang='lat' dir='ltr'><strong>in</strong></span> <span class='ocrx_word' id='word_1_496' title='bbox 3838 5127 3966 5169; x_wconf 90' lang='lat' dir='ltr'><strong>uno</strong></span> <span class='ocrx_word' id='word_1_497' title='bbox 4021 5105 4186 5191; x_wconf 92' lang='lat' dir='ltr'><strong>quod</strong></span> <span class='ocrx_word' id='word_1_498' title='bbox 4239 5105 4302 5168; x_wconf 91' lang='lat' dir='ltr'><strong>in</strong></span> <span class='ocrx_word' id='word_1_499' title='bbox 4349 5106 4598 5191; x_wconf 90' lang='lat' dir='ltr'><strong>reliquo</strong></span> <span class='ocrx_word' id='word_1_500' title='bbox 4647 5115 4710 5171; x_wconf 89' lang='lat' dir='ltr'><strong>et</strong></span> <span class='ocrx_word' id='word_1_501' title='bbox 4756 5109 4847 5172; x_wconf 91' lang='lat' dir='ltr'><strong>nil</strong></span> 
     </span>
     <span class='ocr_line' id='line_1_43' title="bbox 1209 5212 4842 5301; baseline -0 -22"><span class='ocrx_word' id='word_1_502' title='bbox 1209 5215 1489 5301; x_wconf 90' lang='lat' dir='ltr'><strong>amplius</strong></span> <span class='ocrx_word' id='word_1_503' title='bbox 1522 5214 1623 5278; x_wconf 81' lang='lat' dir='ltr'><strong>vel</strong></span> <span class='ocrx_word' id='word_1_504' title='bbox 1659 5215 1847 5277; x_wconf 89' lang='lat' dir='ltr'><strong>aliter</strong></span> <span class='ocrx_word' id='word_1_505' title='bbox 1878 5213 2216 5293; x_wconf 86' lang='lat' dir='ltr'><strong>habeatur,</strong></span> <span class='ocrx_word' id='word_1_506' title='bbox 2244 5212 2325 5276; x_wconf 87' lang='lat' dir='ltr'><strong>ad</strong></span> <span class='ocrx_word' id='word_1_507' title='bbox 2358 5220 2735 5299; x_wconf 88' lang='lat' dir='ltr'><strong>perpetuam</strong></span> <span class='ocrx_word' id='word_1_508' title='bbox 2767 5212 3144 5275; x_wconf 89' lang='lat' dir='ltr'><strong>memoriam</strong></span> <span class='ocrx_word' id='word_1_509' title='bbox 3175 5220 3548 5298; x_wconf 88' lang='lat' dir='ltr'><strong>certumque</strong></span> <span class='ocrx_word' id='word_1_510' title='bbox 3574 5212 4009 5276; x_wconf 88' lang='lat' dir='ltr'><strong>testimoninm</strong></span> <span class='ocrx_word' id='word_1_511' title='bbox 4046 5213 4303 5299; x_wconf 91' lang='lat' dir='ltr'><strong>publice</strong></span> <span class='ocrx_word' id='word_1_512' title='bbox 4338 5236 4440 5277; x_wconf 92' lang='lat' dir='ltr'><strong>me</strong></span> <span class='ocrx_word' id='word_1_513' title='bbox 4473 5213 4842 5300; x_wconf 88' lang='lat' dir='ltr'><strong>subscripsi.</strong></span> 
     </span>
    </p>

    <p class='ocr_par' dir='ltr' id='par_1_9' title="bbox 1205 5319 4845 5837">
     <span class='ocr_line' id='line_1_44' title="bbox 1386 5319 4845 5407; baseline 0 -21"><span class='ocrx_word' id='word_1_514' title='bbox 1386 5321 1531 5407; x_wconf 89' lang='lat' dir='ltr'><strong>Ego</strong></span> <span class='ocrx_word' id='word_1_515' title='bbox 1579 5321 1933 5386; x_wconf 81' lang='lat' dir='ltr'><strong>Nicholaus</strong></span> <span class='ocrx_word' id='word_1_516' title='bbox 1981 5320 2421 5402; x_wconf 85' lang='lat' dir='ltr'><strong>Terendanus,</strong></span> <span class='ocrx_word' id='word_1_517' title='bbox 2455 5320 2772 5405; x_wconf 85' lang='lat' dir='ltr'><strong>imperiali</strong></span> <span class='ocrx_word' id='word_1_518' title='bbox 2806 5320 3207 5402; x_wconf 89' lang='lat' dir='ltr'><strong>auctoritate,</strong></span> <span class='ocrx_word' id='word_1_519' title='bbox 3243 5320 3532 5386; x_wconf 89' lang='lat' dir='ltr'><strong>notarius</strong></span> <span class='ocrx_word' id='word_1_520' title='bbox 3578 5327 3642 5383; x_wconf 89' lang='lat' dir='ltr'><strong>et</strong></span> <span class='ocrx_word' id='word_1_521' title='bbox 3688 5341 3856 5383; x_wconf 90' lang='lat' dir='ltr'><strong>nunc</strong></span> <span class='ocrx_word' id='word_1_522' title='bbox 3897 5319 4273 5384; x_wconf 84' lang='lat' dir='ltr'><strong>Communis</strong></span> <span class='ocrx_word' id='word_1_523' title='bbox 4320 5321 4614 5386; x_wconf 88' lang='lat' dir='ltr'><strong>Bononie</strong></span> <span class='ocrx_word' id='word_1_524' title='bbox 4663 5332 4845 5386; x_wconf 89' lang='lat' dir='ltr'><strong>nota-</strong></span> 
     </span>
     <span class='ocr_line' id='line_1_45' title="bbox 1208 5427 4845 5515; baseline 0 -22"><span class='ocrx_word' id='word_1_525' title='bbox 1208 5429 1362 5512; x_wconf 88' lang='lat' dir='ltr'><strong>rius,</strong></span> <span class='ocrx_word' id='word_1_526' title='bbox 1412 5430 1641 5493; x_wconf 88' lang='lat' dir='ltr'><strong>harum</strong></span> <span class='ocrx_word' id='word_1_527' title='bbox 1690 5429 2022 5492; x_wconf 87' lang='lat' dir='ltr'><strong>literarum</strong></span> <span class='ocrx_word' id='word_1_528' title='bbox 2072 5428 2439 5513; x_wconf 86' lang='lat' dir='ltr'><strong>exemplum</strong></span> <span class='ocrx_word' id='word_1_529' title='bbox 2489 5427 2567 5490; x_wconf 89' lang='lat' dir='ltr'><strong>de</strong></span> <span class='ocrx_word' id='word_1_530' title='bbox 2617 5427 2973 5512; x_wconf 85' lang='lat' dir='ltr'><strong>exemplari</strong></span> <span class='ocrx_word' id='word_1_531' title='bbox 3019 5427 3378 5491; x_wconf 88' lang='lat' dir='ltr'><strong>litterarum</strong></span> <span class='ocrx_word' id='word_1_532' title='bbox 3427 5427 3669 5491; x_wconf 90' lang='lat' dir='ltr'><strong>domini</strong></span> <span class='ocrx_word' id='word_1_533' title='bbox 3720 5427 4124 5512; x_wconf 85' lang='lat' dir='ltr'><strong>imperatoris</strong></span> <span class='ocrx_word' id='word_1_534' title='bbox 4171 5436 4235 5491; x_wconf 93' lang='lat' dir='ltr'><strong>et</strong></span> <span class='ocrx_word' id='word_1_535' title='bbox 4282 5429 4479 5511; x_wconf 88' lang='lat' dir='ltr'><strong>sigilli</strong></span> <span class='ocrx_word' id='word_1_536' title='bbox 4534 5429 4633 5493; x_wconf 90' lang='lat' dir='ltr'><strong>sui</strong></span> <span class='ocrx_word' id='word_1_537' title='bbox 4687 5451 4845 5515; x_wconf 90' lang='lat' dir='ltr'><strong>pen-</strong></span> 
     </span>
     <span class='ocr_line' id='line_1_46' title="bbox 1205 5535 4843 5620; baseline 0 -20"><span class='ocrx_word' id='word_1_538' title='bbox 1205 5537 1417 5601; x_wconf 90' lang='lat' dir='ltr'><strong>dentis</strong></span> <span class='ocrx_word' id='word_1_539' title='bbox 1465 5536 1817 5599; x_wconf 90' lang='lat' dir='ltr'><strong>munimine</strong></span> <span class='ocrx_word' id='word_1_540' title='bbox 1863 5536 2163 5617; x_wconf 90' lang='lat' dir='ltr'><strong>munitas,</strong></span> <span class='ocrx_word' id='word_1_541' title='bbox 2204 5535 2548 5620; x_wconf 85' lang='lat' dir='ltr'><strong>diligenter</strong></span> <span class='ocrx_word' id='word_1_542' title='bbox 2592 5536 2979 5599; x_wconf 85' lang='lat' dir='ltr'><strong>ascultatum</strong></span> <span class='ocrx_word' id='word_1_543' title='bbox 3027 5541 3091 5599; x_wconf 89' lang='lat' dir='ltr'><strong>et</strong></span> <span class='ocrx_word' id='word_1_544' title='bbox 3137 5556 3355 5599; x_wconf 92' lang='lat' dir='ltr'><strong>coram</strong></span> <span class='ocrx_word' id='word_1_545' title='bbox 3403 5535 3832 5620; x_wconf 87' lang='lat' dir='ltr'><strong>infrascriptis</strong></span> <span class='ocrx_word' id='word_1_546' title='bbox 3880 5537 4150 5600; x_wconf 89' lang='lat' dir='ltr'><strong>testibus</strong></span> <span class='ocrx_word' id='word_1_547' title='bbox 4196 5537 4472 5616; x_wconf 90' lang='lat' dir='ltr'><strong>lectum,</strong></span> <span class='ocrx_word' id='word_1_548' title='bbox 4522 5537 4734 5600; x_wconf 81' lang='lat' dir='ltr'><strong>visum</strong></span> <span class='ocrx_word' id='word_1_549' title='bbox 4779 5546 4843 5601; x_wconf 91' lang='lat' dir='ltr'><strong>et</strong></span> 
     </span>
     <span class='ocr_line' id='line_1_47' title="bbox 1208 5641 4841 5729; baseline -0 -21"><span class='ocrx_word' id='word_1_550' title='bbox 1208 5645 1597 5708; x_wconf 89' lang='lat' dir='ltr'><strong>ascultatum</strong></span> <span class='ocrx_word' id='word_1_551' title='bbox 1644 5644 1726 5707; x_wconf 89' lang='lat' dir='ltr'><strong>ab</strong></span> <span class='ocrx_word' id='word_1_552' title='bbox 1775 5643 1868 5707; x_wconf 87' lang='lat' dir='ltr'><strong>eis</strong></span> <span class='ocrx_word' id='word_1_553' title='bbox 1916 5665 2059 5707; x_wconf 90' lang='lat' dir='ltr'><strong>cum</strong></span> <span class='ocrx_word' id='word_1_554' title='bbox 2110 5643 2433 5707; x_wconf 89' lang='lat' dir='ltr'><strong>autentico</strong></span> <span class='ocrx_word' id='word_1_555' title='bbox 2482 5642 2850 5729; x_wconf 89' lang='lat' dir='ltr'><strong>supradicto</strong></span> <span class='ocrx_word' id='word_1_556' title='bbox 2897 5643 3062 5707; x_wconf 89' lang='lat' dir='ltr'><strong>sicut</strong></span> <span class='ocrx_word' id='word_1_557' title='bbox 3106 5642 3240 5706; x_wconf 81' lang='lat' dir='ltr'><strong>vidi</strong></span> <span class='ocrx_word' id='word_1_558' title='bbox 3283 5650 3348 5706; x_wconf 91' lang='lat' dir='ltr'><strong>et</strong></span> <span class='ocrx_word' id='word_1_559' title='bbox 3394 5641 3624 5728; x_wconf 86' lang='lat' dir='ltr'><strong>reperi,</strong></span> <span class='ocrx_word' id='word_1_560' title='bbox 3675 5643 3766 5705; x_wconf 87' lang='lat' dir='ltr'><strong>ita</strong></span> <span class='ocrx_word' id='word_1_561' title='bbox 3819 5643 3904 5705; x_wconf 91' lang='lat' dir='ltr'><strong>nil</strong></span> <span class='ocrx_word' id='word_1_562' title='bbox 3953 5643 4217 5726; x_wconf 89' lang='lat' dir='ltr'><strong>addens,</strong></span> <span class='ocrx_word' id='word_1_563' title='bbox 4268 5652 4524 5707; x_wconf 85' lang='lat' dir='ltr'><strong>mutans</strong></span> <span class='ocrx_word' id='word_1_564' title='bbox 4572 5644 4677 5707; x_wconf 80' lang='lat' dir='ltr'><strong>vel</strong></span> <span class='ocrx_word' id='word_1_565' title='bbox 4726 5644 4841 5707; x_wconf 90' lang='lat' dir='ltr'><strong>mi-</strong></span> 
     </span>
     <span class='ocr_line' id='line_1_48' title="bbox 1205 5751 1875 5837; baseline -0.004 -21"><span class='ocrx_word' id='word_1_566' title='bbox 1205 5773 1431 5834; x_wconf 87' lang='lat' dir='ltr'><strong>nuens,</strong></span> <span class='ocrx_word' id='word_1_567' title='bbox 1481 5751 1875 5837; x_wconf 81' lang='lat' dir='ltr'><strong>exemplavj.</strong></span> 
     </span>
    </p>

    <p class='ocr_par' dir='ltr' id='par_1_10' title="bbox 1203 5857 4840 6052">
     <span class='ocr_line' id='line_1_49' title="bbox 1384 5857 4840 5944; baseline -0.001 -21"><span class='ocrx_word' id='word_1_568' title='bbox 1384 5861 1576 5923; x_wconf 90' lang='lat' dir='ltr'><strong>Anno</strong></span> <span class='ocrx_word' id='word_1_569' title='bbox 1624 5859 1886 5924; x_wconf 89' lang='lat' dir='ltr'><strong>Domini</strong></span> <span class='ocrx_word' id='word_1_570' title='bbox 1936 5858 2273 5922; x_wconf 89' lang='lat' dir='ltr'><strong>millesimo</strong></span> <span class='ocrx_word' id='word_1_571' title='bbox 2320 5858 2756 5922; x_wconf 86' lang='lat' dir='ltr'><strong>ducentesimo</strong></span> <span class='ocrx_word' id='word_1_572' title='bbox 2813 5858 3116 5922; x_wconf 85' lang='lat' dir='ltr'><strong>vicesimo</strong></span> <span class='ocrx_word' id='word_1_573' title='bbox 3179 5858 3482 5944; x_wconf 89' lang='lat' dir='ltr'><strong>septimo,</strong></span> <span class='ocrx_word' id='word_1_574' title='bbox 3530 5858 3632 5921; x_wconf 92' lang='lat' dir='ltr'><strong>die</strong></span> <span class='ocrx_word' id='word_1_575' title='bbox 3694 5857 4030 5921; x_wconf 87' lang='lat' dir='ltr'><strong>undecimo</strong></span> <span class='ocrx_word' id='word_1_576' title='bbox 4099 5857 4378 5922; x_wconf 86' lang='lat' dir='ltr'><strong>intrante</strong></span> <span class='ocrx_word' id='word_1_577' title='bbox 4422 5859 4627 5942; x_wconf 81' lang='lat' dir='ltr'><strong>juniO,</strong></span> <span class='ocrx_word' id='word_1_578' title='bbox 4678 5859 4840 5922; x_wconf 91' lang='lat' dir='ltr'><strong>indi-</strong></span> 
     </span>
     <span class='ocr_line' id='line_1_50' title="bbox 1203 5964 4838 6052; baseline -0 -22"><span class='ocrx_word' id='word_1_579' title='bbox 1203 5967 1412 6030; x_wconf 88' lang='lat' dir='ltr'><strong>ctione</strong></span> <span class='ocrx_word' id='word_1_580' title='bbox 1461 5966 1958 6052; x_wconf 84' lang='lat' dir='ltr'><strong>quintadecima,</strong></span> <span class='ocrx_word' id='word_1_581' title='bbox 1995 5967 2058 6029; x_wconf 91' lang='lat' dir='ltr'><strong>in</strong></span> <span class='ocrx_word' id='word_1_582' title='bbox 2092 5966 2358 6051; x_wconf 86' lang='lat' dir='ltr'><strong>pallatio</strong></span> <span class='ocrx_word' id='word_1_583' title='bbox 2392 5965 2632 6029; x_wconf 89' lang='lat' dir='ltr'><strong>domini</strong></span> <span class='ocrx_word' id='word_1_584' title='bbox 2664 5965 2934 6030; x_wconf 90' lang='lat' dir='ltr'><strong>Henrici</strong></span> <span class='ocrx_word' id='word_1_585' title='bbox 2981 5965 3391 6029; x_wconf 88' lang='lat' dir='ltr'><strong>bononiensis</strong></span> <span class='ocrx_word' id='word_1_586' title='bbox 3430 5964 3756 6050; x_wconf 90' lang='lat' dir='ltr'><strong>Episcopi,</strong></span> <span class='ocrx_word' id='word_1_587' title='bbox 3797 5964 4203 6050; x_wconf 86' lang='lat' dir='ltr'><strong>presentibus</strong></span> <span class='ocrx_word' id='word_1_588' title='bbox 4253 5964 4510 6029; x_wconf 89' lang='lat' dir='ltr'><strong>domino</strong></span> <span class='ocrx_word' id='word_1_589' title='bbox 4549 5965 4838 6031; x_wconf 88' lang='lat' dir='ltr'><strong>Henrico</strong></span> 
     </span>
    </p>
   </div>
   <div class='ocr_carea' id='block_1_4' title="bbox 1108 6071 4837 6160">
    <p class='ocr_par' dir='ltr' id='par_1_11' title="bbox 1108 6071 4837 6160">
     <span class='ocr_line' id='line_1_51' title="bbox 1108 6071 4837 6160; baseline 0 -25"><span class='ocrx_word' id='word_1_590' title='bbox 1108 6128 1116 6135; x_wconf 68' lang='grc'>,</span> <span class='ocrx_word' id='word_1_591' title='bbox 1200 6074 1545 6160; x_wconf 84' lang='lat' dir='ltr'><strong>EpiscopO,</strong></span> <span class='ocrx_word' id='word_1_592' title='bbox 1594 6081 1659 6137; x_wconf 90' lang='lat' dir='ltr'><strong>et</strong></span> <span class='ocrx_word' id='word_1_593' title='bbox 1705 6074 2016 6157; x_wconf 87' lang='lat' dir='ltr'><strong>magistro</strong></span> <span class='ocrx_word' id='word_1_594' title='bbox 2064 6072 2400 6137; x_wconf 85' lang='lat' dir='ltr'><strong>Tancredo</strong></span> <span class='ocrx_word' id='word_1_595' title='bbox 2448 6073 2900 6137; x_wconf 87' lang='lat' dir='ltr'><strong>archidiacono</strong></span> <span class='ocrx_word' id='word_1_596' title='bbox 2948 6073 3136 6154; x_wconf 89' lang='lat' dir='ltr'><strong>bon.,</strong></span> <span class='ocrx_word' id='word_1_597' title='bbox 3171 6072 3428 6135; x_wconf 90' lang='lat' dir='ltr'><strong>domino</strong></span> <span class='ocrx_word' id='word_1_598' title='bbox 3477 6071 3726 6135; x_wconf 85' lang='lat' dir='ltr'><strong>Jacobo</strong></span> <span class='ocrx_word' id='word_1_599' title='bbox 3782 6071 3861 6135; x_wconf 88' lang='lat' dir='ltr'><strong>de</strong></span> <span class='ocrx_word' id='word_1_600' title='bbox 3907 6071 4155 6157; x_wconf 89' lang='lat' dir='ltr'><strong>Pepulo</strong></span> <span class='ocrx_word' id='word_1_601' title='bbox 4198 6071 4685 6155; x_wconf 90' lang='lat' dir='ltr'><strong>mediolanensi,</strong></span> <span class='ocrx_word' id='word_1_602' title='bbox 4726 6072 4837 6136; x_wconf 94' lang='lat' dir='ltr'><strong>do-</strong></span> 
     </span>
    </p>
   </div>
   <div class='ocr_carea' id='block_1_5' title="bbox 1196 6178 4838 6375">
    <p class='ocr_par' dir='ltr' id='par_1_12' title="bbox 1196 6178 4838 6375">
     <span class='ocr_line' id='line_1_52' title="bbox 1199 6178 4838 6266; baseline -0.001 -21"><span class='ocrx_word' id='word_1_603' title='bbox 1199 6182 1372 6245; x_wconf 90' lang='lat' dir='ltr'><strong>mino</strong></span> <span class='ocrx_word' id='word_1_604' title='bbox 1424 6181 1781 6266; x_wconf 90' lang='lat' dir='ltr'><strong>Bagarotto</strong></span> <span class='ocrx_word' id='word_1_605' title='bbox 1831 6181 2049 6266; x_wconf 90' lang='lat' dir='ltr'><strong>legum</strong></span> <span class='ocrx_word' id='word_1_606' title='bbox 2096 6179 2388 6262; x_wconf 87' lang='lat' dir='ltr'><strong>doctore,</strong></span> <span class='ocrx_word' id='word_1_607' title='bbox 2437 6188 2501 6244; x_wconf 92' lang='lat' dir='ltr'><strong>et</strong></span> <span class='ocrx_word' id='word_1_608' title='bbox 2547 6181 2856 6266; x_wconf 90' lang='lat' dir='ltr'><strong>magistro</strong></span> <span class='ocrx_word' id='word_1_609' title='bbox 2902 6179 3119 6261; x_wconf 90' lang='lat' dir='ltr'><strong>Bene,</strong></span> <span class='ocrx_word' id='word_1_610' title='bbox 3168 6180 3379 6243; x_wconf 87' lang='lat' dir='ltr'><strong>scriba</strong></span> <span class='ocrx_word' id='word_1_611' title='bbox 3426 6179 3666 6242; x_wconf 90' lang='lat' dir='ltr'><strong>domini</strong></span> <span class='ocrx_word' id='word_1_612' title='bbox 3718 6178 4022 6265; x_wconf 87' lang='lat' dir='ltr'><strong>Episcopi</strong></span> <span class='ocrx_word' id='word_1_613' title='bbox 4073 6178 4257 6261; x_wconf 91' lang='lat' dir='ltr'><strong>bon.,</strong></span> <span class='ocrx_word' id='word_1_614' title='bbox 4293 6187 4356 6243; x_wconf 91' lang='lat' dir='ltr'><strong>et</strong></span> <span class='ocrx_word' id='word_1_615' title='bbox 4402 6179 4710 6244; x_wconf 81' lang='lat' dir='ltr'><strong>Manzino</strong></span> <span class='ocrx_word' id='word_1_616' title='bbox 4758 6178 4838 6242; x_wconf 98' lang='lat' dir='ltr'><strong>de</strong></span> 
     </span>
     <span class='ocr_line' id='line_1_53' title="bbox 1196 6287 2958 6375; baseline -0.001 -22"><span class='ocrx_word' id='word_1_617' title='bbox 1196 6289 1421 6375; x_wconf 89' lang='lat' dir='ltr'><strong>Burgo</strong></span> <span class='ocrx_word' id='word_1_618' title='bbox 1467 6289 1655 6353; x_wconf 81' lang='lat' dir='ltr'><strong>Novo</strong></span> <span class='ocrx_word' id='word_1_619' title='bbox 1705 6288 1976 6371; x_wconf 85' lang='lat' dir='ltr'><strong>notarie,</strong></span> <span class='ocrx_word' id='word_1_620' title='bbox 2026 6295 2089 6352; x_wconf 92' lang='lat' dir='ltr'><strong>et</strong></span> <span class='ocrx_word' id='word_1_621' title='bbox 2135 6287 2426 6374; x_wconf 90' lang='lat' dir='ltr'><strong>pluribus</strong></span> <span class='ocrx_word' id='word_1_622' title='bbox 2474 6287 2618 6351; x_wconf 88' lang='lat' dir='ltr'><strong>aliis</strong></span> <span class='ocrx_word' id='word_1_623' title='bbox 2665 6288 2958 6352; x_wconf 83' lang='lat' dir='ltr'><strong>testibus.</strong></span> 
     </span>
    </p>
   </div>
  </div>
 </body>
</html>
