<?xml version="1.0" encoding="UTF-8"?>
<!DOCTYPE html PUBLIC "-//W3C//DTD XHTML 1.0 Transitional//EN"
    "http://www.w3.org/TR/xhtml1/DTD/xhtml1-transitional.dtd">
<html xmlns="http://www.w3.org/1999/xhtml" xml:lang="en" lang="en">
 <head>
  <title>
</title>
<meta http-equiv="Content-Type" content="text/html;charset=utf-8" />
  <meta name='ocr-system' content='tesseract 3.04.00' />
  <meta name='ocr-capabilities' content='ocr_page ocr_carea ocr_par ocr_line ocrx_word'/>
</head>
<body>
  <div class='ocr_page' id='page_1' title='image "./declarisarchigy00malagoog_0152.png"; bbox 0 0 5542 7775; ppageno 0'>
   <div class='ocr_carea' id='block_1_1' title="bbox 1605 644 4342 719">
    <p class='ocr_par' dir='ltr' id='par_1_1' title="bbox 1605 644 4342 719">
     <span class='ocr_line' id='line_1_1' title="bbox 1605 644 4342 719; baseline 0.001 -6"><span class='ocrx_word' id='word_1_1' title='bbox 1605 662 2067 716; x_wconf 74' lang='lat' dir='ltr'>SPECTANTIA</span> <span class='ocrx_word' id='word_1_2' title='bbox 2121 665 2224 715; x_wconf 82' lang='lat' dir='ltr'>AD</span> <span class='ocrx_word' id='word_1_3' title='bbox 2281 664 2792 717; x_wconf 79' lang='lat' dir='ltr'>PROFESSORES</span> <span class='ocrx_word' id='word_1_4' title='bbox 2847 665 3058 719; x_wconf 70' lang='lat' dir='ltr'>sums</span> <span class='ocrx_word' id='word_1_5' title='bbox 3115 665 3468 718; x_wconf 75' lang='lat' dir='ltr'>cAnon1c1</span> <span class='ocrx_word' id='word_1_6' title='bbox 4199 644 4342 715; x_wconf 83' lang='grc'>171</span> 
     </span>
    </p>
   </div>
   <div class='ocr_carea' id='block_1_2' title="bbox 718 816 4352 1443">
    <p class='ocr_par' dir='ltr' id='par_1_2' title="bbox 718 816 4352 1443">
     <span class='ocr_line' id='line_1_2' title="bbox 718 816 4352 908; baseline 0.002 -29"><span class='ocrx_word' id='word_1_7' title='bbox 718 816 889 902; x_wconf 88' lang='lat' dir='ltr'>legio</span> <span class='ocrx_word' id='word_1_8' title='bbox 936 816 1251 881; x_wconf 79' lang='lat' dir='ltr'>habentes</span> <span class='ocrx_word' id='word_1_9' title='bbox 1301 818 1383 883; x_wconf 91' lang='lat' dir='ltr'>ab</span> <span class='ocrx_word' id='word_1_10' title='bbox 1432 818 1524 883; x_wconf 91' lang='lat' dir='ltr'>eis</span> <span class='ocrx_word' id='word_1_11' title='bbox 1571 818 1949 884; x_wconf 88' lang='lat' dir='ltr'>mandatum</span> <span class='ocrx_word' id='word_1_12' title='bbox 1995 819 2315 885; x_wconf 90' lang='lat' dir='ltr'>sufficiens</span> <span class='ocrx_word' id='word_1_13' title='bbox 2361 822 2638 905; x_wconf 89' lang='lat' dir='ltr'>mittant,</span> <span class='ocrx_word' id='word_1_14' title='bbox 2671 827 2744 885; x_wconf 90' lang='lat' dir='ltr'>ut</span> <span class='ocrx_word' id='word_1_15' title='bbox 2785 821 2863 886; x_wconf 89' lang='lat' dir='ltr'>de</span> <span class='ocrx_word' id='word_1_16' title='bbox 2911 821 3171 887; x_wconf 89' lang='lat' dir='ltr'>Abbate</span> <span class='ocrx_word' id='word_1_17' title='bbox 3218 821 3340 886; x_wconf 84' lang='lat' dir='ltr'>sibi</span> <span class='ocrx_word' id='word_1_18' title='bbox 3388 821 3771 908; x_wconf 75' lang='lat' dir='ltr'>provideant</span> <span class='ocrx_word' id='word_1_19' title='bbox 3815 821 3895 886; x_wconf 91' lang='lat' dir='ltr'>de</span> <span class='ocrx_word' id='word_1_20' title='bbox 3943 826 4156 886; x_wconf 85' lang='lat' dir='ltr'>vestro</span> <span class='ocrx_word' id='word_1_21' title='bbox 4203 842 4352 885; x_wconf 92' lang='lat' dir='ltr'>con-</span> 
     </span>
     <span class='ocr_line' id='line_1_3' title="bbox 720 923 4352 1016; baseline 0.001 -29"><span class='ocrx_word' id='word_1_22' title='bbox 720 923 864 989; x_wconf 90' lang='lat' dir='ltr'>silio</span> <span class='ocrx_word' id='word_1_23' title='bbox 910 931 976 988; x_wconf 90' lang='lat' dir='ltr'>et</span> <span class='ocrx_word' id='word_1_24' title='bbox 1022 945 1324 1008; x_wconf 83' lang='lat' dir='ltr'>assensu3</span> <span class='ocrx_word' id='word_1_25' title='bbox 1375 925 1661 1011; x_wconf 86' lang='lat' dir='ltr'>alioquin</span> <span class='ocrx_word' id='word_1_26' title='bbox 1707 947 1822 991; x_wconf 81' lang='lat' dir='ltr'>vos</span> <span class='ocrx_word' id='word_1_27' title='bbox 1870 948 1954 990; x_wconf 80' lang='lat' dir='ltr'>ex</span> <span class='ocrx_word' id='word_1_28' title='bbox 1999 933 2151 991; x_wconf 90' lang='lat' dir='ltr'>tunc</span> <span class='ocrx_word' id='word_1_29' title='bbox 2197 928 2337 992; x_wconf 81' lang='lat' dir='ltr'>vice</span> <span class='ocrx_word' id='word_1_30' title='bbox 2384 934 2604 993; x_wconf 88' lang='lat' dir='ltr'>nostra</span> <span class='ocrx_word' id='word_1_31' title='bbox 2660 928 3010 1014; x_wconf 86' lang='lat' dir='ltr'>preficiatis</span> <span class='ocrx_word' id='word_1_32' title='bbox 3058 928 3181 1015; x_wconf 91' lang='lat' dir='ltr'>ipsi</span> <span class='ocrx_word' id='word_1_33' title='bbox 3227 929 3617 994; x_wconf 88' lang='lat' dir='ltr'>monasterio</span> <span class='ocrx_word' id='word_1_34' title='bbox 3664 934 4008 1016; x_wconf 86' lang='lat' dir='ltr'>personam</span> <span class='ocrx_word' id='word_1_35' title='bbox 4053 927 4352 993; x_wconf 80' lang='lat' dir='ltr'>idoneam</span> 
     </span>
     <span class='ocr_line' id='line_1_4' title="bbox 720 1030 4352 1120; baseline 0.001 -25"><span class='ocrx_word' id='word_1_36' title='bbox 720 1031 785 1095; x_wconf 91' lang='lat' dir='ltr'>in</span> <span class='ocrx_word' id='word_1_37' title='bbox 830 1030 1180 1114; x_wconf 85' lang='lat' dir='ltr'>Abbatem,</span> <span class='ocrx_word' id='word_1_38' title='bbox 1227 1032 1537 1096; x_wconf 78' lang='lat' dir='ltr'>facientes</span> <span class='ocrx_word' id='word_1_39' title='bbox 1583 1033 1709 1097; x_wconf 91' lang='lat' dir='ltr'>sibi</span> <span class='ocrx_word' id='word_1_40' title='bbox 1755 1032 1837 1097; x_wconf 91' lang='lat' dir='ltr'>ab</span> <span class='ocrx_word' id='word_1_41' title='bbox 1885 1034 2025 1119; x_wconf 87' lang='lat' dir='ltr'>ejus</span> <span class='ocrx_word' id='word_1_42' title='bbox 2074 1034 2345 1099; x_wconf 90' lang='lat' dir='ltr'>subditis</span> <span class='ocrx_word' id='word_1_43' title='bbox 2395 1034 2827 1101; x_wconf 85' lang='lat' dir='ltr'>obedientiam</span> <span class='ocrx_word' id='word_1_44' title='bbox 2860 1042 2925 1100; x_wconf 90' lang='lat' dir='ltr'>et</span> <span class='ocrx_word' id='word_1_45' title='bbox 2957 1036 3385 1100; x_wconf 80' lang='lat' dir='ltr'>reverentiam</span> <span class='ocrx_word' id='word_1_46' title='bbox 3418 1035 3701 1100; x_wconf 83' lang='lat' dir='ltr'>debitam</span> <span class='ocrx_word' id='word_1_47' title='bbox 3749 1034 4064 1118; x_wconf 77' lang='lat' dir='ltr'>exhiberi,</span> <span class='ocrx_word' id='word_1_48' title='bbox 4094 1041 4352 1120; x_wconf 90' lang='lat' dir='ltr'>recepto</span> 
     </span>
     <span class='ocr_line' id='line_1_5' title="bbox 721 1138 4350 1225; baseline 0.001 -23"><span class='ocrx_word' id='word_1_49' title='bbox 721 1139 804 1203; x_wconf 90' lang='lat' dir='ltr'>ab</span> <span class='ocrx_word' id='word_1_50' title='bbox 863 1139 1004 1225; x_wconf 92' lang='lat' dir='ltr'>ipso</span> <span class='ocrx_word' id='word_1_51' title='bbox 1060 1139 1180 1202; x_wconf 90' lang='lat' dir='ltr'>sub</span> <span class='ocrx_word' id='word_1_52' title='bbox 1227 1138 1456 1221; x_wconf 88' lang='lat' dir='ltr'>forma,</span> <span class='ocrx_word' id='word_1_53' title='bbox 1506 1161 1701 1225; x_wconf 89' lang='lat' dir='ltr'>quam</span> <span class='ocrx_word' id='word_1_54' title='bbox 1744 1140 1929 1205; x_wconf 81' lang='lat' dir='ltr'>vobis</span> <span class='ocrx_word' id='word_1_55' title='bbox 1974 1141 2095 1205; x_wconf 89' lang='lat' dir='ltr'>sub</span> <span class='ocrx_word' id='word_1_56' title='bbox 2142 1140 2322 1205; x_wconf 91' lang='lat' dir='ltr'>bulla</span> <span class='ocrx_word' id='word_1_57' title='bbox 2368 1149 2587 1206; x_wconf 88' lang='lat' dir='ltr'>nostra</span> <span class='ocrx_word' id='word_1_58' title='bbox 2632 1142 3159 1225; x_wconf 88' lang='lat' dir='ltr'>transmittimus,</span> <span class='ocrx_word' id='word_1_59' title='bbox 3208 1149 3428 1208; x_wconf 91' lang='lat' dir='ltr'>nostro</span> <span class='ocrx_word' id='word_1_60' title='bbox 3478 1149 3542 1206; x_wconf 90' lang='lat' dir='ltr'>et</span> <span class='ocrx_word' id='word_1_61' title='bbox 3587 1141 3877 1209; x_wconf 90' lang='lat' dir='ltr'>Ecclesie</span> <span class='ocrx_word' id='word_1_62' title='bbox 3925 1162 4189 1207; x_wconf 88' lang='lat' dir='ltr'>romane</span> <span class='ocrx_word' id='word_1_63' title='bbox 4237 1162 4350 1205; x_wconf 91' lang='lat' dir='ltr'>no-</span> 
     </span>
     <span class='ocr_line' id='line_1_6' title="bbox 719 1245 4350 1337; baseline 0.001 -27"><span class='ocrx_word' id='word_1_64' title='bbox 719 1246 889 1310; x_wconf 85' lang='lat' dir='ltr'>mine</span> <span class='ocrx_word' id='word_1_65' title='bbox 935 1245 1266 1310; x_wconf 84' lang='lat' dir='ltr'>fidelitatis</span> <span class='ocrx_word' id='word_1_66' title='bbox 1313 1246 1498 1311; x_wconf 90' lang='lat' dir='ltr'>solite</span> <span class='ocrx_word' id='word_1_67' title='bbox 1540 1247 1931 1332; x_wconf 81' lang='lat' dir='ltr'>juramentO,</span> <span class='ocrx_word' id='word_1_68' title='bbox 1967 1246 2467 1314; x_wconf 82' lang='lat' dir='ltr'>contradictores</span> <span class='ocrx_word' id='word_1_69' title='bbox 2514 1270 2630 1336; x_wconf 90' lang='lat' dir='ltr'>per</span> <span class='ocrx_word' id='word_1_70' title='bbox 2677 1270 2982 1314; x_wconf 85' lang='lat' dir='ltr'>censuras</span> <span class='ocrx_word' id='word_1_71' title='bbox 3029 1249 3518 1333; x_wconf 87' lang='lat' dir='ltr'>ecclesiasticas,</span> <span class='ocrx_word' id='word_1_72' title='bbox 3567 1249 4003 1337; x_wconf 88' lang='lat' dir='ltr'>appellatione</span> <span class='ocrx_word' id='word_1_73' title='bbox 4050 1255 4350 1335; x_wconf 90' lang='lat' dir='ltr'>postopo-</span> 
     </span>
     <span class='ocr_line' id='line_1_7' title="bbox 719 1353 4352 1443; baseline 0.001 -26"><span class='ocrx_word' id='word_1_74' title='bbox 719 1354 864 1437; x_wconf 91' lang='lat' dir='ltr'>sita,</span> <span class='ocrx_word' id='word_1_75' title='bbox 913 1354 1396 1440; x_wconf 88' lang='lat' dir='ltr'>compescendo.</span> <span class='ocrx_word' id='word_1_76' title='bbox 1429 1353 1670 1418; x_wconf 86' lang='lat' dir='ltr'>Forma</span> <span class='ocrx_word' id='word_1_77' title='bbox 1716 1360 1931 1418; x_wconf 87' lang='lat' dir='ltr'>autem</span> <span class='ocrx_word' id='word_1_78' title='bbox 1959 1355 2331 1439; x_wconf 89' lang='lat' dir='ltr'>juramenti,</span> <span class='ocrx_word' id='word_1_79' title='bbox 2366 1377 2559 1442; x_wconf 89' lang='lat' dir='ltr'>quam</span> <span class='ocrx_word' id='word_1_80' title='bbox 2590 1356 2728 1442; x_wconf 88' lang='lat' dir='ltr'>ipse</span> <span class='ocrx_word' id='word_1_81' title='bbox 2759 1357 3098 1443; x_wconf 83' lang='lat' dir='ltr'>prestabit,</span> <span class='ocrx_word' id='word_1_82' title='bbox 3132 1356 3444 1422; x_wconf 85' lang='lat' dir='ltr'>studeatis</span> <span class='ocrx_word' id='word_1_83' title='bbox 3476 1356 3659 1423; x_wconf 90' lang='lat' dir='ltr'>nobis</span> <span class='ocrx_word' id='word_1_84' title='bbox 3707 1378 3824 1443; x_wconf 88' lang='lat' dir='ltr'>per</span> <span class='ocrx_word' id='word_1_85' title='bbox 3870 1358 4011 1441; x_wconf 90' lang='lat' dir='ltr'>ejus</span> <span class='ocrx_word' id='word_1_86' title='bbox 4056 1363 4352 1443; x_wconf 89' lang='lat' dir='ltr'>patentes</span> 
     </span>
    </p>
   </div>
   <div class='ocr_carea' id='block_1_3' title="bbox 718 1461 4352 1656">
    <p class='ocr_par' dir='ltr' id='par_1_3' title="bbox 718 1461 4352 1656">
     <span class='ocr_line' id='line_1_8' title="bbox 718 1461 4352 1551; baseline 0 -25"><span class='ocrx_word' id='word_1_87' title='bbox 718 1462 961 1544; x_wconf 85' lang='lat' dir='ltr'>literas,</span> <span class='ocrx_word' id='word_1_88' title='bbox 1009 1483 1126 1527; x_wconf 97' lang='lat' dir='ltr'>suo</span> <span class='ocrx_word' id='word_1_89' title='bbox 1173 1461 1388 1547; x_wconf 91' lang='lat' dir='ltr'>sigillo</span> <span class='ocrx_word' id='word_1_90' title='bbox 1436 1462 1745 1547; x_wconf 85' lang='lat' dir='ltr'>signatas,</span> <span class='ocrx_word' id='word_1_91' title='bbox 1779 1461 2191 1549; x_wconf 61' lang='lat' dir='ltr'>perfidelem</span> <span class='ocrx_word' id='word_1_92' title='bbox 2238 1463 2532 1527; x_wconf 87' lang='lat' dir='ltr'>nuntium</span> <span class='ocrx_word' id='word_1_93' title='bbox 2579 1463 2924 1528; x_wconf 90' lang='lat' dir='ltr'>destinare.</span> <span class='ocrx_word' id='word_1_94' title='bbox 2971 1462 3212 1528; x_wconf 89' lang='lat' dir='ltr'>Datum</span> <span class='ocrx_word' id='word_1_95' title='bbox 3261 1463 3568 1550; x_wconf 87' lang='lat' dir='ltr'>Lugduni</span> <span class='ocrx_word' id='word_1_96' title='bbox 3615 1463 3826 1529; x_wconf 89' lang='lat' dir='ltr'>idibus</span> <span class='ocrx_word' id='word_1_97' title='bbox 3869 1464 4058 1549; x_wconf 89' lang='lat' dir='ltr'>junii,</span> <span class='ocrx_word' id='word_1_98' title='bbox 4098 1464 4352 1551; x_wconf 89' lang='lat' dir='ltr'>pontifi-</span> 
     </span>
     <span class='ocr_line' id='line_1_9' title="bbox 719 1570 1666 1656; baseline 0 -21"><span class='ocrx_word' id='word_1_99' title='bbox 719 1576 900 1635; x_wconf 88' lang='lat' dir='ltr'>catus</span> <span class='ocrx_word' id='word_1_100' title='bbox 947 1570 1150 1635; x_wconf 88' lang='lat' dir='ltr'>nostri</span> <span class='ocrx_word' id='word_1_101' title='bbox 1197 1591 1366 1635; x_wconf 88' lang='lat' dir='ltr'>anno</span> <span class='ocrx_word' id='word_1_102' title='bbox 1415 1577 1666 1656; x_wconf 74' lang='lat' dir='ltr'>quarto,</span> 
     </span>
    </p>
   </div>
   <div class='ocr_carea' id='block_1_4' title="bbox 883 1785 4181 2297">
    <p class='ocr_par' dir='ltr' id='par_1_4' title="bbox 883 1785 4181 2297">
     <span class='ocr_line' id='line_1_10' title="bbox 2446 1785 2633 1850; baseline 0.005 -1"><span class='ocrx_word' id='word_1_103' title='bbox 2446 1785 2633 1850; x_wconf 85' lang='lat' dir='ltr'>XIX.</span> 
     </span>
     <span class='ocr_line' id='line_1_11' title="bbox 2123 1997 2945 2083; baseline 0.001 -21"><span class='ocrx_word' id='word_1_104' title='bbox 2123 1997 2377 2079; x_wconf 77' lang='lat' dir='ltr'>(Medio</span> <span class='ocrx_word' id='word_1_105' title='bbox 2419 2000 2658 2063; x_wconf 80' lang='lat' dir='ltr'>saeculo</span> <span class='ocrx_word' id='word_1_106' title='bbox 2708 1998 2945 2083; x_wconf 87' lang='lat' dir='ltr'><em>XIII.)</em></span> 
     </span>
     <span class='ocr_line' id='line_1_12' title="bbox 883 2209 4181 2297; baseline 0.001 -23"><span class='ocrx_word' id='word_1_107' title='bbox 883 2209 988 2275; x_wconf 83' lang='lat' dir='ltr'>Ex</span> <span class='ocrx_word' id='word_1_108' title='bbox 1035 2210 1228 2275; x_wconf 82' lang='lat' dir='ltr'>Lib-ro</span> <span class='ocrx_word' id='word_1_109' title='bbox 1272 2209 1575 2275; x_wconf 76' lang='lat' dir='ltr'>Judicum</span> <span class='ocrx_word' id='word_1_110' title='bbox 1622 2211 1919 2297; x_wconf 86' lang='lat' dir='ltr'>magistri</span> <span class='ocrx_word' id='word_1_111' title='bbox 1964 2212 2285 2293; x_wconf 83' lang='lat' dir='ltr'>Johannis</span> <span class='ocrx_word' id='word_1_112' title='bbox 2332 2212 2411 2277; x_wconf 89' lang='lat' dir='ltr'>de</span> <span class='ocrx_word' id='word_1_113' title='bbox 2459 2212 2623 2296; x_wconf 89' lang='lat' dir='ltr'>Deo,</span> <span class='ocrx_word' id='word_1_114' title='bbox 2673 2213 2740 2277; x_wconf 91' lang='lat' dir='ltr'>in</span> <span class='ocrx_word' id='word_1_115' title='bbox 2788 2212 2927 2278; x_wconf 88' lang='lat' dir='ltr'>cod.</span> <span class='ocrx_word' id='word_1_116' title='bbox 2975 2213 3169 2277; x_wconf 80' lang='lat' dir='ltr'>vat-ic.</span> <span class='ocrx_word' id='word_1_117' title='bbox 3219 2234 3281 2277; x_wconf 88' lang='lat' dir='ltr'>n.</span> <span class='ocrx_word' id='word_1_118' title='bbox 3333 2214 3528 2295; x_wconf 83' lang='lat'>2343,</span> <span class='ocrx_word' id='word_1_119' title='bbox 3577 2234 3631 2277; x_wconf 91' lang='lat' dir='ltr'>c.</span> <span class='ocrx_word' id='word_1_120' title='bbox 3684 2215 3766 2277; x_wconf 81' lang='lat'>75</span> <span class='ocrx_word' id='word_1_121' title='bbox 3815 2219 3879 2277; x_wconf 90' lang='lat' dir='ltr'>et</span> <span class='ocrx_word' id='word_1_122' title='bbox 3932 2215 4055 2277; x_wconf 79' lang='lat'>138</span> <span class='ocrx_word' id='word_1_123' title='bbox 4083 2212 4181 2277; x_wconf 89' lang='lat'><strong>(¹).</strong></span> 
     </span>
    </p>
   </div>
   <div class='ocr_carea' id='block_1_5' title="bbox 710 2426 4354 3265">
    <p class='ocr_par' dir='ltr' id='par_1_5' title="bbox 710 2426 4354 3265">
     <span class='ocr_line' id='line_1_13' title="bbox 897 2426 4353 2514; baseline 0 -23"><span class='ocrx_word' id='word_1_124' title='bbox 897 2427 1275 2492; x_wconf 86' lang='lat' dir='ltr'>Venerabili</span> <span class='ocrx_word' id='word_1_125' title='bbox 1321 2427 1491 2514; x_wconf 91' lang='lat' dir='ltr'>patri</span> <span class='ocrx_word' id='word_1_126' title='bbox 1540 2449 1615 2492; x_wconf 89' lang='lat' dir='ltr'>ac</span> <span class='ocrx_word' id='word_1_127' title='bbox 1663 2427 1923 2493; x_wconf 88' lang='lat' dir='ltr'>domino</span> <span class='ocrx_word' id='word_1_128' title='bbox 1969 2428 2279 2514; x_wconf 89' lang='lat' dir='ltr'>magistro</span> <span class='ocrx_word' id='word_1_129' title='bbox 2314 2428 2487 2493; x_wconf 90' lang='lat' dir='ltr'>Zoen</span> <span class='ocrx_word' id='word_1_130' title='bbox 2506 2428 2584 2493; x_wconf 84' lang='lat'>(2)</span> <span class='ocrx_word' id='word_1_131' title='bbox 2619 2427 3159 2514; x_wconf 87' lang='lat' dir='ltr'>archipresbitero</span> <span class='ocrx_word' id='word_1_132' title='bbox 3207 2428 3604 2511; x_wconf 88' lang='lat' dir='ltr'>bononiensi,</span> <span class='ocrx_word' id='word_1_133' title='bbox 3639 2426 3836 2513; x_wconf 90' lang='lat' dir='ltr'>digno</span> <span class='ocrx_word' id='word_1_134' title='bbox 3876 2449 4127 2492; x_wconf 88' lang='lat' dir='ltr'>morum</span> <span class='ocrx_word' id='word_1_135' title='bbox 4168 2428 4353 2514; x_wconf 89' lang='lat' dir='ltr'>copia</span> 
     </span>
     <span class='ocr_line' id='line_1_14' title="bbox 716 2518 4350 2622; baseline 0 -23"><span class='ocrx_word' id='word_1_136' title='bbox 716 2535 945 2599; x_wconf 86' lang='lat' dir='ltr'>maiori</span> <span class='ocrx_word' id='word_1_137' title='bbox 977 2533 1267 2621; x_wconf 87' lang='lat' dir='ltr'>qualibet</span> <span class='ocrx_word' id='word_1_138' title='bbox 1298 2533 1633 2621; x_wconf 85' lang='lat' dir='ltr'>dignitate,</span> <span class='ocrx_word' id='word_1_139' title='bbox 1668 2535 1978 2620; x_wconf 87' lang='lat' dir='ltr'>magister</span> <span class='ocrx_word' id='word_1_140' title='bbox 2008 2535 2051 2599; x_wconf 86' lang='lat' dir='ltr'><strong>J</strong></span> <span class='ocrx_word' id='word_1_141' title='bbox 2056 2535 2343 2600; x_wconf 86' lang='lat' dir='ltr'>ohannes</span> <span class='ocrx_word' id='word_1_142' title='bbox 2390 2535 2469 2600; x_wconf 89' lang='lat' dir='ltr'>de</span> <span class='ocrx_word' id='word_1_143' title='bbox 2508 2534 2671 2618; x_wconf 92' lang='lat' dir='ltr'>Deo,</span> <span class='ocrx_word' id='word_1_144' title='bbox 2716 2535 3038 2618; x_wconf 89' lang='lat' dir='ltr'>sacerdos,</span> <span class='ocrx_word' id='word_1_145' title='bbox 3073 2537 3214 2620; x_wconf 88' lang='lat' dir='ltr'>ejus</span> <span class='ocrx_word' id='word_1_146' title='bbox 3261 2535 3613 2622; x_wconf 90' lang='lat' dir='ltr'>discipulus</span> <span class='ocrx_word' id='word_1_147' title='bbox 3660 2542 3726 2599; x_wconf 90' lang='lat' dir='ltr'>et</span> <span class='ocrx_word' id='word_1_148' title='bbox 3757 2518 4020 2618; x_wconf 74' lang='lat' dir='ltr'>amicus,</span> <span class='ocrx_word' id='word_1_149' title='bbox 4055 2535 4350 2617; x_wconf 88' lang='lat' dir='ltr'>salutem,</span> 
     </span>
     <span class='ocr_line' id='line_1_15' title="bbox 717 2641 4354 2729; baseline -0.001 -22"><span class='ocrx_word' id='word_1_150' title='bbox 717 2644 827 2729; x_wconf 87' lang='lat' dir='ltr'>qui</span> <span class='ocrx_word' id='word_1_151' title='bbox 873 2649 972 2707; x_wconf 89' lang='lat' dir='ltr'>est</span> <span class='ocrx_word' id='word_1_152' title='bbox 1018 2642 1304 2706; x_wconf 90' lang='lat' dir='ltr'>omnium</span> <span class='ocrx_word' id='word_1_153' title='bbox 1336 2663 1492 2707; x_wconf 78' lang='lat' dir='ltr'>vera</span> <span class='ocrx_word' id='word_1_154' title='bbox 1536 2643 1737 2723; x_wconf 89' lang='lat' dir='ltr'>salus,</span> <span class='ocrx_word' id='word_1_155' title='bbox 1763 2642 2001 2707; x_wconf 88' lang='lat' dir='ltr'>idcirco</span> <span class='ocrx_word' id='word_1_156' title='bbox 2049 2643 2167 2707; x_wconf 88' lang='lat' dir='ltr'>tibi</span> <span class='ocrx_word' id='word_1_157' title='bbox 2206 2642 2565 2707; x_wconf 80' lang='lat' dir='ltr'>venerabili</span> <span class='ocrx_word' id='word_1_158' title='bbox 2610 2642 2782 2729; x_wconf 90' lang='lat' dir='ltr'>patri</span> <span class='ocrx_word' id='word_1_159' title='bbox 2828 2650 2893 2707; x_wconf 89' lang='lat' dir='ltr'>et</span> <span class='ocrx_word' id='word_1_160' title='bbox 2940 2643 3250 2728; x_wconf 88' lang='lat' dir='ltr'>magistro</span> <span class='ocrx_word' id='word_1_161' title='bbox 3298 2642 3370 2707; x_wconf 85' lang='lat' dir='ltr'>O.</span> <span class='ocrx_word' id='word_1_162' title='bbox 3404 2642 3942 2729; x_wconf 89' lang='lat' dir='ltr'>archipresbitero</span> <span class='ocrx_word' id='word_1_163' title='bbox 3973 2641 4354 2708; x_wconf 88' lang='lat' dir='ltr'>bononiensi</span> 
     </span>
     <span class='ocr_line' id='line_1_16' title="bbox 715 2748 4350 2837; baseline -0.001 -22"><span class='ocrx_word' id='word_1_164' title='bbox 715 2749 1093 2837; x_wconf 90' lang='lat' dir='ltr'>dignissimo</span> <span class='ocrx_word' id='word_1_165' title='bbox 1141 2749 1430 2835; x_wconf 88' lang='lat' dir='ltr'>qualibet</span> <span class='ocrx_word' id='word_1_166' title='bbox 1490 2749 1720 2813; x_wconf 89' lang='lat' dir='ltr'>maiori</span> <span class='ocrx_word' id='word_1_167' title='bbox 1781 2749 2133 2834; x_wconf 86' lang='lat' dir='ltr'>dignitate,</span> <span class='ocrx_word' id='word_1_168' title='bbox 2185 2771 2376 2835; x_wconf 90' lang='lat' dir='ltr'>quem</span> <span class='ocrx_word' id='word_1_169' title='bbox 2418 2748 2737 2813; x_wconf 86' lang='lat' dir='ltr'>Dominus</span> <span class='ocrx_word' id='word_1_170' title='bbox 2786 2749 2869 2813; x_wconf 91' lang='lat' dir='ltr'>ad</span> <span class='ocrx_word' id='word_1_171' title='bbox 2915 2749 3163 2814; x_wconf 91' lang='lat' dir='ltr'>maiora</span> <span class='ocrx_word' id='word_1_172' title='bbox 3209 2750 3335 2814; x_wconf 89' lang='lat' dir='ltr'>sibi</span> <span class='ocrx_word' id='word_1_173' title='bbox 3380 2756 3720 2815; x_wconf 81' lang='lat' dir='ltr'>conservat</span> <span class='ocrx_word' id='word_1_174' title='bbox 3763 2749 4105 2836; x_wconf 85' lang='lat' dir='ltr'>providum</span> <span class='ocrx_word' id='word_1_175' title='bbox 4149 2749 4350 2813; x_wconf 81' lang='lat' dir='ltr'>servi·</span> 
     </span>
     <span class='ocr_line' id='line_1_17' title="bbox 710 2856 4352 2943; baseline -0.001 -21"><span class='ocrx_word' id='word_1_176' title='bbox 710 2865 936 2940; x_wconf 90' lang='lat' dir='ltr'>torem,</span> <span class='ocrx_word' id='word_1_177' title='bbox 972 2857 1277 2943; x_wconf 89' lang='lat' dir='ltr'>quoniam</span> <span class='ocrx_word' id='word_1_178' title='bbox 1322 2856 1491 2921; x_wconf 89' lang='lat' dir='ltr'>inter</span> <span class='ocrx_word' id='word_1_179' title='bbox 1537 2857 1864 2943; x_wconf 87' lang='lat' dir='ltr'>sapientes</span> <span class='ocrx_word' id='word_1_180' title='bbox 1911 2856 2125 2939; x_wconf 89' lang='lat' dir='ltr'>italos,</span> <span class='ocrx_word' id='word_1_181' title='bbox 2159 2856 2325 2921; x_wconf 88' lang='lat' dir='ltr'>idest</span> <span class='ocrx_word' id='word_1_182' title='bbox 2372 2857 2646 2940; x_wconf 90' lang='lat' dir='ltr'>italicos,</span> <span class='ocrx_word' id='word_1_183' title='bbox 2678 2857 3096 2943; x_wconf 79' lang='lat' dir='ltr'>prerogativa</span> <span class='ocrx_word' id='word_1_184' title='bbox 3128 2856 3414 2940; x_wconf 87' lang='lat' dir='ltr'>scientie,</span> <span class='ocrx_word' id='word_1_185' title='bbox 3448 2856 3853 2922; x_wconf 87' lang='lat' dir='ltr'>discretionis</span> <span class='ocrx_word' id='word_1_186' title='bbox 3900 2863 3965 2921; x_wconf 86' lang='lat' dir='ltr'>et</span> <span class='ocrx_word' id='word_1_187' title='bbox 4011 2856 4352 2943; x_wconf 89' lang='lat' dir='ltr'>prudentie</span> 
     </span>
     <span class='ocr_line' id='line_1_18' title="bbox 711 2963 4354 3051; baseline -0.001 -22"><span class='ocrx_word' id='word_1_188' title='bbox 711 2964 1069 3048; x_wconf 81' lang='lat' dir='ltr'>decoravit,</span> <span class='ocrx_word' id='word_1_189' title='bbox 1119 2970 1343 3051; x_wconf 89' lang='lat' dir='ltr'>utpote</span> <span class='ocrx_word' id='word_1_190' title='bbox 1389 2970 1722 3049; x_wconf 89' lang='lat' dir='ltr'>tamquam</span> <span class='ocrx_word' id='word_1_191' title='bbox 1770 2964 2036 3028; x_wconf 90' lang='lat' dir='ltr'>lucerna</span> <span class='ocrx_word' id='word_1_192' title='bbox 2084 2964 2318 3028; x_wconf 89' lang='lat' dir='ltr'>ardens</span> <span class='ocrx_word' id='word_1_193' title='bbox 2366 2964 2538 3028; x_wconf 91' lang='lat' dir='ltr'>intus</span> <span class='ocrx_word' id='word_1_194' title='bbox 2602 2984 2719 3051; x_wconf 84' lang='lat' dir='ltr'>per</span> <span class='ocrx_word' id='word_1_195' title='bbox 2767 2984 2965 3050; x_wconf 89' lang='lat' dir='ltr'>opera</span> <span class='ocrx_word' id='word_1_196' title='bbox 3013 2964 3300 3028; x_wconf 88' lang='lat' dir='ltr'>caritatis</span> <span class='ocrx_word' id='word_1_197' title='bbox 3364 2970 3429 3028; x_wconf 88' lang='lat' dir='ltr'>et</span> <span class='ocrx_word' id='word_1_198' title='bbox 3489 2963 3712 3028; x_wconf 89' lang='lat' dir='ltr'>lucens</span> <span class='ocrx_word' id='word_1_199' title='bbox 3758 2970 3947 3028; x_wconf 79' lang='lat' dir='ltr'>extra</span> <span class='ocrx_word' id='word_1_200' title='bbox 3990 2984 4110 3051; x_wconf 90' lang='lat' dir='ltr'>per</span> <span class='ocrx_word' id='word_1_201' title='bbox 4156 2983 4354 3050; x_wconf 89' lang='lat' dir='ltr'>opera</span> 
     </span>
     <span class='ocr_line' id='line_1_19' title="bbox 712 3071 4353 3159; baseline -0.001 -23"><span class='ocrx_word' id='word_1_202' title='bbox 712 3071 991 3159; x_wconf 75' lang='lat' dir='ltr'>pictatia,</span> <span class='ocrx_word' id='word_1_203' title='bbox 1041 3071 1179 3155; x_wconf 87' lang='lat' dir='ltr'>tibi,</span> <span class='ocrx_word' id='word_1_204' title='bbox 1228 3072 1514 3157; x_wconf 91' lang='lat' dir='ltr'>inquam,</span> <span class='ocrx_word' id='word_1_205' title='bbox 1562 3071 1771 3156; x_wconf 89' lang='lat' dir='ltr'>dirigo</span> <span class='ocrx_word' id='word_1_206' title='bbox 1819 3071 2063 3135; x_wconf 88' lang='lat' dir='ltr'>stillum</span> <span class='ocrx_word' id='word_1_207' title='bbox 2112 3093 2366 3154; x_wconf 87' lang='lat' dir='ltr'>meum,</span> <span class='ocrx_word' id='word_1_208' title='bbox 2417 3071 2654 3135; x_wconf 85' lang='lat' dir='ltr'>obnixe</span> <span class='ocrx_word' id='word_1_209' title='bbox 2702 3077 2767 3135; x_wconf 85' lang='lat' dir='ltr'>et</span> <span class='ocrx_word' id='word_1_210' title='bbox 2814 3071 3144 3135; x_wconf 86' lang='lat' dir='ltr'>humiliter</span> <span class='ocrx_word' id='word_1_211' title='bbox 3190 3071 3561 3157; x_wconf 88' lang='lat' dir='ltr'>supplicans</span> <span class='ocrx_word' id='word_1_212' title='bbox 3608 3077 3674 3135; x_wconf 88' lang='lat' dir='ltr'>et</span> <span class='ocrx_word' id='word_1_213' title='bbox 3719 3071 3986 3154; x_wconf 86' lang='lat' dir='ltr'>devote,</span> <span class='ocrx_word' id='word_1_214' title='bbox 4036 3078 4353 3157; x_wconf 88' lang='lat' dir='ltr'>quatenus</span> 
     </span>
     <span class='ocr_line' id='line_1_20' title="bbox 711 3177 4351 3265; baseline 0 -22"><span class='ocrx_word' id='word_1_215' title='bbox 711 3186 842 3243; x_wconf 89' lang='lat' dir='ltr'>tam</span> <span class='ocrx_word' id='word_1_216' title='bbox 888 3200 1155 3265; x_wconf 87' lang='lat' dir='ltr'>presens</span> <span class='ocrx_word' id='word_1_217' title='bbox 1203 3178 1584 3265; x_wconf 89' lang='lat' dir='ltr'>opusculum</span> <span class='ocrx_word' id='word_1_218' title='bbox 1631 3199 1825 3263; x_wconf 90' lang='lat' dir='ltr'>quam</span> <span class='ocrx_word' id='word_1_219' title='bbox 1880 3177 2011 3242; x_wconf 89' lang='lat' dir='ltr'>alia</span> <span class='ocrx_word' id='word_1_220' title='bbox 2066 3199 2210 3242; x_wconf 89' lang='lat' dir='ltr'>mea</span> <span class='ocrx_word' id='word_1_221' title='bbox 2258 3178 2597 3264; x_wconf 90' lang='lat' dir='ltr'>opuscula,</span> <span class='ocrx_word' id='word_1_222' title='bbox 2647 3178 2893 3243; x_wconf 87' lang='lat' dir='ltr'>scilicet</span> <span class='ocrx_word' id='word_1_223' title='bbox 2938 3177 3340 3243; x_wconf 77' lang='lat' dir='ltr'>Breviarium</span> <span class='ocrx_word' id='word_1_224' title='bbox 3387 3177 3787 3243; x_wconf 76' lang='lat' dir='ltr'>Decretorum</span> <span class='ocrx_word' id='word_1_225' title='bbox 3852 3184 3918 3242; x_wconf 88' lang='lat' dir='ltr'>et</span> <span class='ocrx_word' id='word_1_226' title='bbox 3984 3177 4179 3243; x_wconf 77' lang='lat' dir='ltr'>Casus</span> <span class='ocrx_word' id='word_1_227' title='bbox 4223 3177 4351 3243; x_wconf 83' lang='lat' dir='ltr'>De·</span> 
     </span>
    </p>
   </div>
   <div class='ocr_carea' id='block_1_6' title="bbox 615 3284 4358 3372">
    <p class='ocr_par' dir='ltr' id='par_1_6' title="bbox 615 3284 4358 3372">
     <span class='ocr_line' id='line_1_21' title="bbox 615 3284 4358 3372; baseline -0.001 -21"><span class='ocrx_word' id='word_1_228' title='bbox 615 3298 619 3302; x_wconf 74' lang='grc'><strong><em>’</em></strong></span> <span class='ocrx_word' id='word_1_229' title='bbox 712 3289 1030 3351; x_wconf 76' lang='lat' dir='ltr'>cretalium</span> <span class='ocrx_word' id='word_1_230' title='bbox 1096 3308 1235 3351; x_wconf 87' lang='lat' dir='ltr'>cum</span> <span class='ocrx_word' id='word_1_231' title='bbox 1299 3285 1650 3351; x_wconf 80' lang='lat' dir='ltr'>Canonibus</span> <span class='ocrx_word' id='word_1_232' title='bbox 1710 3286 2123 3368; x_wconf 75' lang='lat' dir='ltr'>concordatiS,</span> <span class='ocrx_word' id='word_1_233' title='bbox 2171 3292 2237 3350; x_wconf 90' lang='lat' dir='ltr'>et</span> <span class='ocrx_word' id='word_1_234' title='bbox 2293 3284 2730 3350; x_wconf 74' lang='lat' dir='ltr'>Distinctiones</span> <span class='ocrx_word' id='word_1_235' title='bbox 2792 3307 2979 3372; x_wconf 82' lang='lat' dir='ltr'>super</span> <span class='ocrx_word' id='word_1_236' title='bbox 3022 3293 3140 3351; x_wconf 75' lang='lat' dir='ltr'>toto</span> <span class='ocrx_word' id='word_1_237' title='bbox 3185 3284 3349 3351; x_wconf 76' lang='lat' dir='ltr'>Jure</span> <span class='ocrx_word' id='word_1_238' title='bbox 3401 3288 3721 3370; x_wconf 78' lang='lat' dir='ltr'>canonico,</span> <span class='ocrx_word' id='word_1_239' title='bbox 3769 3292 3834 3349; x_wconf 92' lang='lat' dir='ltr'>et</span> <span class='ocrx_word' id='word_1_240' title='bbox 3884 3284 4207 3350; x_wconf 82' lang='lat' dir='ltr'>Cronicam</span> <span class='ocrx_word' id='word_1_241' title='bbox 4228 3335 4246 3370; x_wconf 91' lang='lat'>,</span> <span class='ocrx_word' id='word_1_242' title='bbox 4293 3291 4358 3349; x_wconf 91' lang='lat' dir='ltr'>et</span> 
     </span>
    </p>
   </div>
   <div class='ocr_carea' id='block_1_7' title="bbox 712 3392 4353 3566">
    <p class='ocr_par' dir='ltr' id='par_1_7' title="bbox 712 3392 4353 3566">
     <span class='ocr_line' id='line_1_22' title="bbox 712 3392 4353 3479; baseline -0.001 -21"><span class='ocrx_word' id='word_1_243' title='bbox 712 3394 1012 3459; x_wconf 65' lang='lat' dir='ltr'>Arbor-em</span> <span class='ocrx_word' id='word_1_244' title='bbox 1058 3393 1487 3477; x_wconf 79' lang='lat' dir='ltr'>iustificatam,</span> <span class='ocrx_word' id='word_1_245' title='bbox 1534 3414 1651 3479; x_wconf 91' lang='lat' dir='ltr'>per</span> <span class='ocrx_word' id='word_1_246' title='bbox 1714 3398 1893 3455; x_wconf 90' lang='lat' dir='ltr'>tuam</span> <span class='ocrx_word' id='word_1_247' title='bbox 1957 3392 2131 3478; x_wconf 89' lang='lat' dir='ltr'>piam</span> <span class='ocrx_word' id='word_1_248' title='bbox 2176 3392 2587 3479; x_wconf 87' lang='lat' dir='ltr'>prudentiam</span> <span class='ocrx_word' id='word_1_249' title='bbox 2634 3399 2699 3456; x_wconf 91' lang='lat' dir='ltr'>et</span> <span class='ocrx_word' id='word_1_250' title='bbox 2744 3393 2986 3456; x_wconf 88' lang='lat' dir='ltr'>iustum</span> <span class='ocrx_word' id='word_1_251' title='bbox 3031 3392 3462 3479; x_wconf 89' lang='lat' dir='ltr'>patrocinium</span> <span class='ocrx_word' id='word_1_252' title='bbox 3510 3393 3573 3456; x_wconf 88' lang='lat' dir='ltr'>in</span> <span class='ocrx_word' id='word_1_253' title='bbox 3622 3392 3882 3458; x_wconf 84' lang='lat' dir='ltr'>civitate</span> <span class='ocrx_word' id='word_1_254' title='bbox 3926 3392 4222 3458; x_wconf 92' lang='lat' dir='ltr'>Bononie</span> <span class='ocrx_word' id='word_1_255' title='bbox 4269 3392 4353 3455; x_wconf 90' lang='lat' dir='ltr'>ad</span> 
     </span>
     <span class='ocr_line' id='line_1_23' title="bbox 712 3498 4352 3566; baseline -0.001 0"><span class='ocrx_word' id='word_1_256' title='bbox 712 3502 1025 3566; x_wconf 88' lang='lat' dir='ltr'>honorem</span> <span class='ocrx_word' id='word_1_257' title='bbox 1089 3520 1335 3564; x_wconf 86' lang='lat' dir='ltr'>summe</span> <span class='ocrx_word' id='word_1_258' title='bbox 1399 3498 1736 3564; x_wconf 83' lang='lat' dir='ltr'>Trinitatis</span> <span class='ocrx_word' id='word_1_259' title='bbox 1785 3546 4352 3565; x_wconf 90' lang='grc'><strong>.......................................</strong></span> 
     </span>
    </p>
   </div>
   <div class='ocr_carea' id='block_1_8' title="bbox 715 3714 4355 4127">
    <p class='ocr_par' dir='ltr' id='par_1_8' title="bbox 715 3714 4355 4127">
     <span class='ocr_line' id='line_1_24' title="bbox 890 3714 4351 3803; baseline -0.001 -23"><span class='ocrx_word' id='word_1_260' title='bbox 890 3716 1203 3782; x_wconf 89' lang='lat' dir='ltr'>Precibus</span> <span class='ocrx_word' id='word_1_261' title='bbox 1250 3723 1315 3781; x_wconf 90' lang='lat' dir='ltr'>et</span> <span class='ocrx_word' id='word_1_262' title='bbox 1362 3715 1669 3780; x_wconf 88' lang='lat' dir='ltr'>instantia</span> <span class='ocrx_word' id='word_1_263' title='bbox 1711 3715 2093 3800; x_wconf 82' lang='lat' dir='ltr'>congruenti</span> <span class='ocrx_word' id='word_1_264' title='bbox 2139 3722 2204 3779; x_wconf 90' lang='lat' dir='ltr'>et</span> <span class='ocrx_word' id='word_1_265' title='bbox 2250 3714 2555 3778; x_wconf 87' lang='lat' dir='ltr'>mandato</span> <span class='ocrx_word' id='word_1_266' title='bbox 2589 3714 2862 3798; x_wconf 89' lang='lat' dir='ltr'>domini,</span> <span class='ocrx_word' id='word_1_267' title='bbox 2898 3715 3142 3780; x_wconf 90' lang='lat' dir='ltr'>scilicet</span> <span class='ocrx_word' id='word_1_268' title='bbox 3172 3714 3589 3779; x_wconf 87' lang='lat' dir='ltr'>illustrissimi</span> <span class='ocrx_word' id='word_1_269' title='bbox 3619 3714 3992 3803; x_wconf 72' lang='lat' dir='ltr'>Aflphonsi]</span> <span class='ocrx_word' id='word_1_270' title='bbox 4026 3714 4351 3801; x_wconf 88' lang='lat' dir='ltr'>quondam</span> 
     </span>
     <span class='ocr_line' id='line_1_25' title="bbox 715 3821 4355 3910; baseline -0.001 -23"><span class='ocrx_word' id='word_1_271' title='bbox 715 3824 887 3910; x_wconf 88' lang='lat' dir='ltr'>regis</span> <span class='ocrx_word' id='word_1_272' title='bbox 948 3824 1340 3910; x_wconf 87' lang='lat' dir='ltr'>legionensis</span> <span class='ocrx_word' id='word_1_273' title='bbox 1403 3823 1555 3908; x_wconf 89' lang='lat' dir='ltr'>filij,</span> <span class='ocrx_word' id='word_1_274' title='bbox 1606 3843 1728 3909; x_wconf 90' lang='lat' dir='ltr'>ego</span> <span class='ocrx_word' id='word_1_275' title='bbox 1791 3822 2101 3909; x_wconf 88' lang='lat' dir='ltr'>magister</span> <span class='ocrx_word' id='word_1_276' title='bbox 2163 3821 2498 3888; x_wconf 87' lang='lat' dir='ltr'>Johannes</span> <span class='ocrx_word' id='word_1_277' title='bbox 2560 3821 2905 3910; x_wconf 86' lang='lat' dir='ltr'>Yspanus,</span> <span class='ocrx_word' id='word_1_278' title='bbox 2956 3822 3498 3910; x_wconf 88' lang='lat' dir='ltr'>compostellanus</span> <span class='ocrx_word' id='word_1_279' title='bbox 3561 3823 3851 3906; x_wconf 88' lang='lat' dir='ltr'>natione,</span> <span class='ocrx_word' id='word_1_280' title='bbox 3900 3821 3982 3887; x_wconf 88' lang='lat' dir='ltr'>ad</span> <span class='ocrx_word' id='word_1_281' title='bbox 4043 3822 4355 3888; x_wconf 87' lang='lat' dir='ltr'>honorem</span> 
     </span>
     <span class='ocr_line' id='line_1_26' title="bbox 715 3929 4354 4017; baseline -0.001 -22"><span class='ocrx_word' id='word_1_282' title='bbox 715 3953 897 3997; x_wconf 88' lang='lat' dir='ltr'>sacre</span> <span class='ocrx_word' id='word_1_283' title='bbox 960 3953 1226 3997; x_wconf 89' lang='lat' dir='ltr'>romane</span> <span class='ocrx_word' id='word_1_284' title='bbox 1287 3931 1580 3996; x_wconf 75' lang='lat' dir='ltr'>Ecclesia</span> <span class='ocrx_word' id='word_1_285' title='bbox 1643 3938 1709 3995; x_wconf 88' lang='lat' dir='ltr'>et</span> <span class='ocrx_word' id='word_1_286' title='bbox 1769 3929 2164 3995; x_wconf 89' lang='lat' dir='ltr'>studentium</span> <span class='ocrx_word' id='word_1_287' title='bbox 2208 3930 2555 3994; x_wconf 86' lang='lat' dir='ltr'>utilitatem</span> <span class='ocrx_word' id='word_1_288' title='bbox 2606 3952 2923 3994; x_wconf 91' lang='lat' dir='ltr'>summam</span> <span class='ocrx_word' id='word_1_289' title='bbox 2985 3952 3180 4017; x_wconf 90' lang='lat' dir='ltr'>super</span> <span class='ocrx_word' id='word_1_290' title='bbox 3241 3930 3444 3995; x_wconf 88' lang='lat' dir='ltr'>titulis</span> <span class='ocrx_word' id='word_1_291' title='bbox 3504 3930 3946 3996; x_wconf 86' lang='lat' dir='ltr'>Decretalium</span> <span class='ocrx_word' id='word_1_292' title='bbox 4006 3929 4354 4015; x_wconf 88' lang='lat' dir='ltr'>aggredior</span> 
     </span>
     <span class='ocr_line' id='line_1_27' title="bbox 715 4061 1899 4127; baseline -0.003 -22"><span class='ocrx_word' id='word_1_293' title='bbox 715 4061 1899 4127; x_wconf 76' lang='lat' dir='ltr'>componere...........;</span> 
     </span>
    </p>
   </div>
   <div class='ocr_carea' id='block_1_9' title="bbox 1301 4251 3760 4769">
    <p class='ocr_par' dir='ltr' id='par_1_9' title="bbox 1301 4251 3760 4769">
     <span class='ocr_line' id='line_1_28' title="bbox 2456 4251 2609 4316; baseline 0.007 -1"><span class='ocrx_word' id='word_1_294' title='bbox 2456 4251 2609 4316; x_wconf 89' lang='lat' dir='ltr'>XX.</span> 
     </span>
     <span class='ocr_line' id='line_1_29' title="bbox 2256 4466 2818 4551; baseline 0.004 -22"><span class='ocrx_word' id='word_1_295' title='bbox 2256 4466 2457 4551; x_wconf 81' lang='lat'>1251,</span> <span class='ocrx_word' id='word_1_296' title='bbox 2510 4466 2592 4529; x_wconf 83' lang='lat'>18</span> <span class='ocrx_word' id='word_1_297' title='bbox 2636 4468 2818 4531; x_wconf 67' lang='lat' dir='ltr'><em>iunii.</em></span> 
     </span>
     <span class='ocr_line' id='line_1_30' title="bbox 1301 4681 3760 4769; baseline 0.001 -23"><span class='ocrx_word' id='word_1_298' title='bbox 1301 4681 1407 4746; x_wconf 80' lang='lat' dir='ltr'>Ex</span> <span class='ocrx_word' id='word_1_299' title='bbox 1453 4689 1606 4748; x_wconf 87' lang='lat' dir='ltr'>tom.</span> <span class='ocrx_word' id='word_1_300' title='bbox 1655 4681 1944 4747; x_wconf 87' lang='lat' dir='ltr'>XXVII.</span> <span class='ocrx_word' id='word_1_301' title='bbox 1999 4681 2144 4746; x_wconf 76' lang='lat' dir='ltr'>cod.</span> <span class='ocrx_word' id='word_1_302' title='bbox 2192 4684 2343 4769; x_wconf 77' lang='lat' dir='ltr'>dipl.</span> <span class='ocrx_word' id='word_1_303' title='bbox 2394 4683 2560 4748; x_wconf 83' lang='lat' dir='ltr'>Eccl.</span> <span class='ocrx_word' id='word_1_304' title='bbox 2610 4683 2825 4749; x_wconf 78' lang='lat' dir='ltr'>bonon.</span> <span class='ocrx_word' id='word_1_305' title='bbox 2875 4684 3086 4766; x_wconf 88' lang='lat' dir='ltr'>(num.</span> <span class='ocrx_word' id='word_1_306' title='bbox 3138 4682 3280 4766; x_wconf 85' lang='lat'>84),</span> <span class='ocrx_word' id='word_1_307' title='bbox 3330 4683 3469 4748; x_wconf 89' lang='lat' dir='ltr'>doc.</span> <span class='ocrx_word' id='word_1_308' title='bbox 3521 4682 3760 4753; x_wconf 84' lang='lat' dir='ltr'>CXXI.</span> 
     </span>
    </p>
   </div>
   <div class='ocr_carea' id='block_1_10' title="bbox 716 4897 4358 5954">
    <p class='ocr_par' dir='ltr' id='par_1_10' title="bbox 716 4897 4353 5071">
     <span class='ocr_line' id='line_1_31' title="bbox 895 4897 4353 4986; baseline -0.001 -23"><span class='ocrx_word' id='word_1_309' title='bbox 895 4898 1313 4963; x_wconf 88' lang='lat' dir='ltr'>Innocentius</span> <span class='ocrx_word' id='word_1_310' title='bbox 1361 4904 1629 4983; x_wconf 88' lang='lat' dir='ltr'>quartus</span> <span class='ocrx_word' id='word_1_311' title='bbox 1664 4898 1741 4963; x_wconf 82' lang='lat'>(3)</span> <span class='ocrx_word' id='word_1_312' title='bbox 1770 4897 2334 4985; x_wconf 86' lang='lat' dir='ltr'>Archipresbitero</span> <span class='ocrx_word' id='word_1_313' title='bbox 2376 4905 2441 4964; x_wconf 87' lang='lat' dir='ltr'>et</span> <span class='ocrx_word' id='word_1_314' title='bbox 2474 4898 2773 4985; x_wconf 83' lang='lat' dir='ltr'>Capitulo</span> <span class='ocrx_word' id='word_1_315' title='bbox 2805 4899 3014 4986; x_wconf 91' lang='lat' dir='ltr'>plebis</span> <span class='ocrx_word' id='word_1_316' title='bbox 3054 4905 3274 4963; x_wconf 90' lang='lat' dir='ltr'>sancte</span> <span class='ocrx_word' id='word_1_317' title='bbox 3307 4898 3512 4962; x_wconf 86' lang='lat' dir='ltr'>Marie</span> <span class='ocrx_word' id='word_1_318' title='bbox 3553 4897 3633 4962; x_wconf 91' lang='lat' dir='ltr'>de</span> <span class='ocrx_word' id='word_1_319' title='bbox 3680 4897 4120 4980; x_wconf 80' lang='lat' dir='ltr'>MontebelliO,</span> <span class='ocrx_word' id='word_1_320' title='bbox 4154 4897 4353 4963; x_wconf 92' lang='lat' dir='ltr'>bono-</span> 
     </span>
     <span class='ocr_line' id='line_1_32' title="bbox 716 5005 1292 5071; baseline -0.002 -1"><span class='ocrx_word' id='word_1_321' title='bbox 716 5006 953 5071; x_wconf 89' lang='lat' dir='ltr'>niensis</span> <span class='ocrx_word' id='word_1_322' title='bbox 1000 5005 1292 5070; x_wconf 90' lang='lat' dir='ltr'>diecesis.</span> 
     </span>
    </p>

    <p class='ocr_par' dir='ltr' id='par_1_11' title="bbox 718 5111 4358 5954">
     <span class='ocr_line' id='line_1_33' title="bbox 895 5111 4352 5200; baseline -0.001 -22"><span class='ocrx_word' id='word_1_323' title='bbox 895 5113 1101 5178; x_wconf 86' lang='lat' dir='ltr'>Justis</span> <span class='ocrx_word' id='word_1_324' title='bbox 1147 5111 1503 5199; x_wconf 88' lang='lat' dir='ltr'>petentium</span> <span class='ocrx_word' id='word_1_325' title='bbox 1550 5111 1884 5176; x_wconf 88' lang='lat' dir='ltr'>desideriis</span> <span class='ocrx_word' id='word_1_326' title='bbox 1930 5112 2197 5196; x_wconf 86' lang='lat' dir='ltr'>dignum</span> <span class='ocrx_word' id='word_1_327' title='bbox 2245 5118 2342 5176; x_wconf 90' lang='lat' dir='ltr'>est</span> <span class='ocrx_word' id='word_1_328' title='bbox 2388 5134 2504 5178; x_wconf 92' lang='lat' dir='ltr'>nos</span> <span class='ocrx_word' id='word_1_329' title='bbox 2546 5112 2805 5178; x_wconf 88' lang='lat' dir='ltr'>facilem</span> <span class='ocrx_word' id='word_1_330' title='bbox 2852 5113 3121 5200; x_wconf 87' lang='lat' dir='ltr'>prebere</span> <span class='ocrx_word' id='word_1_331' title='bbox 3170 5133 3551 5177; x_wconf 90' lang='lat' dir='ltr'>consensum</span> <span class='ocrx_word' id='word_1_332' title='bbox 3613 5118 3678 5176; x_wconf 87' lang='lat' dir='ltr'>et</span> <span class='ocrx_word' id='word_1_333' title='bbox 3723 5118 3911 5194; x_wconf 83' lang='lat' dir='ltr'>vota,</span> <span class='ocrx_word' id='word_1_334' title='bbox 3962 5132 4085 5198; x_wconf 89' lang='lat' dir='ltr'>que</span> <span class='ocrx_word' id='word_1_335' title='bbox 4148 5132 4187 5175; x_wconf 90' lang='lat' dir='ltr'>a</span> <span class='ocrx_word' id='word_1_336' title='bbox 4248 5133 4352 5175; x_wconf 90' lang='lat' dir='ltr'>ra-</span> 
     </span>
     <span class='ocr_line' id='line_1_34' title="bbox 718 5217 4358 5306; baseline -0 -23"><span class='ocrx_word' id='word_1_337' title='bbox 718 5220 909 5285; x_wconf 87' lang='lat' dir='ltr'>tionis</span> <span class='ocrx_word' id='word_1_338' title='bbox 958 5220 1212 5284; x_wconf 89' lang='lat' dir='ltr'>tramite</span> <span class='ocrx_word' id='word_1_339' title='bbox 1260 5240 1389 5284; x_wconf 89' lang='lat' dir='ltr'>non</span> <span class='ocrx_word' id='word_1_340' title='bbox 1436 5219 1825 5302; x_wconf 88' lang='lat' dir='ltr'>discordant,</span> <span class='ocrx_word' id='word_1_341' title='bbox 1859 5219 2092 5284; x_wconf 87' lang='lat' dir='ltr'>effectu</span> <span class='ocrx_word' id='word_1_342' title='bbox 2136 5227 2584 5306; x_wconf 88' lang='lat' dir='ltr'>prosequente,</span> <span class='ocrx_word' id='word_1_343' title='bbox 2618 5220 2961 5306; x_wconf 87' lang='lat' dir='ltr'>complere.</span> <span class='ocrx_word' id='word_1_344' title='bbox 2998 5220 3161 5285; x_wconf 86' lang='lat' dir='ltr'>Cum</span> <span class='ocrx_word' id='word_1_345' title='bbox 3201 5220 3417 5305; x_wconf 90' lang='lat' dir='ltr'>igitur,</span> <span class='ocrx_word' id='word_1_346' title='bbox 3452 5220 3618 5284; x_wconf 91' lang='lat' dir='ltr'>sicut</span> <span class='ocrx_word' id='word_1_347' title='bbox 3649 5240 3731 5284; x_wconf 80' lang='lat' dir='ltr'>ex</span> <span class='ocrx_word' id='word_1_348' title='bbox 3763 5225 3947 5305; x_wconf 88' lang='lat' dir='ltr'>parte</span> <span class='ocrx_word' id='word_1_349' title='bbox 3979 5225 4196 5283; x_wconf 80' lang='lat' dir='ltr'>vestra</span> <span class='ocrx_word' id='word_1_350' title='bbox 4232 5217 4358 5282; x_wconf 77' lang='lat' dir='ltr'>fuit</span> 
     </span>
     <span class='ocr_line' id='line_1_35' title="bbox 718 5325 4349 5414; baseline -0.001 -23"><span class='ocrx_word' id='word_1_351' title='bbox 718 5328 1119 5414; x_wconf 89' lang='lat' dir='ltr'>propositum</span> <span class='ocrx_word' id='word_1_352' title='bbox 1167 5348 1383 5392; x_wconf 90' lang='lat' dir='ltr'>coram</span> <span class='ocrx_word' id='word_1_353' title='bbox 1430 5326 1637 5411; x_wconf 90' lang='lat' dir='ltr'>nobis,</span> <span class='ocrx_word' id='word_1_354' title='bbox 1683 5326 2073 5391; x_wconf 77' lang='lat' dir='ltr'>venerabilis</span> <span class='ocrx_word' id='word_1_355' title='bbox 2122 5326 2321 5391; x_wconf 84' lang='lat' dir='ltr'>frater</span> <span class='ocrx_word' id='word_1_356' title='bbox 2367 5334 2584 5392; x_wconf 86' lang='lat' dir='ltr'>noster</span> <span class='ocrx_word' id='word_1_357' title='bbox 2628 5327 2990 5414; x_wconf 87' lang='lat' dir='ltr'>Episcopus</span> <span class='ocrx_word' id='word_1_358' title='bbox 3031 5327 3443 5393; x_wconf 88' lang='lat' dir='ltr'>bononiensis</span> <span class='ocrx_word' id='word_1_359' title='bbox 3476 5327 3559 5390; x_wconf 91' lang='lat' dir='ltr'>ad</span> <span class='ocrx_word' id='word_1_360' title='bbox 3591 5325 4125 5413; x_wconf 89' lang='lat' dir='ltr'>supplicationem</span> <span class='ocrx_word' id='word_1_361' title='bbox 4156 5325 4349 5390; x_wconf 90' lang='lat' dir='ltr'>Pote-</span> 
     </span>
     <span class='ocr_line' id='line_1_36' title="bbox 719 5432 4352 5521; baseline -0.001 -23"><span class='ocrx_word' id='word_1_362' title='bbox 719 5436 903 5499; x_wconf 89' lang='lat' dir='ltr'>statis</span> <span class='ocrx_word' id='word_1_363' title='bbox 950 5442 1015 5499; x_wconf 86' lang='lat' dir='ltr'>et</span> <span class='ocrx_word' id='word_1_364' title='bbox 1064 5434 1435 5500; x_wconf 89' lang='lat' dir='ltr'>Communis</span> <span class='ocrx_word' id='word_1_365' title='bbox 1482 5433 1915 5517; x_wconf 88' lang='lat' dir='ltr'>bononiensis,</span> <span class='ocrx_word' id='word_1_366' title='bbox 1952 5433 2062 5519; x_wconf 91' lang='lat' dir='ltr'>qui</span> <span class='ocrx_word' id='word_1_367' title='bbox 2100 5434 2437 5499; x_wconf 89' lang='lat' dir='ltr'>ecclesiam</span> <span class='ocrx_word' id='word_1_368' title='bbox 2471 5435 2676 5499; x_wconf 90' lang='lat' dir='ltr'>sancti</span> <span class='ocrx_word' id='word_1_369' title='bbox 2716 5434 3159 5521; x_wconf 84' lang='lat' dir='ltr'>Appollinaris</span> <span class='ocrx_word' id='word_1_370' title='bbox 3205 5435 3475 5520; x_wconf 87' lang='lat' dir='ltr'>ejusque</span> <span class='ocrx_word' id='word_1_371' title='bbox 3507 5434 3729 5499; x_wconf 91' lang='lat' dir='ltr'>domos</span> <span class='ocrx_word' id='word_1_372' title='bbox 3763 5436 3919 5497; x_wconf 88' lang='lat' dir='ltr'>sitas</span> <span class='ocrx_word' id='word_1_373' title='bbox 3945 5435 4138 5518; x_wconf 75' lang='lat' dir='ltr'>juxta</span> <span class='ocrx_word' id='word_1_374' title='bbox 4172 5432 4352 5519; x_wconf 89' lang='lat' dir='ltr'>pala-</span> 
     </span>
     <span class='ocr_line' id='line_1_37' title="bbox 719 5540 4350 5628; baseline -0.001 -23"><span class='ocrx_word' id='word_1_375' title='bbox 719 5541 881 5605; x_wconf 89' lang='lat' dir='ltr'>tium</span> <span class='ocrx_word' id='word_1_376' title='bbox 927 5541 1320 5623; x_wconf 83' lang='lat' dir='ltr'>Communis,</span> <span class='ocrx_word' id='word_1_377' title='bbox 1370 5541 1453 5605; x_wconf 91' lang='lat' dir='ltr'>ad</span> <span class='ocrx_word' id='word_1_378' title='bbox 1498 5540 1755 5627; x_wconf 90' lang='lat' dir='ltr'>plebem</span> <span class='ocrx_word' id='word_1_379' title='bbox 1803 5548 2085 5605; x_wconf 85' lang='lat' dir='ltr'>vestram</span> <span class='ocrx_word' id='word_1_380' title='bbox 2131 5548 2548 5627; x_wconf 86' lang='lat' dir='ltr'>spectantem,</span> <span class='ocrx_word' id='word_1_381' title='bbox 2597 5542 2932 5607; x_wconf 86' lang='lat' dir='ltr'>diruerunt</span> <span class='ocrx_word' id='word_1_382' title='bbox 2977 5541 3288 5625; x_wconf 87' lang='lat' dir='ltr'>funditus,</span> <span class='ocrx_word' id='word_1_383' title='bbox 3337 5542 3402 5606; x_wconf 90' lang='lat' dir='ltr'>in</span> <span class='ocrx_word' id='word_1_384' title='bbox 3450 5540 4110 5628; x_wconf 87' lang='lat' dir='ltr'>recompensationem</span> <span class='ocrx_word' id='word_1_385' title='bbox 4155 5540 4350 5625; x_wconf 88' lang='lat' dir='ltr'>hujus</span> 
     </span>
     <span class='ocr_line' id='line_1_38' title="bbox 720 5648 4354 5736; baseline -0.001 -24"><span class='ocrx_word' id='word_1_386' title='bbox 720 5648 942 5714; x_wconf 90' lang='lat' dir='ltr'>damni</span> <span class='ocrx_word' id='word_1_387' title='bbox 987 5655 1328 5714; x_wconf 83' lang='lat' dir='ltr'>vacantem</span> <span class='ocrx_word' id='word_1_388' title='bbox 1375 5648 1714 5713; x_wconf 88' lang='lat' dir='ltr'>ecclesiam</span> <span class='ocrx_word' id='word_1_389' title='bbox 1761 5649 1967 5712; x_wconf 90' lang='lat' dir='ltr'>sancti</span> <span class='ocrx_word' id='word_1_390' title='bbox 2012 5648 2342 5714; x_wconf 84' lang='lat' dir='ltr'>Ambrosii</span> <span class='ocrx_word' id='word_1_391' title='bbox 2388 5650 2830 5734; x_wconf 90' lang='lat' dir='ltr'>bononiensis,</span> <span class='ocrx_word' id='word_1_392' title='bbox 2867 5650 2932 5713; x_wconf 93' lang='lat' dir='ltr'>in</span> <span class='ocrx_word' id='word_1_393' title='bbox 2979 5671 3107 5736; x_wconf 89' lang='lat' dir='ltr'>qua</span> <span class='ocrx_word' id='word_1_394' title='bbox 3147 5650 3637 5736; x_wconf 84' lang='lat' dir='ltr'>juspatronatus</span> <span class='ocrx_word' id='word_1_395' title='bbox 3684 5649 4013 5714; x_wconf 85' lang='lat' dir='ltr'>habebant</span> <span class='ocrx_word' id='word_1_396' title='bbox 4062 5648 4245 5714; x_wconf 81' lang='lat' dir='ltr'>vobis</span> <span class='ocrx_word' id='word_1_397' title='bbox 4289 5654 4354 5711; x_wconf 89' lang='lat' dir='ltr'>et</span> 
     </span>
     <span class='ocr_line' id='line_1_39' title="bbox 719 5755 4352 5844; baseline -0.001 -23"><span class='ocrx_word' id='word_1_398' title='bbox 719 5757 885 5822; x_wconf 89' lang='lat' dir='ltr'>dicte</span> <span class='ocrx_word' id='word_1_399' title='bbox 934 5757 1129 5844; x_wconf 90' lang='lat' dir='ltr'>plebi,</span> <span class='ocrx_word' id='word_1_400' title='bbox 1175 5756 1457 5843; x_wconf 87' lang='lat' dir='ltr'>Capituli</span> <span class='ocrx_word' id='word_1_401' title='bbox 1505 5757 1605 5821; x_wconf 90' lang='lat' dir='ltr'>sui</span> <span class='ocrx_word' id='word_1_402' title='bbox 1651 5756 1994 5821; x_wconf 86' lang='lat' dir='ltr'>accedente</span> <span class='ocrx_word' id='word_1_403' title='bbox 2044 5778 2380 5840; x_wconf 90' lang='lat' dir='ltr'>consensu,</span> <span class='ocrx_word' id='word_1_404' title='bbox 2427 5757 2729 5822; x_wconf 82' lang='lat' dir='ltr'>duxerint</span> <span class='ocrx_word' id='word_1_405' title='bbox 2776 5779 2920 5822; x_wconf 92' lang='lat' dir='ltr'>cum</span> <span class='ocrx_word' id='word_1_406' title='bbox 2967 5758 3098 5821; x_wconf 88' lang='lat' dir='ltr'>suis</span> <span class='ocrx_word' id='word_1_407' title='bbox 3141 5757 3396 5843; x_wconf 89' lang='lat' dir='ltr'>juribus</span> <span class='ocrx_word' id='word_1_408' title='bbox 3442 5763 3508 5822; x_wconf 91' lang='lat' dir='ltr'>et</span> <span class='ocrx_word' id='word_1_409' title='bbox 3552 5756 3954 5844; x_wconf 86' lang='lat' dir='ltr'>pertinentiis</span> <span class='ocrx_word' id='word_1_410' title='bbox 4002 5755 4352 5821; x_wconf 89' lang='lat' dir='ltr'>conceden-</span> 
     </span>
     <span class='ocr_line' id='line_1_40' title="bbox 720 5861 4351 5954; baseline -0.001 -27"><span class='ocrx_word' id='word_1_411' title='bbox 720 5864 890 5948; x_wconf 90' lang='lat' dir='ltr'>dam,</span> <span class='ocrx_word' id='word_1_412' title='bbox 925 5870 1116 5950; x_wconf 88' lang='lat' dir='ltr'>prout</span> <span class='ocrx_word' id='word_1_413' title='bbox 1162 5863 1227 5927; x_wconf 91' lang='lat' dir='ltr'>in</span> <span class='ocrx_word' id='word_1_414' title='bbox 1275 5864 1699 5928; x_wconf 89' lang='lat' dir='ltr'>instrumento</span> <span class='ocrx_word' id='word_1_415' title='bbox 1747 5862 2005 5949; x_wconf 89' lang='lat' dir='ltr'>publico</span> <span class='ocrx_word' id='word_1_416' title='bbox 2053 5863 2201 5928; x_wconf 90' lang='lat' dir='ltr'>inde</span> <span class='ocrx_word' id='word_1_417' title='bbox 2250 5864 2562 5947; x_wconf 87' lang='lat' dir='ltr'>confecto,</span> <span class='ocrx_word' id='word_1_418' title='bbox 2598 5865 2783 5949; x_wconf 88' lang='lat' dir='ltr'>cujus</span> <span class='ocrx_word' id='word_1_419' title='bbox 2830 5873 3118 5929; x_wconf 89' lang='lat' dir='ltr'>tenorem</span> <span class='ocrx_word' id='word_1_420' title='bbox 3167 5865 3256 5954; x_wconf 9' lang='lat' dir='ltr'>de*</span> <span class='ocrx_word' id='word_1_421' title='bbox 3292 5864 3491 5929; x_wconf 79' lang='lat' dir='ltr'>verbo</span> <span class='ocrx_word' id='word_1_422' title='bbox 3525 5864 3606 5927; x_wconf 88' lang='lat' dir='ltr'>ad</span> <span class='ocrx_word' id='word_1_423' title='bbox 3640 5864 3907 5928; x_wconf 86' lang='lat' dir='ltr'>verbum</span> <span class='ocrx_word' id='word_1_424' title='bbox 3947 5861 4351 5949; x_wconf 88' lang='lat' dir='ltr'>presentibus</span> 
     </span>
    </p>
   </div>
   <div class='ocr_carea' id='block_1_11' title="bbox 718 6073 4352 6504">
    <p class='ocr_par' dir='ltr' id='par_1_12' title="bbox 718 6073 4352 6234">
     <span class='ocr_line' id='line_1_41' title="bbox 879 6073 4352 6145; baseline -0.001 -19"><span class='ocrx_word' id='word_1_425' title='bbox 879 6076 956 6141; x_wconf 90' lang='lat'>(1)</span> <span class='ocrx_word' id='word_1_426' title='bbox 978 6074 1181 6143; x_wconf 91' lang='lat' dir='ltr'>Incipit</span> <span class='ocrx_word' id='word_1_427' title='bbox 1196 6075 1631 6126; x_wconf 53' lang='lat' dir='ltr'>Libet-Judtcum</span> <span class='ocrx_word' id='word_1_428' title='bbox 1653 6092 1686 6127; x_wconf 87' lang='lat' dir='ltr'>a</span> <span class='ocrx_word' id='word_1_429' title='bbox 1704 6075 1964 6145; x_wconf 84' lang='lat' dir='ltr'>magistro</span> <span class='ocrx_word' id='word_1_430' title='bbox 1982 6074 2235 6128; x_wconf 67' lang='lat' dir='ltr'>«Iohanne</span> <span class='ocrx_word' id='word_1_431' title='bbox 2256 6076 2322 6128; x_wconf 89' lang='lat' dir='ltr'>de</span> <span class='ocrx_word' id='word_1_432' title='bbox 2345 6075 2480 6143; x_wconf 90' lang='lat' dir='ltr'>Deo,</span> <span class='ocrx_word' id='word_1_433' title='bbox 2753 6077 2992 6138; x_wconf 84' lang='lat' dir='ltr'>Quartus</span> <span class='ocrx_word' id='word_1_434' title='bbox 3029 6076 3109 6129; x_wconf 82' lang='lat' dir='ltr'>De</span> <span class='ocrx_word' id='word_1_435' title='bbox 3143 6076 3509 6129; x_wconf 74' lang='lat' dir='ltr'>communibus</span> <span class='ocrx_word' id='word_1_436' title='bbox 3536 6078 3804 6143; x_wconf 79' lang='lat' dir='ltr'>personis,</span> <span class='ocrx_word' id='word_1_437' title='bbox 3829 6075 4039 6128; x_wconf 85' lang='lat' dir='ltr'>scilicet</span> <span class='ocrx_word' id='word_1_438' title='bbox 4072 6073 4154 6126; x_wconf 79' lang='lat' dir='ltr'>De</span> <span class='ocrx_word' id='word_1_439' title='bbox 4179 6074 4352 6124; x_wconf 81' lang='lat' dir='ltr'>Adco-</span> 
     </span>
     <span class='ocr_line' id='line_1_42' title="bbox 718 6164 3257 6234; baseline 0.001 -18"><span class='ocrx_word' id='word_1_440' title='bbox 718 6165 965 6234; x_wconf 88' lang='lat' dir='ltr'>hispano,</span> <span class='ocrx_word' id='word_1_441' title='bbox 992 6166 1086 6234; x_wconf 90' lang='lat' dir='ltr'>qui</span> <span class='ocrx_word' id='word_1_442' title='bbox 1119 6182 1217 6234; x_wconf 87' lang='lat' dir='ltr'>per</span> <span class='ocrx_word' id='word_1_443' title='bbox 1242 6164 1342 6216; x_wconf 85' lang='lat' dir='ltr'>IV.</span> <span class='ocrx_word' id='word_1_444' title='bbox 1369 6165 1535 6217; x_wconf 87' lang='lat' dir='ltr'>libros</span> <span class='ocrx_word' id='word_1_445' title='bbox 1562 6171 1616 6218; x_wconf 89' lang='lat' dir='ltr'>et</span> <span class='ocrx_word' id='word_1_446' title='bbox 1642 6165 1701 6218; x_wconf 84' lang='lat' dir='ltr'>C.</span> <span class='ocrx_word' id='word_1_447' title='bbox 1729 6166 1914 6218; x_wconf 87' lang='lat' dir='ltr'>titulos</span> <span class='ocrx_word' id='word_1_448' title='bbox 1944 6169 2026 6218; x_wconf 88' lang='lat' dir='ltr'>est</span> <span class='ocrx_word' id='word_1_449' title='bbox 2053 6166 2357 6218; x_wconf 84' lang='lat' dir='ltr'>distinctus.</span> <span class='ocrx_word' id='word_1_450' title='bbox 2592 6167 2726 6217; x_wconf 72' lang='lat' dir='ltr'>catis</span> <span class='ocrx_word' id='word_1_451' title='bbox 2761 6172 2808 6217; x_wconf 78' lang='lat' dir='ltr'>et</span> <span class='ocrx_word' id='word_1_452' title='bbox 2847 6166 3114 6232; x_wconf 61' lang='lat' dir='ltr'>Syndicisx,</span> <span class='ocrx_word' id='word_1_453' title='bbox 3151 6170 3257 6219; x_wconf 88' lang='lat' dir='ltr'>etc.</span> 
     </span>
    </p>

    <p class='ocr_par' dir='ltr' id='par_1_13' title="bbox 718 6253 4350 6412">
     <span class='ocr_line' id='line_1_43' title="bbox 879 6253 4350 6322; baseline -0 -17"><span class='ocrx_word' id='word_1_454' title='bbox 879 6254 1096 6307; x_wconf 83' lang='lat' dir='ltr'>Primus</span> <span class='ocrx_word' id='word_1_455' title='bbox 1134 6258 1219 6307; x_wconf 91' lang='lat' dir='ltr'>est</span> <span class='ocrx_word' id='word_1_456' title='bbox 1254 6253 1336 6306; x_wconf 85' lang='lat' dir='ltr'>De</span> <span class='ocrx_word' id='word_1_457' title='bbox 1370 6254 1660 6307; x_wconf 70' lang='lat' dir='ltr'><strong><em>Judicibue</em></strong></span> <span class='ocrx_word' id='word_1_458' title='bbox 1706 6260 1755 6307; x_wconf 63' lang='lat' dir='ltr'>a</span> <span class='ocrx_word' id='word_1_459' title='bbox 1790 6255 2036 6307; x_wconf 76' lang='lat' dir='ltr'>Arbitris</span> <span class='ocrx_word' id='word_1_460' title='bbox 2076 6261 2123 6306; x_wconf 77' lang='lat' dir='ltr'>et</span> <span class='ocrx_word' id='word_1_461' title='bbox 2158 6255 2483 6307; x_wconf 59' lang='lat' dir='ltr'>Assessoritsss</span> <span class='ocrx_word' id='word_1_462' title='bbox 2753 6257 2832 6322; x_wconf 82' lang='lat'>(2)</span> <span class='ocrx_word' id='word_1_463' title='bbox 2873 6255 3012 6308; x_wconf 86' lang='lat' dir='ltr'>Vide</span> <span class='ocrx_word' id='word_1_464' title='bbox 3051 6255 3333 6322; x_wconf 54' lang='lat' dir='ltr'>Sivmxr,</span> <span class='ocrx_word' id='word_1_465' title='bbox 3372 6254 3448 6308; x_wconf 82' lang='lat' dir='ltr'>St.</span> <span class='ocrx_word' id='word_1_466' title='bbox 3476 6256 3563 6307; x_wconf 82' lang='lat' dir='ltr'>del</span> <span class='ocrx_word' id='word_1_467' title='bbox 3597 6254 3722 6306; x_wconf 77' lang='lat' dir='ltr'>Dir.</span> <span class='ocrx_word' id='word_1_468' title='bbox 3747 6270 3880 6307; x_wconf 84' lang='lat' dir='ltr'>rom.</span> <span class='ocrx_word' id='word_1_469' title='bbox 3906 6254 3996 6306; x_wconf 81' lang='lat' dir='ltr'>nel</span> <span class='ocrx_word' id='word_1_470' title='bbox 4031 6254 4106 6306; x_wconf 79' lang='lat' dir='ltr'>M.</span> <span class='ocrx_word' id='word_1_471' title='bbox 4139 6253 4227 6318; x_wconf 69' lang='lat' dir='ltr'>E„</span> <span class='ocrx_word' id='word_1_472' title='bbox 4266 6253 4350 6306; x_wconf 85' lang='lat' dir='ltr'>ed.</span> 
     </span>
     <span class='ocr_line' id='line_1_44' title="bbox 718 6342 3169 6412; baseline 0 -16"><span class='ocrx_word' id='word_1_473' title='bbox 718 6350 764 6396; x_wconf 78' lang='lat' dir='ltr'>et</span> <span class='ocrx_word' id='word_1_474' title='bbox 803 6342 1199 6410; x_wconf 74' lang='lat' dir='ltr'>Contiyentibus</span> <span class='ocrx_word' id='word_1_475' title='bbox 1233 6344 1366 6396; x_wconf 75' lang='lat' dir='ltr'>illis.</span> <span class='ocrx_word' id='word_1_476' title='bbox 2595 6345 2713 6412; x_wconf 88' lang='lat' dir='ltr'>cit.,</span> <span class='ocrx_word' id='word_1_477' title='bbox 2752 6344 2830 6410; x_wconf 89' lang='lat'>11,</span> <span class='ocrx_word' id='word_1_478' title='bbox 2869 6347 2991 6411; x_wconf 76' lang='lat'>472,</span> <span class='ocrx_word' id='word_1_479' title='bbox 3029 6362 3082 6397; x_wconf 87' lang='lat' dir='ltr'>n.</span> <span class='ocrx_word' id='word_1_480' title='bbox 3116 6361 3169 6411; x_wconf 74' lang='lat'>9.</span> 
     </span>
    </p>

    <p class='ocr_par' dir='ltr' id='par_1_14' title="bbox 880 6431 4352 6504">
     <span class='ocr_line' id='line_1_45' title="bbox 880 6431 4352 6504; baseline -0 -19"><span class='ocrx_word' id='word_1_481' title='bbox 880 6431 1163 6486; x_wconf 84' lang='lat' dir='ltr'>Secundus</span> <span class='ocrx_word' id='word_1_482' title='bbox 1200 6433 1281 6486; x_wconf 89' lang='lat' dir='ltr'>De</span> <span class='ocrx_word' id='word_1_483' title='bbox 1318 6434 1587 6486; x_wconf 75' lang='lat' dir='ltr'>actoribus</span> <span class='ocrx_word' id='word_1_484' title='bbox 1625 6441 1670 6487; x_wconf 79' lang='lat' dir='ltr'>et</span> <span class='ocrx_word' id='word_1_485' title='bbox 1705 6436 1769 6487; x_wconf 84' lang='lat' dir='ltr'>de</span> <span class='ocrx_word' id='word_1_486' title='bbox 1806 6435 2207 6503; x_wconf 68' lang='lat' dir='ltr'>impuqnatt&#39;one</span> <span class='ocrx_word' id='word_1_487' title='bbox 2244 6438 2348 6487; x_wconf 88' lang='lat' dir='ltr'>etc.</span> <span class='ocrx_word' id='word_1_488' title='bbox 2756 6436 2835 6502; x_wconf 83' lang='lat'>(3)</span> <span class='ocrx_word' id='word_1_489' title='bbox 2863 6433 2948 6485; x_wconf 81' lang='lat' dir='ltr'>Ex</span> <span class='ocrx_word' id='word_1_490' title='bbox 2971 6434 3107 6504; x_wconf 86' lang='lat' dir='ltr'>Reg.</span> <span class='ocrx_word' id='word_1_491' title='bbox 3129 6434 3202 6487; x_wconf 90' lang='lat'>11.</span> <span class='ocrx_word' id='word_1_492' title='bbox 3224 6434 3532 6488; x_wconf 88' lang='lat' dir='ltr'>Innocentii</span> <span class='ocrx_word' id='word_1_493' title='bbox 3558 6433 3652 6486; x_wconf 82' lang='lat' dir='ltr'>IV.</span> <span class='ocrx_word' id='word_1_494' title='bbox 3672 6475 3686 6502; x_wconf 93' lang='lat'>,</span> <span class='ocrx_word' id='word_1_495' title='bbox 3710 6434 3806 6486; x_wconf 77' lang='lat' dir='ltr'>sol.</span> <span class='ocrx_word' id='word_1_496' title='bbox 3832 6436 3950 6500; x_wconf 82' lang='lat'>182,</span> <span class='ocrx_word' id='word_1_497' title='bbox 3977 6450 4064 6486; x_wconf 82' lang='lat' dir='ltr'>an.</span> <span class='ocrx_word' id='word_1_498' title='bbox 4085 6432 4352 6497; x_wconf 76' lang='lat' dir='ltr'>MCCLL,</span> 
     </span>
    </p>
   </div>
   <div class='ocr_carea' id='block_1_12' title="bbox 884 6521 3006 6590">
    <p class='ocr_par' dir='ltr' id='par_1_15' title="bbox 884 6521 3006 6590">
     <span class='ocr_line' id='line_1_46' title="bbox 884 6521 3006 6590; baseline 0.001 -16"><span class='ocrx_word' id='word_1_499' title='bbox 884 6521 1102 6575; x_wconf 84' lang='lat' dir='ltr'>Tertius</span> <span class='ocrx_word' id='word_1_500' title='bbox 1137 6523 1219 6574; x_wconf 89' lang='lat' dir='ltr'>De</span> <span class='ocrx_word' id='word_1_501' title='bbox 1257 6525 1367 6575; x_wconf 80' lang='lat' dir='ltr'>reis</span> <span class='ocrx_word' id='word_1_502' title='bbox 1403 6529 1449 6575; x_wconf 78' lang='lat' dir='ltr'>et</span> <span class='ocrx_word' id='word_1_503' title='bbox 1485 6524 1552 6576; x_wconf 79' lang='lat' dir='ltr'>de</span> <span class='ocrx_word' id='word_1_504' title='bbox 1587 6541 1767 6576; x_wconf 81' lang='lat' dir='ltr'>eorum</span> <span class='ocrx_word' id='word_1_505' title='bbox 1805 6525 2126 6590; x_wconf 77' lang='lat' dir='ltr'>defensione.</span> <span class='ocrx_word' id='word_1_506' title='bbox 2595 6524 2815 6577; x_wconf 84' lang='lat' dir='ltr'>XVIII.</span> <span class='ocrx_word' id='word_1_507' title='bbox 2852 6525 3006 6577; x_wconf 86' lang='lat' dir='ltr'>iunii.</span> 
     </span>
    </p>
   </div>
   <div class='ocr_carea' id='block_1_13' title="bbox 5503 3486 5512 4365">
    <p class='ocr_par' dir='ltr' id='par_1_16' title="bbox 5503 3486 5512 4365">
     <span class='ocr_line' id='line_1_47' title="bbox 5503 3486 5512 4365; baseline 0 0"><span class='ocrx_word' id='word_1_508' title='bbox 5503 3486 5512 4365; x_wconf 95' lang='lat' dir='ltr'> </span> 
     </span>
    </p>
   </div>
   <div class='ocr_carea' id='block_1_14' title="bbox 5506 4596 5510 5172">
    <p class='ocr_par' dir='ltr' id='par_1_17' title="bbox 5506 4596 5510 5172">
     <span class='ocr_line' id='line_1_48' title="bbox 5506 4596 5510 5172; baseline 0 0"><span class='ocrx_word' id='word_1_509' title='bbox 5506 4596 5510 5172; x_wconf 95' lang='lat' dir='ltr'> </span> 
     </span>
    </p>
   </div>
  </div>
 </body>
</html>
