5542 7775
1190 635 1340 706 110
2765 658 3254 708 moseum-*TA

1182 807 1247 871 in
1295 810 1622 873 civitatem
1668 812 1987 896 prefatam
2031 832 2335 895 magnam
2383 812 2858 876 multitudinem
2907 810 3319 891 induxerunt,
3353 834 3428 875 ac
3461 811 3767 875 dilectum
3799 812 4002 875 filium
4035 820 4325 877 nostrum
4357 813 4812 898 Bertrandum,

1183 917 1352 980 tituli
1384 918 1589 981 388011
1620 917 1823 982 Marci
1856 918 2284 1004 presbiterum
2316 918 2747 1001 Cardinalem,
2781 926 2932 983 tunc
2974 918 3530 1004 archiepiscopum
3575 919 4105 1002 ebredunensem,
4138 930 4202 984 et
4235 922 4582 1007 apostolice
4617 921 4801 988 Sedis

1182 1024 1247 1087 in
1294 1024 1586 1109 partibus
1635 1023 1761 1088 illis
1806 1026 2131 1108 nuncium,
2179 1047 2255 1090 ac
2301 1026 2704 1090 venerabiles
2751 1028 2984 1089 fratres
3031 1034 3283 1088 nostros
3329 1025 3595 1089 Petrum
3643 1026 4170 1112 mirapiscensem
4203 1036 4268 1092 et
4300 1028 4623 1114 prefatum
4655 1030 4813 1094 Ber-

1180 1130 1483 1195 trandum
1527 1138 1678 1196 tnnc
1724 1133 2183 1197 bononiensem
2230 1134 2585 1220 01113001103,
2624 1142 2686 1198 01
2722 1133 3046 1220 quondam
3084 1132 3489 1197 Bernardum
3523 1133 4057 1217 nonantulanum,
4090 1136 4471 1200 mutinensis
4521 1136 4812 1219 (11000313,

1179 1247 1245 1301 01
1290 1239 1594 1303 dilectum
1640 1239 1843 1304 filium
1889 1241 2095 1305 sancti
2142 1240 2456 1327 Stephani
2500 1241 2911 1305 bononiensis
2972 1240 3510 1303 monasteriorum
3557 1240 3862 1323 abbateS,
3914 1262 4262 1326 omnesque
4311 1250 4444 1307 tam
4490 1245 4813 1330 prelatos,

1179 1368 1373 1431 quam
1420 1347 1581 1411 alios
1628 1348 1894 1413 clericos
1940 1348 2276 1433 religiosos
2322 1356 2386 1412 et
2431 1349 2753 1413 seculares
2802 1370 2875 1412 ac
2922 1347 3121 1411 laicos
3169 1348 3503 1411 universos
3536 1346 3615 1411 de
3657 1348 3923 1430 familia,
3959 1356 4024 1411 et
4055 1360 4282 1434 gentes
4326 1350 4524 1437 ipsius
4556 1351 4811 1437 Legati,

1178 1474 1295 1519 nec
1345 1477 1469 1519 non
1517 1457 1968 1543 stipendiarios
2016 1457 2183 1521 dicte
2230 1463 2449 1520 sancte
2497 1477 2760 1519 romane
2807 1454 3098 1518 Ecclesie
3157 1455 3221 1518 in
3283 1455 3580 1537 civitate,
3631 1456 3974 1538 comitatu,
4022 1457 4344 1522 territorio
4401 1466 4464 1522 et
4520 1458 4812 1525 districtu

1178 1562 1480 1647 predictis
1522 1564 1893 1645 existentes,
1928 1565 2171 1649 absque
2204 1564 2422 1650 aliqua
2469 1584 2663 1627 causa
2711 1562 3101 1645 rationabili,
3135 1563 3333 1625 solius
3369 1572 3791 1648 preconcepte
3839 1564 4222 1649 proditionis
4269 1566 4570 1651 impulsu,
4612 1568 4810 1631 hosti·

1175 1668 1323 1733 liter
1354 1670 1748 1753 invaserunt,
1782 1693 2019 1757 eosque
2052 1671 2252 1755 libris,
2288 1670 2573 1758 081101113,
2606 1670 2810 1756 011813,
2845 1670 3016 1732 vasis
3050 1670 3395 1753 argenteis,
3427 1670 3736 1751 vestibus,
3771 1672 3986 1753 armis,
4019 1673 4294 1757 pecunia
4326 1682 4390 1736 et
4435 1674 4581 1758 alijs
4616 1674 4806 1738 rebus

1175 1799 1398 1841 eorum
1444 1780 1740 1864 nequiter
1786 1780 2164 1866 spoliarunt,
2199 1779 2565 1863 dictumque
2613 1778 2915 1841 abbatem
2962 1776 3332 1840 Nonantule
3379 1799 3582 1862 usque
3616 1777 3699 1841 ad
3731 1778 4069 1842 femoralia
4111 1779 4535 1863 nudaverunt,
4571 1781 4810 1867 ipsum-

1176 1906 1300 1969 que
1347 1884 1570 1950 decem
1614 1886 1840 1951 diebus
1886 1887 2298 1951 detinuerunt
2344 1886 2585 1950 carceri
2633 1884 3090 1971 mancipatum.
3124 1883 3511 1970 Episcopale
3562 1906 3815 1970 quoque
3861 1886 4177 1971 palatium
4224 1887 4616 1952 bononiense
4656 1910 4806 1975 sup·

1174 2003 1527 2077 posuerunt
1573 1994 1887 2075 incendio,
1936 2002 2001 2058 et
2048 2015 2482 2079 quoscumque
2529 1993 2812 2079 reperire
2860 1999 3207 2078 potuerunt
3252 1990 3331 2054 de
3379 1998 3602 2076 gente,
3652 1992 3898 2055 familia
3946 2002 4010 2057 et
4058 1993 4359 2058 idiomate
4392 1995 4545 2059 dicti
4577 1995 4810 2081 Legati

1175 2108 1516 2185 ceperunt,
1564 2102 1925 2187 multosque
1987 2123 2069 2165 ex
2131 2102 2224 2165 eis
2283 2101 2823 2182 vulneraverunt,
2871 2106 2935 2163 01
2983 2099 3232 2184 81111803
3299 2099 3734 2163 1811818881101
3780 2106 3846 2163 01
3891 2100 4236 2165 crudeliter
4284 2101 4683 2185 occiderunt,
4733 2125 4808 2167 80

1174 2212 1401 2289 101183,
1449 2215 1661 2273 083118
1708 2218 1772 2273 01
1816 2210 1961 2275 1008
2008 2209 2223 2273 omnia
2268 2208 2702 2295 predictorum
2748 2207 3088 2271 comitatus
3135 2214 3198 2270 01
3247 2206 3610 2289 districtus,
3663 2228 3779 2271 1100
3829 2229 3957 2272 808
4003 2216 4246 2291 101183,
4295 2218 4507 2273 083118
4554 2217 4618 2274 01
4664 2210 4807 2275 1008

1172 2317 1506 2401 38111103118
1546 2316 1979 2401 jurisdictioni
2024 2317 2341 2381 dictorum
2387 2316 2671 2401 episcopi
2718 2323 2784 2378 et
2845 2314 3134 2378 Ecclesie
3198 2313 3610 2377 bononiensis
3657 2315 3722 2377 in
3771 2315 4142 2380 rebellionis
4189 2316 4446 2380 devium
4493 2318 4802 2384 adversus

1172 2420 1413 2486 <lictum
1460 2424 1781 2509 Legatum
1814 2432 1876 2489 et
1909 2446 2244 2489 romanam
2290 2423 2649 2488 Ecclesiam
2696 2422 3122 2485 deduxerunt.
3159 2421 3483 2485 Officiales
3532 2422 3794 2508 insuper
3839 2431 3904 2485 et
3949 2432 4175 2508 gentes
4216 2445 4436 2488 omnes
4468 2425 4535 2488 iu
4567 2426 4806 2491 eisdem

1172 2529 1453 2613 civitate,
1487 2532 1794 2596 comitatu
1840 2540 1905 2597 et
1951 2533 2265 2615 districtu,
2299 2532 2525 2596 castris
2572 2539 2637 2594 et
2683 2530 2840 2594 locis
2888 2551 3004 2615 pro
3052 2529 3222 2592 dicta
3270 2550 3538 2592 romana
3569 2529 3883 2613 Ecclesia,
3918 2539 3983 2594 01
4013 2531 4265 2615 Legato
4313 2539 4378 2595 et
4425 2533 4804 2598 bononiensi

1171 2636 1473 2724 episcopo
1519 2640 1938 2704 consistentes
1985 2646 2313 2725 ceperunt,
2346 2647 2408 2703 et
2449 2639 2810 2725 spoliarunt
2856 2636 3199 2701 nonnullos
3246 2657 3330 2699 ex
3377 2636 3468 2699 eis
3511 2636 3863 2702 familiares
3896 2638 4187 2723 ejusdem
4218 2638 4639 2705 bononiensis
4669 2643 4804 2728 epi·

1172 2746 1369 2831 scopi,
1404 2746 1749 2810 crudeliter
1780 2747 2166 2827 occidend03
2202 2748 2368 2811 inter
2413 2769 2572 2832 qnos
2622 2744 2947 2832 quondam
2993 2743 3392 2807 Bertrandus
3441 2743 3518 2806 de
3568 2743 3748 2827 Glar,
3797 2743 4136 2810 familiaris
4184 2746 4473 2830 ejusdem
4520 2749 4804 2835 episcopi

1160 2851 1593 2935 bononiensis,
1641 2853 1915 2918 feritatis
1961 2853 2335 2918 detestande
2382 2854 2612 2918 sevitia
2658 2853 3052 2917 evisceratus
3098 2850 3314 2914 extitit
3345 2858 3410 2913 et
3442 2873 3557 2936 per
3589 2851 3794 2915 frusta
3828 2853 4141 2933 00801383,
4176 2855 4445 2940 ejusque
4496 2856 4795 2920 carnibus

1158 2959 1325 3023 datis
1370 2961 1607 3047 partim
1653 2962 1718 3025 in
1766 2983 1980 3026 escam
2026 2961 2327 3043 canibus,
2378 2961 2739 3047 partimque
2788 2958 3125 3045 projectis3
3176 2958 3342 3021 inter
3390 2958 3759 3041 hujusmodi
3815 2960 4268 3024 enormitatum
4332 2961 4792 3048 multiplicatos

1161 3088 1486 3149 excessus,
1536 3067 1833 3132 eumdem
1879 3068 2237 3153 Legatum,
2282 3075 2346 3133 et
2392 3090 2509 3154 per
2554 3089 2700 3130 08111
2749 3066 2986 3129 dictam
3053 3086 3388 3128 romanam
3449 3065 3830 3148 Ecclesiam,
3880 3066 3959 3130 de
4009 3068 4413 3152 possessione
4461 3069 4566 3132 vel
4614 3071 4797 3154 (18831

1157 3174 1447 3259 ejusdem
1508 3175 1787 3240 civitatis
1848 3198 1924 3241 ac
1979 3176 2205 3257 castri,
2256 3176 2633 3255 comitatus,
2683 3173 2991 3237 territorii
3038 3180 3102 3235 et
3150 3171 3477 3235 districtus
3525 3173 4053 3256 bononiensium,
4102 3196 4177 3238 ac
4219 3175 4682 3259 jurisdictionis
4736 3188 4799 3240 et

1150 3282 1394 3365 jurium
1443 3282 1908 3368 predictorum,
1957 3284 2020 3346 in
2070 3304 2198 3368 qua
2241 3283 2643 3369 possessione
2700 3281 2805 3344 vel
2868 3279 3051 3365 quasi
3115 3279 3284 3342 idem
3339 3279 3628 3364 Legatus
3675 3281 3932 3345 nomine
3959 3288 4044 3344 -et
4089 3304 4207 3368 pro
4256 3290 4440 3368 parte
4505 3284 4796 3368 ejusdem

1155 3409 1420 3452 romane
1465 3389 1755 3454 Ecclesie
1802 3390 2041 3454 diutius
2087 3390 2351 3477 pacifice
2398 3398 2461 3453 et
2511 3389 2724 3474 quiete
2773 3388 3006 3469 fuerat,
3040 3394 3104 3450 et
3137 3393 3289 3450 tunc
3321 3388 3518 3450 etiam
3560 3387 3903 3470 existebat,
3938 3389 4245 3472 injuriose
4279 3411 4394 3475 per
4425 3390 4798 3454 violentiam

1155 3495 1564 3580 dejecerunt,
1612 3498 1910 3583 dictaque
1970 3498 2415 3584 possessione,
2466 3498 2567 3561 vel
2618 3496 2831 3581 quasi,
2880 3493 3175 3558 eamdem
3223 3515 3562 3558 romanam
3608 3495 3969 3559 Ecclesiam
4016 3497 4376 3582 spoliarunt
4424 3506 4486 3562 et
4533 3498 4797 3585 spoliari

1154 3603 1646 3687 mandaverunt,
1693 3628 1809 3670 308
1854 3606 2279 3690 dejectionem
2324 3612 2387 3669 et
2433 3604 2885 3690 spoliationem
2931 3602 3013 3666 ab
3063 3602 3210 3685 alijs
3257 3600 3498 3666 factam
3546 3610 3755 3666 ratam
3804 3602 4189 3684 habuerunt,
4234 3605 4598 3691 dictamque
4651 3628 4797 3691 pos·

1155 3711 1524 3794 sessionem,
1574 3734 1686 3776 308
1730 3713 1934 3798 qnasi,
1968 3712 2266 3793 civitatiS,
2315 3712 2675 3791 comitatus,
2725 3709 3054 3793 territorij,
3105 3731 3178 3772 80
3229 3709 3575 3793 (1131110183,
3625 3731 3701 3773 80
3741 3710 4210 3794 jurisdictionis
4255 3720 4320 3776 et
4360 3713 4604 3797 jurium
4650 3735 4795 3799 pre·

1154 3817 1469 3883 dictorum
1516 3820 1694 3884 velut
1739 3821 2005 3884 alienati
2050 3820 2189 3904 filij,
2240 3841 2366 3883 non
2415 3818 2819 3882 attendentes
2868 3839 3062 3903 quam
3109 3816 3339 3880 durum
3388 3818 3626 3881 existat
3674 3824 3897 3882 contra
3947 3819 4274 3882 stimulum
4322 3820 4679 3902 calcitrare,
4731 3821 4794 3883 in

1154 3926 1444 4010 ejusdem
1504 3928 1793 3993 Ecclesie
1855 3929 2308 3993 contumeliam
2371 3948 2719 4013 occupare,
2769 3933 2833 3989 01
2898 3947 2982 3990 ex
3045 3934 3196 3989 tunc
3254 3933 3634 4011 occupatam
3683 3934 3900 4000 tenere
3949 3935 4432 4012 presumserunt
4478 3928 4790 4014 nequiter,

1157 4040 1221 4095 et
1252 4042 1662 4119 presumunt3
1698 4036 2048 4121 quinimmo
2096 4035 2311 4099 furore
2360 4034 2744 4099 damnabilis
2792 4033 3234 4097 commotionis
3282 4033 3557 4116 accensi,
3592 4032 3835 4097 dictum
3880 4042 4182 4117 castrum,
4213 4057 4329 4121 per
4374 4035 4616 4099 dictum
4661 4036 4791 4099 Le·

1155 4147 1380 4224 gatum
1424 4163 1541 4228 pro
1587 4142 1759 4207 dicta
1806 4164 2075 4207 romana
2119 4142 2413 4206 Ecclesia
2460 4164 2586 4206 non
2638 4142 2776 4205 sine
2821 4141 3073 4225 magnis
3121 4140 3424 4225 expensis
3483 4161 3676 4226 opere
3739 4142 3970 4205 decoro
4024 4150 4480 4225 constructum,
4529 4143 4788 4207 fuerunt

1159 4246 1447 4312 funditus
1493 4249 1781 4314 demoliti
1829 4252 1893 4314 in
1932 4272 2200 4336 gravem
2245 4251 2595 4336 apostolice
2646 4249 2830 4313 Sedis
2878 4248 3182 4331 injuriam
3229 4255 3294 4310 et
3325 4255 3800 4333 contemptum3
3840 4257 3904 4312 et
3937 4250 4084 4313 licet
4117 4250 4488 4334 hujusmodi
4522 4272 4786 4336 aggres-

1154 4353 1270 4436 310,
1319 4355 1588 4440 011311110,
1622 4356 1916 4441 dejectio,
1951 4358 2248 4443 spoliatio
2296 4365 2361 4421 et
2407 4356 2700 4442 expulsio
2748 4363 2812 4419 et
2857 4355 3167 4418 nonnulla
3213 4376 3298 4418 ex
3343 4355 3491 4438 alijs
3540 4354 3934 4419 facinoribus
3972 4357 4267 4441 superius
4310 4358 4626 4420 enarratis
4669 4379 4784 4443 per

1151 4462 1476 4546 prefatum
1522 4463 1981 4530 bononiensem
2026 4466 2335 4552 populum
2383 4466 2690 4530 adversus
2736 4463 3030 4528 eamdem
3066 4484 3399 4527 romanam
3447 4462 3809 4527 Ecclesiam
3840 4463 4207 4550 dictumque
4238 4465 4563 4550 Legatum
4610 4465 4785 4530 dete·

1158 4570 1403 4633 standis
1449 4578 1513 4634 et
1557 4573 1889 4658 sacrilegis
1936 4573 2199 4637 ausibus
2243 4579 2613 4658 perpetrata
2660 4570 2822 4634 adeo
2869 4591 2984 4656 per
3029 4569 3355 4655 publicam
3401 4569 3557 4633 facti
3605 4570 3999 4635 evidentiam
4045 4580 4260 4635 essent
4307 4572 4578 4654 notoria,
4618 4573 4788 4658 quod

1150 4676 1329 4740 nulla
1391 4685 1689 4763 poterant
1749 4681 2281 4765 tergiversatione
2342 4679 2573 4762 celari,
2619 4678 2790 4742 idem
2851 4685 3065 4742 tamen
3130 4677 3545 4762 predecessor
3607 4699 3692 4740 ex
3752 4678 4306 4761 superabundanti
4354 4679 4432 4743 de
4481 4687 4546 4743 et
4593 4701 4789 4766 super

1149 4785 1401 4848 notoria
1445 4785 1770 4849 evidentia
1816 4808 2197 4851 excessuum
2240 4786 2671 4872 predictorum
2719 4806 2835 4870 per
2883 4785 3116 4848 multos
3165 4805 3398 4868 magne
3448 4785 3852 4849 auctoritatis
3903 4785 4095 4868 virOS,
4129 4794 4193 4850 et
4235 4793 4431 4850 testes
4465 4787 4626 4850 alios
4659 4787 4784 4851 fide

1150 4890 1400 4977 dignos,
1450 4894 1559 4978 qui
1603 4901 1934 4980 presentes
1980 4895 2043 4958 in
2091 4895 2263 4959 dicta
2310 4895 2569 4959 civitate
2616 4901 2767 4957 tunc
2815 4893 3092 4974 fuerant,
3143 4891 3667 4957 informationem
3715 4894 3956 4978 recepit
4002 4901 4265 4976 certam,
4315 4894 4676 4979 plenariam
4721 4904 4786 4959 et

1146 4997 1422 5082 fidelem,
1455 5001 1749 5086 quamvis
1794 5009 2057 5087 propter
2103 5002 2663 5088 supervenientem
2710 5001 2852 5084 ejus
2900 5000 3146 5064 obitum
3193 5021 3387 5085 super
3433 5001 3783 5086 premissis,
3818 5007 4008 5086 prout
4041 5001 4291 5084 justitie
4324 5001 4613 5065 debitum
4644 5004 4782 5066 exi-

1144 5106 1360 5191 gebat,
1386 5107 1734 5193 procedere
1765 5109 2035 5173 ulterius
2068 5109 2479 5195 nequivisset.
2505 5108 2663 5173 Post
2694 5109 2878 5192 cujus
2909 5107 3261 5189 decessum,
3288 5129 3401 5171 nos
3435 5107 3649 5172 divine
3684 5108 4084 5194 providentie
4119 5129 4382 5172 munere
4415 5109 4498 5173 ad
4530 5109 4780 5195 apicem

1152 5214 1385 5277 summi
1433 5216 1834 5301 apostolatus
1880 5217 2212 5303 assumpti,
2247 5223 2382 5280 tam
2428 5215 2687 5280 eosdem
2734 5236 3038 5280 excessus
3084 5236 3278 5300 quam
3325 5216 3666 5300 preteritas
3699 5215 3966 5299 injurias
4000 5222 4064 5278 et
4096 5214 4395 5299 offensas,
4429 5237 4589 5301 quas
4623 5217 4787 5281 sicut

1147 5319 1342 5405 fama,
1375 5322 1480 5386 vel
1514 5324 1729 5387 verius
1775 5323 1973 5388 refert
2011 5323 2299 5406 infamia,
2335 5323 2487 5388 dicti
2517 5322 2944 5387 bononienses
2994 5322 3316 5386 nonnullis
3366 5322 3514 5405 alijs
3564 5322 4015 5387 Cardinalibus
4072 5324 4364 5407 ejusdem
4410 5330 4632 5387 sancte
4682 5346 4783 5387 ro-

1147 5450 1335 5492 mane
1382 5429 1671 5495 Ecclesie
1719 5432 2068 5517 apostolice
2116 5431 2300 5496 Sedis
2331 5430 2597 5516 Legatis
2631 5429 2868 5494 inferre
2916 5428 3274 5515 nephandis
3323 5428 3586 5492 ausibus
3635 5438 4183 5515 presumpserunt,
4219 5430 4309 5493 ita
4342 5431 4513 5515 quod
4544 5432 4685 5515 jam
4717 5431 4784 5493 in

1147 5556 1355 5618 usum,
1388 5536 2042 5624 consuetudinemque
2089 5538 2474 5623 sacrilegam
2520 5538 2969 5623 aggressiones
3015 5544 3081 5600 et
3125 5536 3555 5601 insecutiones
3594 5534 3910 5600 dictorum
3943 5536 4386 5600 Cardinalium
4431 5537 4782 5601 deduxisse

1144 5640 1473 5706 videretur
1519 5642 1585 5706 in
1631 5646 1981 5730 apostolice
2029 5644 2558 5709 considerationis
2604 5644 2982 5709 scrutinium
3029 5644 3436 5724 deducentes,
3471 5643 3622 5707 licet
3664 5642 4035 5707 eorumdem
4066 5664 4448 5708 excessuum
4479 5646 4773 5709 cumulus

1144 5747 1586 5834 multiplicem,
1627 5749 2029 5835 celeremque
2076 5751 2451 5836 deposceret
2492 5751 2739 5834 justitie
2788 5750 3117 5833 ultionem,
3153 5757 3369 5814 tamen
3419 5748 3858 5813 misericordia
3905 5750 3971 5812 in
4016 5750 4202 5814 nobis
4249 5751 4780 5836 superexaltante

1141 5855 1480 5938 judicium,
1529 5856 1795 5942 zeloque
1843 5857 2126 5921 zelantes
2172 5857 2446 5921 salutem
2493 5858 2800 5943 ipsorum,
2847 5880 2923 5923 ac
2969 5865 3302 5944 sperantes
3365 5857 3535 5942 qnod
3583 5878 3698 5943 per
3745 5857 4122 5942 patientiam
4170 5863 4456 5921 nostram
4500 5856 4578 5921 de
4626 5879 4773 5943 pre·

1146 5961 1332 6025 dictis
1383 5984 1607 6027 eorum
1651 5964 2023 6029 excessibus
2067 5965 2169 6028 usi
2213 5965 2454 6029 saniori
2502 5965 2765 6028 consilio
2812 5965 3191 6051 penitentes,
3226 5966 3308 6029 ad
3348 5964 3755 6029 devotionem
3794 5972 3858 6028 et
3904 5963 4336 6028 obedientiam
4383 5972 4668 6028 nostram
4718 5975 4781 6029 et

1149 6069 1442 6154 ejusdem
1488 6092 1751 6136 romane
1784 6071 2075 6136 Ecclesie
2107 6072 2326 6158 pronis
2358 6078 2423 6135 et
2453 6071 2701 6136 devotis
2733 6073 2962 6136 animis
2993 6080 3375 6156 remearent,
3410 6071 3670 6137 eosdem
3701 6072 4140 6136 Bononienses
4174 6070 4253 6134 de
4285 6070 4568 6135 uberiori
4598 6073 4770 6157 ejus-

1144 6177 1291 6242 dem
1339 6177 1630 6242 Ecclesie
1675 6179 1887 6264 gratia
1919 6185 2053 6243 tam
2084 6201 2199 6265 per
2231 6186 2483 6244 nostras
2528 6179 2749 6243 literas
2796 6180 3128 6266 3110018103,
3164 6202 3357 6266 quam
3397 6201 3514 6266 per
3560 6179 3858 6244 eumdem
3890 6179 4302 6243 Cardinalem
4334 6180 4538 6242 sancti
4571 6179 4776 6244 Marci

1140 6293 1298 6350 tuuc
1340 6285 1897 6371 archiepiscopum
1941 6285 2470 6370 ebredunensem,
2505 6293 2569 6350 et
2600 6286 2830 6351 iterato
2864 6295 3014 6352 tunc
3048 6288 3113 6351 in
3145 6287 3437 6374 partibus
3472 6287 3598 6351 illis
3630 6286 3921 6372 ejusdem
3956 6284 4139 6349 Sedis
4173 6286 4496 6369 nuncium,
4529 6289 4778 6351 monui-

1138 6414 1316 6474 mus,
1364 6392 1816 6478 requisivimus
1864 6400 1929 6456 et
1976 6393 2283 6457 attentius
2330 6392 2568 6457 fuimus
2612 6394 2958 6478 exhortati,
3006 6396 3098 6460 eis
3146 6418 3304 6460 sano
3351 6403 3748 6482 paternoque
3797 6393 4061 6458 consilio
4118 6392 4461 6458 suadentes
4514 6401 4586 6457 ut
4631 6417 4777 6481 pre-

1138 6499 1351 6564 missis
1397 6507 1462 6563 et
1506 6498 1654 6583 alijs
1702 6519 1826 6584 que
1874 6499 1966 6563 eis
2013 6499 2185 6563 circa
2244 6500 2363 6564 hec
2423 6508 2684 6585 possent
2746 6523 3082 6567 occurrere
3147 6504 3630 6569 consideranter
3692 6502 3989 6584 attentis,
4039 6522 4166 6565 non
4230 6501 4778 6587 procrastinarent
