5542 7775
1521 637 1983 688 SPECTANTIA
2040 638 2143 688 AD
2200 638 2710 689 PROFESSORES
2765 640 2977 690 JURIS
3036 638 3390 690 CANONICI
4120 619 4266 690 193

637 798 990 859 conventus
1037 790 1306 856 ecclesie
1355 801 1575 856 sancte
1624 791 1831 856 Maris
1877 792 2082 875 Nove,
2121 799 2191 856 ut
2238 792 2402 857 dixit
2448 791 2760 857 contineri
2810 793 3234 857 instrumento
3282 793 3519 880 scripto
3568 814 3763 858 manu
3807 793 4273 880 Bartholomey

638 899 1028 966 Cessallonis
1077 898 1343 983 uotarij,
1391 898 1833 984 procuratorio
1881 899 2137 964 nomine
2186 899 2338 964 dieti
2386 906 2775 982 conventus,
2824 899 2946 964 fuit
2992 900 3324 966 confessus
3365 907 3430 965 et
3474 906 3811 966 contentus
3858 901 4160 966 habuisse
4208 908 4273 966 et

636 1007 955 1094 recepisse
1002 1012 1258 1071 centum
1308 1006 1509 1070 libras
1555 990 2042 1071 bononenorum
2086 1027 2126 1071 a
2172 1006 2429 1071 domino
2490 1007 2908 1093 Rodulphiuo
2957 1007 3036 1072 de
3082 1007 3459 1093 Ungarellis
3520 1007 3807 1091 notario,
3853 1015 4269 1094 procuratore

637 1114 1025 1180 venerabilis
1072 1113 1276 1200 patris
1331 1112 1574 1177 domini
1621 1112 1810 1200 Opizi
1863 1112 2148 1200 episcopi
2194 1114 2582 1200 parmensis,
2629 1113 3162 1201 fideycomissarij
3226 1121 3291 1179 et
3353 1115 3717 1180 executoris
3778 1116 4147 1180 testamenti
4209 1124 4275 1181 et

632 1223 857 1288 ultime
905 1221 1256 1287 voluntatis
1304 1220 1597 1305 magistri
1641 1219 1685 1285 J
1689 1220 1875 1285 acobi
1920 1221 2213 1286 canonici
2258 1220 2591 1305 Bononie3
2639 1242 2802 1307 quas
2867 1229 3124 1287 centum
3186 1222 3386 1287 libras
3448 1222 3802 1309 reliquerat
3852 1223 4002 1308 jure
4069 1223 4272 1309 legati

636 1331 803 1395 dicte
850 1329 1119 1394 ecclesie
1166 1335 1232 1392 et
1277 1326 1749 1410 conventus(¹),
1781 1335 1853 1392 ut
1882 1334 2064 1415 patet
2105 1328 2172 1393 in
2217 1334 2603 1394 testamento
2617 1351 2773 1413 suo,
2809 1330 3046 1416 scripto
3080 1351 3275 1395 manu
3308 1329 3700 1395 Thomaxini
3728 1329 4001 1394 Armani
4035 1330 4272 1416 notarij

634 1460 718 1503 ex
766 1438 1190 1502 instrumento
1238 1435 1407 1500 dicte
1453 1435 1860 1519 confesionis,
1894 1436 2132 1522 scripto
2167 1457 2362 1500 manu
2394 1437 2818 1523 suprascriptj
2854 1437 3111 1521 notarij,
3154 1436 3325 1502 facto
3359 1436 3531 1501 dicta
3570 1437 3693 1520 die,
3727 1437 4133 1523 presentibus
4166 1459 4272 1502 su-

633 1544 1009 1632 prascriptis
1055 1543 1328 1608 testibus
1375 1541 1665 1607 inferiori
1709 1543 1971 1629 pagina,
2020 1549 2085 1608 et
2132 1543 2224 1608 sic
2269 1550 2461 1630 prout
2507 1544 2579 1608 fit
2626 1551 2693 1608 et
2737 1544 2932 1610 scribi
2979 1545 3151 1610 fecit.

812 1652 938 1717 Die
980 1651 1151 1737 jovis
1197 1650 1363 1735 xiiij.
1413 1651 1695 1715 intrante
1742 1650 2086 1715 decembri.
2120 1653 2225 1726 OE‘
2240 1650 2558 1716 Dominus
2602 1651 2988 1717 Franciscus
3036 1652 3115 1716 de
3161 1651 3538 1738 Ungarellis
3584 1651 3663 1717 de
3710 1652 4028 1736 Bononia,
4063 1652 4273 1717 archi-

632 1760 952 1848 presbiter
995 1758 1204 1845 plebis
1250 1757 1329 1822 de
1378 1757 1684 1841 Cornilia,
1715 1758 2075 1844 parmensis
2121 1757 2414 1840 diocesis,
2449 1757 2743 1823 dominus
2791 1758 3250 1846 Rudulpbinus
3298 1758 3377 1823 de
3423 1758 3799 1845 Ungarellis
3839 1757 3919 1824 de
3949 1758 4268 1843 Bononia,

631 1872 1082 1955 procuratores
1114 1864 1504 1930 venerabilis
1535 1865 1737 1952 patris
1769 1864 2013 1931 domini
2047 1865 2374 1952 Opizonis,
2399 1866 2526 1930 Dei
2557 1866 2769 1951 gratia
2802 1866 3160 1952 parmensis
3201 1865 3506 1953 episcopi,
3540 1873 3919 1931 executores
3960 1875 4023 1931 et
4069 1866 4269 1953 fidey-

636 1974 992 2058 comissarij
1038 1972 1207 2037 bone
1255 1972 1559 2037 memorie
1606 1973 1995 2037 venerabilis
2043 1972 2165 2037 viri
2210 1973 2505 2058 magistri
2549 1973 2593 2039 J
2597 1973 2783 2038 acobi
2829 1973 3119 2038 canonici
3150 1973 3584 2056 bononiensis,
3619 1973 4021 2037 decretorum
4055 1973 4274 2039 docto-

638 2084 723 2147 ris
770 2103 846 2146 ac
892 2080 1204 2145 auditoris
1250 2079 1795 2144 contradictarum
1839 2079 2081 2143 domini
2127 2080 2328 2166 Pape,
2379 2129 2726 2145 ......
2778 2081 3055 2145 confessi
3102 2086 3166 2144 et
3213 2081 3495 2145 contenti
3542 2080 3805 2144 fuerunt
3849 2102 3918 2144 se
3966 2080 4273 2146 habuisse

635 2196 700 2254 et
745 2187 1065 2274 recepisse
1113 2208 1153 2251 a
1199 2186 1400 2251 fratre
1447 2186 1491 2252 J
1494 2187 1695 2251 acobo
1738 2185 2106 2271 Galignauo
2139 2185 2218 2249 de
2249 2187 2606 2270 Provintia,
2638 2188 2854 2273 priore
2888 2187 3146 2272 collegii
3176 2187 3480 2252 Fratrum
3510 2186 3968 2252 Umiliatorum
4000 2187 4271 2253 ecclesie

635 2295 845 2361 sancti
889 2294 1122 2361 Jacobi
1168 2294 1248 2358 de
1298 2293 1541 2359 Savina
1587 2292 1666 2357 de
1711 2293 2030 2376 Bononia,
2080 2341 2431 2359 ......
2480 2294 2655 2359 mille
2701 2294 2903 2358 libras
2948 2294 3454 2360 bononenorum.

805 2402 971 2467 Item
1018 2402 1153 2486 xvj.
1195 2402 1415 2484 libras,
1465 2401 1649 2485 xviij.
1683 2401 1922 2465 solidos
1955 2409 2019 2464 et
2065 2401 2155 2485 vj.
2189 2401 2487 2466 denarios
2534 2401 3042 2485 bononenorum,
3076 2423 3237 2488 quas
3276 2401 3517 2466 dictum
3565 2401 3909 2487 collegium
3956 2402 4273 2468 dictorum

633 2510 909 2574 fratrum
956 2509 1208 2574 solvere
1256 2508 1618 2573 tenebatur.

813 2615 980 2681 Item
1025 2638 1222 2680 unam
1271 2616 1496 2681 robam
1542 2615 1621 2679 de
1669 2615 1924 2679 suriano
1973 2615 2315 2701 integram.

813 2723 980 2788 Item
1027 2745 1144 2788 sex
1190 2729 1454 2809 vegetes
1501 2722 1579 2787 de
1629 2723 1812 2788 bozo.

812 2830 980 2895 Item
1028 2830 1188 2895 duos
1236 2831 1507 2918 pilactos
1553 2830 1633 2895 de
1679 2851 1859 2895 varo.

813 2937 981 3003 Item
1027 2959 1226 3003 unum
1273 2938 1683 3023 guarnellum
1729 2936 1809 3001 de
1855 2936 2065 3001 bruna
2112 2959 2257 3003 cum
2305 2959 2484 3002 varo.

812 3045 979 3110 Item
1025 3066 1225 3109 unum
1274 3045 1655 3109 mantellum
1701 3044 1780 3108 de
1831 3066 2020 3130 perso
2068 3066 2213 3109 cum
2258 3067 2388 3109 uua
2437 3044 2755 3109 radixina.

813 3152 980 3216 Item
1026 3173 1226 3216 unum
1274 3152 1614 3238 capucium
1661 3172 1804 3215 cum
1853 3172 2032 3215 varo,

806 3258 973 3325 Item
1019 3281 1079 3323 v.
1129 3259 1383 3345 toaglas
1431 3264 1471 3322 a
1518 3258 1717 3323 discO.

812 3366 980 3431 Item
1023 3366 1136 3452 vij.
1186 3366 1617 3452 manutergia.
1957 3449 1963 3454 .

813 3473 981 3537 Item
1028 3495 1224 3538 unam
1271 3473 1605 3559 thoaglam
1652 3495 1691 3537 a
1739 3473 1914 3537 disco
1962 3473 2401 3559 gulendatam.

813 3580 981 3645 Item
1027 3580 1165 3665 viij.
1215 3580 1591 3668 capitergia.

808 3686 976 3752 Item
1021 3688 1135 3772 vij.
1182 3688 1582 3752 linteamina.

811 3794 979 3859 Item
1025 3816 1222 3859 unam
1270 3795 1603 3860 cortinam.

813 3903 983 3968 Item
1030 3925 1227 3968 unum
1276 3904 1707 3990 copertorium
1754 3903 1833 3968 de
1881 3904 2096 3991 vulpe.

814 4011 981 4076 Item
1022 4012 1073 4095 j.
1122 4011 1500 4076 mantellum
1548 4011 1628 4075 de
1673 4011 1903 4075 bruna.

812 4118 980 4183 Item
1028 4118 1097 4203 ij.
1145 4118 1388 4204 ydrias.

813 4224 980 4290 Item
1028 4225 1121 4310 iij.
1171 4225 1428 4290 cusinos
1476 4232 1596 4290 etc.

2293 4652 2610 4719 xxxvl.

2100 4868 2294 4952 1279,
2343 4868 2433 4933 23
2477 4869 2825 4935 decenbris.

1514 5079 1621 5144 Ex
1667 5080 1866 5145 Arch.
1914 5080 2092 5145 Max.
2140 5081 2329 5166 bon.,
2380 5081 2448 5146 in
2497 5081 2962 5147 Memorialibus
3013 5080 3390 5167 Communis,

1309 5187 1502 5252 Mem.
1551 5187 1913 5273 Bonjacobi
1959 5188 2286 5274 quondam
2331 5189 2601 5275 Ugolini
2648 5188 3048 5273 Guizardini,
3097 5210 3151 5255 c.
3205 5191 3280 5254 71
3335 5211 3386 5254 r.
3436 5195 3501 5254 et
3545 5210 3608 5254 v.

811 5402 938 5467 Die
985 5403 1197 5468 sabati
1242 5400 1459 5489 xxiij?
1505 5404 1744 5468 mensis
1791 5403 2149 5469 decembris
2198 5404 2671 5491 [mcclxxviiij]

811 5513 916 5586 OE‘
939 5509 1103 5575 Cum
1147 5509 1243 5574 lix
1290 5517 1356 5575 et
1402 5510 1653 5597 questio
1694 5517 2056 5576 verteretur
2086 5518 2152 5577 et
2183 5512 2412 5577 fuisset
2443 5512 2684 5576 diutius
2716 5512 2966 5598 agitata
2997 5511 3166 5576 inter
3196 5511 3635 5576 venerabilem
3665 5517 3917 5599 patrem
3946 5511 4277 5577 dominum

637 5618 1088 5702 Octavianum,
1130 5617 1257 5683 Dei
1306 5619 1520 5705 gratia
1564 5619 1858 5684 Bononie
1907 5619 2300 5707 episcopum,
2349 5627 2415 5685 et
2460 5620 2905 5708 episcopatum
2950 5619 3267 5702 Bononie,
3308 5626 3374 5685 et
3419 5640 3641 5684 eorum
3694 5619 3973 5685 sindicos
4019 5625 4086 5685 et
4128 5641 4276 5708 pro·

636 5732 965 5791 curatores
1013 5746 1097 5790 ex
1142 5732 1327 5812 parte
1375 5747 1541 5810 una,
1590 5734 1656 5791 et
1703 5725 2056 5792 Commune
2117 5734 2184 5791 et
2244 5727 2537 5792 homines
2582 5734 2647 5792 et
2692 5726 3058 5813 singulares
3104 5747 3414 5814 personas
3462 5735 3528 5792 et
3573 5727 4061 5792 universitatem
4105 5733 4278 5793 terre

634 5832 883 5897 Unzole
917 5838 982 5897 et
1013 5854 1232 5898 eorum
1266 5840 1716 5920 procuratores
1749 5839 1815 5897 et
1845 5833 2125 5899 sindicos
2160 5855 2244 5899 ex
2274 5841 2460 5920 parte
2494 5835 2648 5899 allia
2681 5834 2746 5898 in
2781 5833 2895 5918 [et]
2928 5855 3123 5922 super
3153 5855 3230 5899 eo
3263 5834 3433 5921 quod
3475 5834 3646 5899 idem
3659 5835 4064 5900 wenerabilis
4094 5842 4282 5921 pater

636 5947 701 6004 et
747 5941 888 6024 ejus
936 5939 1164 6005 sindici
1210 5939 1512 6005 dicebant
1559 5939 1729 6026 quod
1777 5961 2000 6006 omnes
2046 5948 2253 6006 terras
2299 5941 2550 6007 Unzole
2605 5948 2672 6006 et
2731 5943 2875 6026 ejus
2938 5941 3114 6007 curie
3175 5948 3239 6007 et
3301 5941 3664 6026 districtus,
3714 5949 3779 6006 et
3838 5940 4276 6028 possessiones

638 6067 861 6111 earum
907 6046 1196 6112 comunis
1244 6053 1308 6112 et
1353 6048 1795 6112 universitatis
1841 6048 2116 6135 predicti
2164 6070 2304 6114 esse
2350 6070 2681 6136 possessas
2728 6070 2847 6136 per
2893 6070 3163 6114 comune
3211 6055 3276 6114 et
3320 6049 3611 6114 homiues
3643 6048 3934 6134 ejusdem
3963 6048 4278 6113 universi-

636 6155 810 6238 tatis,
859 6159 1151 6241 spectare
1191 6155 1338 6239 jure
1386 6154 1691 6240 dominij,
1740 6155 1843 6219 vel
1891 6154 2112 6241 quasi,
2162 6163 2226 6221 et
2271 6155 2355 6221 ad
2400 6156 2846 6243 episcopatum
2900 6156 3363 6222 bononiensem
3424 6156 3726 6222 renovari
3787 6155 4023 6221 debere
4085 6156 4277 6221 certis

637 6262 1059 6349 temporibus,
1093 6261 1321 6347 modis,
1353 6262 1561 6349 pactis
1607 6269 1675 6327 et
1719 6262 2193 6328 conditionibus
2240 6263 2324 6328 ab
2372 6264 2512 6351 ipso
2558 6263 2820 6329 domino
2867 6264 3170 6351 episcopo
3216 6270 3282 6328 et
3327 6263 3705 6351 episcopatu
3742 6262 4034 6328 Bononie
4066 6269 4132 6327 et
4161 6283 4280 6350 pro

796 6491 874 6557 (1)
915 6489 1019 6542 Sic.

941 6700 1077 6740 rou.
1114 6702 1180 6740 11.
4047 6691 4114 6742 2⁵
