5542 7775
1306 601 1336 668 1
1355 599 1395 667 9
1410 598 1452 668 4
2868 618 3344 669 Mommx'm

1301 772 1565 836 decimis
1613 773 1956 838 subtractis
2005 772 2126 859 ipsi
2175 773 2434 837 domino
2484 772 2787 859 episeopo
2835 779 2897 836 et
2944 773 3345 860 episcopatui
3399 773 3725 857 Bononie,
3774 782 3837 839 et
3885 775 4182 862 dampnis
4228 783 4291 839 et
4339 776 4593 861 injuriis
4641 777 4939 863 irrogatis

1301 880 1529 963 eidem,
1574 886 1644 955 et
1678 880 2234 965 jurisdictionibus
2282 880 2627 944 subtractis
2677 881 2888 944 eidem
2935 887 3175 944 certam
3225 903 3541 945 summam
3589 889 3653 946 et
3701 904 4004 968 magnam
4052 883 4479 969 quantitatem
4526 886 4796 971 pecunie
4842 908 4938 950 re-

1300 988 1598 1072 quirebat
1645 1009 1683 1050 a
1732 988 1917 1052 dictis
1964 988 2331 1052 hominibus
2380 994 2447 1051 et
2493 987 2938 1069 universitate,
2972 994 3035 1050 et
3084 988 3345 1074 petebat
3392 1010 3431 1051 a
3478 988 3664 1053 dictis
3711 989 4078 1053 hominibus
4111 997 4176 1053 et
4206 990 4626 1055 universitate
4658 991 4938 1057 decimas

1296 1094 1702 1180 integraliter
1747 1095 1826 1158 de
1875 1095 2170 1159 omnibus
2218 1095 2534 1159 fructibus
2583 1101 2903 1158 terrarum
2950 1103 3014 1158 et
3059 1095 3538 1181 possessionum
3584 1117 4027 1183 possessarum
4073 1097 4155 1160 ab
4197 1097 4566 1162 hominibus
4599 1097 4766 1163 dicte
4799 1102 4935 1164 uui·

1299 1202 1624 1266 versitatis
1672 1202 1737 1265 in
1786 1202 2050 1288 campis,
2084 1210 2150 1266 et
2195 1202 2493 1267 domibus
2542 1225 2657 1289 pro
2706 1203 2847 1288 ipso
2896 1202 3269 1289 episcopatu
3320 1210 3383 1267 et
3431 1224 3626 1289 super
3666 1203 4113 1287 jurisdictione
4161 1204 4695 1292 condempnandi,
4729 1212 4793 1270 et
4825 1228 4938 1293 pu-

1296 1309 1515 1374 niendi
1564 1309 1880 1374 maleficia
1927 1316 1990 1373 et
2038 1309 2319 1396 dampna
2367 1317 2430 1374 et
2477 1309 2769 1394 injurias,
2806 1317 2871 1373 et
2903 1331 3095 1396 super
3127 1310 3533 1396 processibus
3568 1310 3753 1375 factis
3787 1333 3902 1397 per
3935 1310 4143 1397 ipsum
4176 1311 4503 1376 dominum
4546 1312 4934 1399 episcopum,

1297 1424 1361 1481 et
1408 1417 1873 1503 Episcopatum
1919 1425 1983 1480 et
2029 1417 2170 1502 ejus
2212 1417 2500 1501 judicem
2545 1424 2608 1481 et
2658 1416 2993 1499 familiam,
3028 1424 3091 1481 et
3124 1438 3318 1503 super
3357 1417 3705 1482 honeribus
3754 1439 3883 1481 non
3931 1418 4334 1505 imponendis
4382 1440 4421 1483 a
4465 1418 4637 1483 dicta
4684 1420 4937 1485 univer-

1298 1524 1488 1589 sitate
1537 1524 2062 1605 castaldionibus,
2112 1524 2405 1608 notarijs,
2451 1524 2715 1608 nuntijs,
2749 1524 3011 1587 decanis
3058 1532 3121 1588 et
3171 1524 3678 1610 quibuscumque
3726 1524 4092 1589 nominibus
4140 1533 4544 1609 censeantur,
4579 1547 4739 1612 quos
4772 1526 4939 1591 idem

1294 1632 1685 1696 venerabilis
1732 1639 1918 1718 pater
1964 1631 2260 1695 dominus
2308 1633 2647 1719 episcopus
2693 1632 2973 1713 habere,
3016 1640 3269 1714 tenere,
3319 1632 3422 1695 vel
3472 1632 3702 1715 etiam,
3753 1632 4064 1719 deputare
4121 1633 4185 1696 in
4233 1632 4407 1697 dicta
4470 1641 4643 1698 terra
4692 1633 4938 1700 Unzole

1294 1739 1375 1804 de
1422 1739 1595 1804 dicta
1643 1739 2098 1822 universitate,
2146 1746 2212 1802 et
2259 1761 2453 1826 super
2515 1738 2868 1825 potestaria
2930 1745 2993 1802 et
3049 1738 3496 1823 jurisdictione
3559 1740 3701 1824 ejus
3763 1739 4126 1804 exercenda
4171 1740 4239 1804 in
4287 1740 4491 1804 dictos
4536 1740 4828 1805 homines
4873 1749 4936 1807 et

1294 1848 1784 1911 universitatem
1830 1846 2033 1911 donec
2100 1855 2270 1911 esset
2334 1848 2672 1933 episcopus
2721 1847 2888 1910 idem
2946 1846 3335 1911 venerabilis
3394 1855 3581 1932 pater
3626 1847 3922 1910 dominus
3983 1846 4432 1931 O[ctavianus]
4488 1869 4682 1934 super
4727 1857 4935 1915 castro

1295 1962 1360 2019 et
1407 1954 1816 2019 habitacione
1864 1954 2056 2018 castri
2105 1954 2273 2018 dicte
2306 1961 2497 2037 terre,
2530 1962 2594 2018 et
2627 1953 3032 2040 pertinentiis
3082 1953 3373 2037 ejusdem
3419 1961 3483 2017 et
3530 1953 3734 2017 multa
3767 1954 4007 2037 alia(¹),
4042 1975 4166 2040 que
4213 1953 4469 2019 dicebat
4514 1954 4598 2019 ad
4641 1976 4710 2019 se
4742 1957 4936 2043 perti-

1296 2083 1451 2126 nere
1498 2070 1564 2126 et
1612 2061 1692 2125 ad
1743 2062 1950 2149 ipsum
2000 2062 2479 2148 episcopatum3
2530 2084 2653 2147 que
2703 2061 2962 2147 quidem
3025 2061 3239 2123 omnia
3295 2061 3667 2148 supradicta
3714 2068 3779 2125 et
3825 2061 3887 2124 in
3936 2061 4058 2125 hoc
4103 2069 4435 2126 contractu
4484 2069 4786 2127 contenta
4833 2085 4936 2128 co·

1295 2190 1486 2233 mune
1520 2175 1582 2233 et
1616 2170 1907 2233 homines
1941 2177 2006 2233 et
2036 2169 2489 2232 universitates
2524 2176 2691 2233 terre
2732 2169 3019 2255 predicte
3052 2167 3323 2251 Unzole,
3358 2177 3421 2232 et
3468 2190 3691 2233 corum
3738 2169 3967 2233 sindici
4000 2177 4064 2233 et
4094 2176 4545 2254 procuratores
4587 2170 4935 2255 negabant,

1294 2285 1359 2341 et
1392 2276 1786 2341 contrarium
1819 2277 2213 2341 asserebant.
2245 2278 2357 2340 Set
2389 2276 2648 2340 tandem
2684 2276 3051 2363 supradicte
3084 2283 3302 2361 partes
3336 2276 3763 2340 amicabiliter
3794 2283 3856 2340 et
3890 2275 4291 2340 concorditer
4316 2276 4399 2340 ad
4425 2277 4555 2341 tale
4579 2283 4839 2363 pactum
4873 2286 4937 2341 et

1293 2383 1702 2449 concordiam
1749 2394 2204 2469 pervenerunt,
2253 2383 2588 2446 videlicet:

1471 2490 1659 2565 Quod
1707 2490 2143 2577 possessiones
2191 2491 2496 2555 Comuuis
2545 2497 2608 2553 et
2656 2489 2985 2553 hominum
3034 2498 3203 2554 terre
3236 2490 3508 2573 Unzole,
3545 2512 3667 2576 que
3716 2491 3840 2554 huc
3887 2510 4091 2575 usque
4132 2490 4279 2573 jure
4319 2490 4580 2577 proprio
4613 2497 4764 2555 sunt
4794 2513 4939 2578 pos-

1294 2621 1490 2681 sesse,
1531 2598 1609 2661 dc
1660 2606 1872 2661 cetero
1920 2618 2036 2683 pro
2085 2597 2359 2683 propriis
2406 2597 2770 2661 habeantur
2825 2604 2946 2660 etc.
3001 2597 3452 2661 Possessiones
3507 2618 3661 2660 vero
3725 2617 3848 2682 que
3896 2597 4206 2661 hactenus
4268 2602 4600 2683 tamquam
4645 2597 4941 2684 precarie

1290 2714 1439 2770 sunt
1485 2726 1778 2793 possesse
1827 2704 1909 2768 ab
1971 2704 2334 2768 hominibus
2383 2714 2446 2767 ct
2493 2705 2912 2768 universitate
2961 2704 3287 2791 predictis,
3328 2727 3444 2791 pro
3494 2704 3803 2791 precariis
3848 2704 4233 2789 habeantur,
4282 2712 4345 2769 et
4408 2726 4523 2791 pro
4571 2706 4788 2791 precio
4835 2726 4935 2769 re-

1291 2814 1654 2879 novationis
1703 2812 2020 2876 dictarum
2068 2812 2543 2897 possessionum
2574 2812 3013 2897 precariarum
3062 2811 3294 2875 dentur
3342 2820 3404 2876 et
3453 2813 3787 2875 solvantur
3819 2811 3942 2897 ipsi
3988 2812 4247 2876 domino
4295 2811 4595 2898 episcopo
4643 2812 4748 2875 vel
4794 2813 4936 2898 ejus

1289 2921 1530 2985 vicario
1565 2928 1675 2984 aut
1708 2921 1953 2984 sindico
1987 2941 2102 3005 pro
2138 2919 2426 3004 qualibet
2456 2919 2751 3001 bebulca,
2788 2918 2865 2982 de
2899 2919 2998 2982 his
3033 2940 3155 3004 que
3190 2926 3496 2983 renovate
3531 2940 3659 2982 non
3701 2925 3851 2983 sunt
3890 2939 4005 3006 per
4054 2919 4263 3005 ipsum
4311 2919 4643 2983 dominum
4690 2920 4935 3005 episco-

1289 3050 1463 3115 pum,
1513 3050 1620 3092 xv.
1671 3028 2057 3113 imperiales,
2108 3027 2244 3090 sive
2291 3027 2373 3089 sit
2423 3026 2649 3089 fertilis
2695 3028 2800 3091 vel
2849 3027 3106 3110 sterilis,
3157 3035 3219 3090 et
3270 3050 3393 3091 non
3444 3026 3637 3091 ultra.

1467 3137 1632 3200 Item
1680 3135 2117 3221 possessiones
2166 3135 2407 3198 domini
2454 3134 2736 3221 episcopi
2785 3135 3228 3199 terminentur.

1472 3243 1636 3307 Item
1685 3243 1855 3328 quod
1904 3264 2019 3329 per
2068 3243 2357 3306 homines
2406 3242 2484 3305 de
2533 3242 2785 3306 Unzola
2834 3242 3066 3305 dentur
3113 3251 3177 3306 et
3225 3243 3560 3307 solvantur
3607 3243 3780 3306 omni
3826 3264 3996 3307 anno
4044 3242 4110 3306 in
4154 3242 4318 3307 festo
4359 3242 4564 3307 sancti
4597 3241 4937 3307 Michaelis

1286 3372 1402 3437 pro
1452 3351 1747 3415 omnibus
1795 3357 1859 3414 et
1907 3349 2179 3435 singulis
2228 3349 2521 3431 decimis,
2571 3372 2694 3436 que
2743 3350 3060 3413 debentur
3106 3350 3228 3436 ipsi
3277 3349 3534 3414 domino
3584 3351 3885 3437 episcopo
3947 3358 4011 3414 et
4071 3349 4492 3437 Episcopatui
4552 3349 4932 3414 bononiensi

1286 3465 1545 3522 centum
1592 3457 1930 3522 duodecim
1977 3458 2205 3522 corbes
2254 3458 2406 3521 boni
2453 3457 2781 3522 frumenti.

1464 3565 1632 3630 Item
1680 3566 1851 3651 quod
1899 3565 2114 3630 omnia
2161 3565 2482 3629 maleficia
2530 3587 2653 3650 que
2701 3566 2929 3629 fierent
2980 3565 3144 3629 inter
3204 3565 3495 3630 homines
3560 3566 3638 3630 de
3698 3565 3952 3629 Unzola
4013 3565 4365 3652 puniantur
4423 3585 4541 3650 per
4601 3563 4937 3629 dominum

1284 3674 1658 3761 episcopum
1707 3673 2060 3736 secundum
2107 3672 2381 3737 formam
2416 3680 2480 3736 et
2513 3672 2773 3736 modum
2806 3680 3194 3736 statutorum
3234 3672 3554 3736 factorum
3593 3694 3709 3758 per
3741 3673 3951 3758 ipsum
3984 3671 4315 3736 dominum
4347 3672 4741 3758 episcopum,
4776 3693 4933 3757 quo·

1283 3803 1428 3845 rum
1476 3788 1865 3844 statutorum
1914 3780 2122 3844 forma
2170 3781 2318 3843 talis
2365 3787 2496 3843 est:

1472 3915 1501 3946 (ι
1551 3890 1619 3953 Si
1669 3890 1811 3975 quis
1859 3889 1938 3953 de
1988 3895 2162 3952 terra
2209 3888 2457 3952 Unzole
2505 3887 2752 3952 dederit
2800 3888 2989 3952 alteri
3050 3887 3497 3975 alapatamffl),
3545 3887 3851 3973 puniatur
3897 3893 3962 3951 et
4008 3886 4514 3973 condempnetur
4558 3886 4625 3950 in
4672 3894 4933 3951 centum

1281 3997 1497 4063 soldos
1544 3997 2032 4061 bononenorum
2080 4005 2200 4060 etc.

1465 4133 1492 4160 ¹·
1551 4105 1719 4169 Item
1767 4103 1938 4190 quod
1986 4104 2371 4190 quicumque
2420 4104 2643 4167 allium
2693 4102 3131 4167 vulneraverit
3178 4125 3321 4167 cum
3371 4102 3588 4185 armis,
3624 4101 3932 4188 puniatur
3976 4101 4031 4164 si
4079 4100 4273 4164 fuerit
4319 4100 4384 4164 in
4435 4108 4646 4165 castro
4679 4100 4933 4166 Unzolc

1282 4214 1350 4277 in
1396 4212 1913 4298 vigintiquinque
1963 4211 2161 4274 libras
2208 4211 2713 4293 bononenorum,
2749 4217 2813 4274 et
2861 4217 3047 4274 extra
3095 4217 3376 4274 castrum
3424 4210 3491 4273 in
3537 4231 3646 4273 xv.
3690 4209 3869 4273 libris
3916 4209 4404 4273 bononenorum
4451 4208 4757 4295 puniatur
4803 4215 4928 4274 etc.

1465 4345 1493 4375 »
1552 4320 1719 4384 Item
1769 4318 1938 4404 quod
1989 4319 2373 4405 quicumque
2421 4319 2811 4404 percusserit
2858 4318 3082 4382 allium
3130 4339 3275 4381 cum
3323 4317 3519 4381 armis
3567 4338 3695 4381 non
3743 4316 4039 4380 faciendo
4088 4315 4471 4401 sanguinem
4518 4322 4637 4379 etc.

1552 4427 1717 4490 Item
1765 4426 1934 4512 quod
1984 4427 2368 4512 quicumque
2418 4425 2641 4490 fecerit
2689 4425 2997 4490 insultum
3046 4433 3270 4489 contra
3318 4425 3625 4510 alliquem
3673 4423 3756 4487 ad
3803 4424 4063 4487 domum
4111 4444 4296 4486 suam
4343 4430 4464 4487 etc.

1553 4534 1720 4599 Item
1768 4534 1938 4619 quod
1987 4534 2372 4619 quicumque
2420 4533 2672 4597 furatus
2719 4532 2915 4597 fuerit
2960 4533 3213 4616 bovem,
3262 4534 3367 4596 vel
3409 4533 3776 4616 jumentum
3822 4537 3943 4594 etc.

1552 4643 1718 4707 Item
1767 4642 1938 4727 quod
1988 4642 2372 4727 quicumque
2421 4640 2859 4704 vulneraverit
2906 4640 3167 4725 aliquod
3217 4640 3459 4703 animal
3508 4647 3628 4703 etc.

1550 4750 1718 4814 Item
1767 4748 1936 4834 quod
1985 4747 2369 4834 quicumque
2420 4747 2669 4811 furatus
2717 4746 2913 4810 fuerit
2960 4747 3149 4810 alteri
3196 4747 3469 4811 bestiam
3517 4745 3831 4809 minutam
3877 4753 3998 4810 etc.

1550 4858 1718 4922 Item
1764 4856 1934 4943 quod
1984 4856 2370 4942 quicumque
2415 4855 2690 4919 bestiam
2736 4847 3049 4918 minutam
3096 4853 3536 4918 vulneraverit
3582 4860 3704 4917 etc.

1548 4965 1715 5029 Item
1763 4964 1933 5050 quod
1982 4964 2366 5049 quicumque
2415 4961 2666 5025 furatus
2715 4961 2910 5025 fuerit
2957 4961 3218 5047 aliquod
3265 4961 3529 5025 volatile
3578 4968 3698 5025 etc.

1546 5072 1712 5136 Item
1761 5071 1930 5156 quod
1980 5071 2364 5156 quicumque
2414 5070 2688 5132 alterum
2736 5069 2980 5154 ceperit
3027 5091 3143 5155 per
3189 5068 3457 5154 capillos
3506 5075 3627 5132 etc.

1547 5180 1714 5244 Item
1763 5179 1934 5265 quod
1983 5178 2369 5264 quicumque
2419 5176 2745 5241 Christum
2778 5176 2881 5239 vel
2929 5175 3205 5240 Matrem
3252 5176 3414 5260 ejus,
3449 5183 3728 5259 sanctos,
3760 5174 3866 5239 vel
3907 5182 4163 5239 sanctas
4210 5173 4759 5260 blasphemaverit
4796 5180 4924 5236 etc.

1458 5312 1487 5343 ³·
1547 5288 1712 5351 Item
1762 5287 1934 5373 quod
1981 5286 2180 5372 siquis
2228 5292 2452 5349 contra
2499 5285 2785 5370 aliquam
2832 5305 3172 5370 personam
3222 5283 3437 5369 turpia
3486 5283 3704 5366 verba,
3753 5282 3990 5347 dixerit
4037 5289 4158 5346 etc.
4196 5310 4255 5346 ».

1455 5394 1540 5458 Et
1588 5394 1944 5481 predictam
1987 5393 2501 5477 jurisdictionem
2548 5399 2611 5456 et
2659 5391 3271 5478 condempnationes
3318 5399 3384 5454 et
3429 5391 3629 5454 multe
3677 5390 4152 5477 impositionem
4199 5389 4403 5475 possit
4448 5395 4511 5452 et
4559 5387 4795 5451 debeat
4827 5385 4925 5450 fa-

1279 5522 1424 5566 cere
1474 5501 1644 5564 idem
1691 5501 1987 5564 dominus
2036 5501 2376 5585 episcopus
2423 5506 2484 5563 et
2534 5498 2805 5584 quilibet
2852 5499 2994 5582 ejus
3039 5519 3371 5561 successor
3418 5497 3825 5561 venientibus
3874 5505 4097 5561 contra
4129 5495 4418 5582 predicta
4451 5494 4923 5575 ordinamenta,

1277 5607 1402 5671 nisi
1449 5607 1983 5671 concordaverint
2031 5607 2287 5670 insimul
2337 5605 2507 5669 infra
2553 5605 2724 5668 diem
2775 5605 3065 5690 quintam
3113 5626 3149 5667 a
3199 5605 3301 5668 die
3335 5603 3635 5667 maleficii
3667 5604 4057 5690 perpetrati3
4091 5611 4156 5667 et
4192 5602 4247 5666 si
4280 5602 4447 5665 infra
4480 5601 4720 5665 dictam
4751 5600 4925 5664 diem

1276 5716 1361 5780 ad
1409 5714 1818 5779 concordiam
1864 5713 2295 5801 pervenerint,
2347 5712 2819 5799 condempnare
2869 5734 2995 5776 non
3044 5711 3247 5798 possit
3294 5733 3496 5797 usque
3546 5710 3627 5773 ad
3677 5711 4103 5796 quantitatem
4149 5709 4382 5795 viginti
4428 5708 4758 5773 soldorum
4803 5707 4924 5770 im-

1274 5823 1618 5911 perialium
1666 5829 1788 5886 etc.

1451 5929 1710 5995 Delicta
1758 5951 1912 5994 vero
1962 5936 2026 5993 et
2073 5936 2316 5992 statuta
2363 5928 2429 5991 in
2477 5928 2709 6013 quibus
2757 5949 3027 5991 comune
3076 5926 3323 5990 L'nzole
3367 5925 3881 6010 jurisdictionem
3928 5925 4168 5989 habere
4217 5929 4568 5988 noscuntur
4613 5928 4736 5987 etc.

1453 6036 1622 6101 Item
1670 6035 1842 6122 quod
1890 6057 2110 6099 omnes
2159 6034 2473 6099 sententie
2523 6042 2586 6097 et
2633 6055 2971 6120 processus
3018 6041 3081 6097 et
3129 6034 3506 6096 securitates
3554 6031 3710 6097 facti
3757 6040 3981 6096 contra
4025 6031 4316 6095 homines
4364 6037 4429 6094 et
4468 6048 4805 6094 commune
4838 6027 4922 6091 de

1270 6145 1548 6229 Unzola,
1599 6143 1937 6209 occasione
1986 6163 2411 6228 quacumque,
2461 6141 2588 6205 sint
2632 6162 2804 6205 vana
2851 6149 2915 6205 et
2964 6162 3166 6205 cassa.

1461 5205 1490 5236 V
1458 5098 1487 5129 V
1459 4991 1488 5022 U
1463 4885 1490 4915 ἥ
1461 4776 1490 4807 ν
1461 4669 1490 4700 U
1465 4560 1494 4591 V
1463 4452 1492 4483 ff

1432 6395 1510 6460 (1)
1549 6392 1735 6446 Verba
1772 6399 1820 6444 et
1857 6392 2030 6444 multa
2068 6392 2183 6443 alia
2223 6392 2304 6443 bis
2344 6392 2398 6443 in
2439 6390 2852 6443 Memorialibus
2892 6390 3096 6458 scripta
3133 6392 3275 6441 sunt.

1432 6485 1510 6550 (2)
1551 6484 1640 6535 Sic
1677 6499 1776 6553 pro
1817 6502 1846 6534 ι
1889 6484 2110 6550 alapam
2155 6499 2203 6534 x.
