5542 7775
1608 573 2070 625 SPEOTANTIA
2126 575 2228 625 AD
2285 574 2796 626 Paornssossns
2851 576 3063 628 sums
3120 576 3387 628 01v1LIS
4206 558 4304 629 67

671 726 878 811 nolle,
926 749 1003 794 ac
1049 727 1343 793 doctores
1390 728 1565 816 ipsos
1611 730 1784 794 cives
1829 729 2257 795 bononienses
2304 752 2421 817 pro
2471 731 2747 816 negotiis
2796 731 2950 796 dicti
3013 731 3385 797 Communis
3440 731 3609 797 velle
3671 732 3996 798 destinare
4059 735 4310 820 quoties

673 835 972 921 expedit,
1019 836 1526 923 responderunt,
1576 858 1968 923 quamquam
2014 837 2081 900 in
2126 838 2355 902 ceteris
2402 838 2628 904 eedem
2672 838 3017 925 petitiones
3079 838 3160 903 ab
3229 839 3322 903 eis
3392 839 3670 904 admisse
3725 839 3924 905 fuisse
3976 840 4308 929 dicantur3

668 942 973 1028 predictis
1020 943 1378 1008 scolaribus
1424 943 1921 1009 formidantibus
1969 965 2038 1008 se
2083 944 2457 1029 hujusmodi
2519 946 2892 1029 juramento
2940 946 3167 1030 teneri,
3215 945 3337 1011 fuit
3398 945 3604 1011 Nobis
3672 947 4002 1012 humiliter
4066 951 4309 1037 suppli-

669 1057 907 1134 catum,
955 1058 1027 1115 ut
1072 1051 1412 1138 providere
1459 1073 1654 1138 super
1698 1052 1821 1117 hoc
1867 1051 1946 1118 de
1993 1051 2394 1138 benignitate
2444 1051 2629 1117 Sedis
2677 1053 3030 1140 apostolice
3077 1075 3471 1119 curaremus.
3519 1054 3655 1119 Nos
3703 1062 3920 1119 autem
3968 1062 4149 1122 tanto
4214 1058 4312 1122 in-

672 1158 1007 1224 commodo
1076 1158 1395 1224 dictorum
1455 1159 1836 1242 scolarium,
1897 1159 2351 1224 deformationi
2419 1160 2512 1224 sic
2580 1159 2814 1225 famosi
2872 1159 3120 1244 Stadii,
3177 1161 3504 1225 efferentis
3571 1162 4041 1248 propagatione
4111 1163 4310 1230 fertili

670 1264 843 1329 viros
903 1264 1253 1331 industrios
1313 1273 1380 1332 ct
1437 1266 1853 1331 scientiarum
1913 1266 2123 1331 claros
2181 1266 2398 1331 radios
2453 1266 2915 1349 diffundentes,
2965 1289 3041 1332 ac
3101 1267 3353 1354 prefate
3418 1268 3696 1332 civitatis
3763 1268 4118 1335 discrimini
4181 1292 4308 1357 quo

673 1372 822 1436 inde
865 1379 1085 1459 posset
1130 1373 1318 1457 affici,
1366 1373 1803 1460 predictorum
1849 1395 2104 1460 quoque
2153 1374 2439 1438 omnium
2485 1374 2838 1460 dispendiis
2885 1374 3150 1440 obviare
3193 1373 3531 1439 sollicitius
3579 1375 4019 1461 intendentes,
4069 1377 4307 1443 discre-

672 1480 834 1545 tioni
876 1486 1092 1545 vestre
1138 1502 1255 1567 per
1300 1481 1656 1568 apostolica
1717 1480 1958 1568 scripta
2001 1481 2420 1564 mandamus,
2469 1489 2788 1568 quatenus
2812 1532 2828 1565 ,
2878 1482 2933 1546 si
2979 1481 3045 1546 id
3107 1481 3190 1545 ad
3237 1503 3574 1547 commune
3636 1484 4044 1549 commodum
4102 1486 4309 1551 scola-

670 1588 840 1652 rium
885 1588 1291 1671 eorumdem,
1340 1589 1425 1653 ad
1469 1588 1834 1653 evidentem
1879 1588 2227 1653 utilitatem
2276 1588 2488 1653 Studii
2533 1589 2847 1676 predicti,
2894 1589 2978 1653 ad
3025 1589 3307 1675 quietem
3354 1610 3608 1675 quoque
3655 1589 3935 1654 civitatis
3982 1590 4308 1677 predicte,

672 1716 749 1760 ac
792 1696 1057 1782 plenum
1099 1695 1464 1783 profectum
1511 1697 1796 1761 omnium
1842 1696 2279 1782 predictorum
2324 1703 2389 1760 et
2434 1696 2597 1760 alias
2644 1697 2842 1760 ctiam
2901 1696 3256 1761 secundum
3324 1695 3538 1760 Deum
3606 1696 3913 1784 expedire
3983 1697 4311 1782 videritis,

671 1823 783 1867 eos
829 1802 908 1867 de
956 1803 1213 1890 prefata
1257 1803 1736 1886 Universitate,
1786 1824 1947 1889 quos
2004 1824 2199 1890 super
2259 1804 2380 1868 hoo
2449 1804 2794 1888 contigerit
2848 1803 3273 1868 absolutionis
3319 1802 3424 1867 vel
3477 1803 3862 1890 provisionis
3923 1804 4307 1870 beneficium

668 1910 1051 1996 implorare,
1100 1917 1320 1976 nostra
1366 1912 1751 1976 auctoritate
1797 1932 1838 1975 a
1884 1911 2142 1975 vinculo
2214 1932 2329 1974 seu
2377 1910 2830 1975 observatione
2877 1911 3070 1996 hujus
3125 1911 3479 1995 juramenti
3541 1910 3918 1994 absolvatis,
3965 1919 4032 1976 et
4078 1912 4310 1977 nihilo·

671 2017 882 2081 minus
928 2017 1193 2102 eisdem,
1241 2025 1433 2105 prout
1478 2018 1786 2106 expedire
1831 2017 2158 2100 videritiS,
2221 2018 2561 2104 providere
2607 2018 2955 2082 salubriter
3000 2016 3343 2100 studeatis,
3393 2039 3473 2081 ne
3521 2017 3892 2102 hujusmodi
3948 2020 4305 2104 juramenti

669 2131 974 2212 pretextu
1018 2126 1124 2190 vel
1169 2126 1700 2212 transgressionis
1762 2146 1878 2190 seu
1936 2125 2304 2190 violationis
2365 2147 2668 2208 excessu,
2716 2127 3004 2211 ipsorum
3058 2131 3265 2190 status
3333 2126 3674 2211 integritas
3736 2126 4013 2212 alicujus
4083 2127 4308 2192 inven-

666 2233 862 2297 tionis
921 2232 1162 2297 astutia
1215 2233 1615 2320 inposterum
1670 2232 1976 2316 feriatur3
2026 2254 2155 2298 uon
2203 2233 2499 2297 obstante
2548 2231 2991 2318 indulgentia,
3041 2254 3169 2319 qua
3217 2232 3400 2297 vobis
3446 2232 3553 2296 vel
3599 2232 3932 2298 ordinibus
3987 2234 4220 2299 vestris
4268 2257 4309 2299 a

672 2339 839 2405 Sede
885 2338 1265 2427 Apostolica
1312 2340 1546 2405 dicitur
1592 2361 1732 2405 esse
1781 2361 2177 2422 concessum,
2213 2339 2384 2425 quod
2430 2361 2559 2405 non
2607 2341 2958 2404 teneamini
3004 2361 3120 2404 vos
3166 2339 3593 2404 intromittere
3641 2340 3720 2404 de
3767 2341 3913 2424 hiis,
3948 2363 4072 2426 que
4122 2342 4304 2407 vobis

669 2468 786 2534 per
831 2447 1054 2512 literas
1101 2448 1489 2534 apostolicas
1536 2447 2056 2530 committuntur,
2104 2448 2231 2511 nisi
2272 2448 2341 2511 in
2387 2448 2480 2512 eis
2528 2447 2607 2511 de
2656 2447 2904 2512 indulto
2953 2446 3324 2532 hujusmodi
3370 2447 3565 2533 plena
3610 2455 3676 2512 et
3721 2469 4032 2533 expressa
4065 2448 4308 2514 mentio

670 2554 1009 2619 habeatur.
1079 2554 1325 2619 Datum
1392 2554 1568 2641 apud
1636 2554 1926 2619 Mentem
1986 2555 2371 2619 Flasconem
2442 2555 2633 2619 tertio
2702 2554 2845 2618 idus
2917 2554 3342 2641 septembris,
3406 2554 3816 2641 pontificatus
3879 2556 4084 2620 nostri
4140 2577 4311 2622 anno

674 2661 980 2726 secundo·

2409 2840 2590 2905 XLI.

2120 3020 2324 3102 1286,
2377 3020 2457 3082 11
2504 3020 2873 3104 septembris

938 3216 1045 3280 Ex
1090 3215 1378 3281 Archivo
1423 3215 1601 3280 Max.
1652 3217 1836 3299 bon.,
1884 3216 1950 3279 in
1995 3215 2482 3280 Memorialibus
2530 3215 2938 3298 Communis3
2985 3215 3254 3280 Memor.
3301 3214 3577 3279 Matthei
3622 3215 3701 3279 de
3752 3215 4092 3307 Salicem„

1918 3344 2023 3387 an.
2070 3322 2665 3407 MCCLXXXVI.,
2714 3345 2768 3388 c.
2825 3326 2951 3388 100
2999 3345 3050 3387 r.

855 3520 1006 3605 [Die
1052 3522 1125 3605 xj
1173 3520 1555 3607 septembris
1600 3519 1942 3584 millesimo
1990 3519 2428 3584 ducentesimo
2476 3520 2916 3604 octuagesimo
2965 3519 3198 3603 sexto].

846 3627 1165 3693 Dominus
1196 3626 1580 3713 Raynaldus
1612 3626 1693 3691 de
1726 3626 2132 3713 Concorigio,
2153 3627 2320 3712 juris
2352 3626 2617 3713 peritus,
2643 3626 2938 3712 promisit
2970 3626 3229 3691 domino
3261 3625 3468 3690 Leoni
3499 3626 3899 3712 Ingignadro
3932 3633 3997 3692 et
4029 3626 4301 3692 Oldrato

669 3735 749 3799 de
796 3734 1096 3821 Mucag0‚
1145 3734 1394 3799 civibus
1425 3741 1491 3799 et
1523 3734 1789 3798 notariis
1835 3733 2273 3817 laudensibus,
2323 3734 2584 3798 sindicis
2617 3741 2682 3798 et
2712 3733 3238 3820 procuratoribus
3275 3733 3647 3798 Communis
3678 3733 3904 3799 Laude
3938 3755 4020 3798 ex
4067 3735 4303 3799 instru-

670 3850 887 3909 mento
930 3842 1113 3908 Petri
1161 3842 1401 3908 Salena
1446 3843 1712 3926 notarii,
1760 3850 1832 3908 ut
1877 3842 2200 3926 dixerunt,
2247 3842 2706 3930 recipientibus
2755 3863 2979 3907 eorum
3041 3841 3297 3907 nomine
3360 3849 3425 3907 et
3483 3842 3625 3907 vice
3682 3842 3838 3907 dicti
3898 3841 4307 3927 Communis,

671 3952 763 4016 ire
811 3952 879 4015 in
926 3952 1254 4016 civitatem
1298 3950 1511 4015 Laudi
1556 3958 1622 4015 et
1666 3951 1886 4036 legere
1933 3950 2000 4014 in
2047 3950 2341 4036 sequenti
2377 3972 2547 4014 anno
2589 3949 3004 4014 inferciatum
3047 3950 3155 4013 vel
3188 3947 3413 4014 allium
3443 3949 3681 4014 librum
3723 3949 4309 4041 extraordinarium

672 4058 756 4123 ad
801 4057 1204 4123 voluntatem
1252 4057 1405 4133 dicti
1453 4056 1825 4123 Communis
1871 4063 1938 4122 et
1976 4057 2342 4139 scolarium,
2376 4063 2441 4121 et
2472 4057 2565 4121 ire
2598 4056 2688 4121 ibi
2727 4057 2792 4120 in
2843 4056 3007 4121 festo
3049 4057 3256 4121 sancti
3291 4056 3629 4121 Michaelis
3660 4057 3765 4120 vel
3798 4056 3967 4120 infra
3999 4064 4300 4143 quartum

670 4166 841 4231 diem
883 4165 1122 4230 mensis
1170 4165 1453 4230 octubris
1498 4165 1792 4251 proxime
1840 4164 2134 4248 venturi3
2168 4171 2233 4229 et
2256 4163 2688 4251 promiserunt
2734 4164 2946 4228 eidem
2990 4164 3146 4229 dare
3180 4172 3245 4228 et
3276 4164 3526 4256 solvere
3573 4186 3692 4250 pro
3725 4186 3841 4229 suo
3874 4163 4112 4229 salario
4157 4164 4302 4229 XL.

669 4274 872 4338 libras
918 4273 1387 4360 imperialium3
1436 4280 1501 4337 et
1548 4272 1602 4336 si
1649 4273 2052 4358 contingeret
2113 4293 2262 4336 eum
2322 4271 2645 4336 doctorari
2690 4271 2861 4336 infra
2922 4270 3158 4336 festum
3234 4272 3440 4336 sancti
3499 4271 3837 4336 Michaelis
3900 4272 4307 4358 proximum,

669 4381 1106 4466 promiseruut
1151 4379 1361 4445 eidem
1408 4380 1564 4444 dare
1611 4379 1783 4444 ultra
1829 4379 2067 4444 dictam
2115 4378 2541 4465 quantitatem
2589 4379 2813 4443 decem
2857 4379 3056 4443 libras
3102 4378 3554 4465 imperialium,
3602 4378 3846 4444 scilicet
3891 4379 4304 4444 medietatem

669 4487 737 4552 in
781 4488 947 4553 festo
991 4488 1389 4572 Nativitatis,
1422 4493 1487 4552 et
1526 4486 1774 4571 alia[m]
1820 4486 2232 4552 medietatem
2278 4486 2345 4550 in
2392 4486 2556 4551 festo
2603 4486 2933 4573 Pasquate
2973 4486 3459 4551 Resurresionis
3490 4508 3575 4550 ex
3604 4487 4030 4551 instrumento
4063 4486 4308 4551 domini

670 4593 939 4682 Mathey
985 4595 1238 4660 Cambii
1283 4595 1539 4677 notarii,
1585 4594 1778 4660 hodie
1825 4594 1997 4659 facto
2042 4594 2337 4659 Bononie
2383 4593 2449 4658 in
2496 4595 2773 4659 statione
2832 4593 3076 4658 domini
3136 4593 3506 4659 Ardicionis
3567 4593 3810 4659 domini
3857 4593 4173 4659 Gnidonis
4219 4594 4298 4659 de

668 4701 952 4786 Milano,
997 4702 1405 4790 presentibus
1467 4701 1725 4767 domino
1788 4700 2137 4767 Guillelmo
2198 4701 2278 4766 de
2339 4701 2688 4766 Lamoralo
2748 4701 2829 4766 de
2889 4700 3295 4785 Mediolano,
3343 4701 3603 4766 domino
3656 4700 4005 4766 Ardicione
4066 4700 4308 4766 domini

673 4809 989 4875 Guidonis
1035 4809 1115 4875 de
1161 4809 1407 4875 Milano
1454 4815 1519 4874 et
1563 4809 1625 4873 N
1629 4808 1881 4874 ieholao
1929 4808 2171 4874 domini
2215 4808 2496 4895 Virgilii,
2538 4809 2831 4892 testibus,
2880 4815 2945 4873 et
2991 4809 3083 4873 sic
3130 4808 3284 4873 dicti
3331 4815 3759 4892 contraentes,
3805 4808 4091 4895 presenti
4137 4808 4307 4873 dicto

670 4917 959 4999 notari0,
1007 4917 1312 4981 dixerunt
1357 4923 1423 4981 et
1466 4917 1662 4982 scribi
1705 4916 2018 4982 fecerunt.

2382 5182 2599 5248 XLII.

2136 5362 2332 5445 1287,
2378 5361 2460 5426 14
2502 5362 2840 5446 februarii.

1488 5556 1595 5622 Ex
1640 5557 1926 5622 Archivo
1972 5556 2151 5622 Max.
2199 5557 2370 5639 bon.,
2416 5558 2483 5621 in
2529 5557 3016 5623 Memorialibus
3065 5557 3468 5640 Communis,

898 5664 1258 5731 Memorial.
1305 5664 1548 5729 domini
1590 5665 1854 5751 Aegidii
1897 5664 2339 5730 Bartolomaei
2385 5664 2543 5729 Gilii
2587 5664 2667 5730 de
2708 5664 3073 5751 Argellata,
3120 5686 3174 5730 c.
3225 5667 3311 5731 80
3355 5686 3417 5729 v.
3459 5670 3524 5729 et
3570 5667 3648 5729 81
3702 5686 3754 5729 r.
3802 5671 3868 5729 et
3913 5685 3974 5728 v.
4002 5662 4081 5729 (l)

851 5878 1001 5962 [Die
1049 5878 1192 5964 xiiij
1241 5878 1553 5943 februarii
1598 5878 1939 5944 millesimo
1987 5879 2426 5943 ducentesimo
2475 5879 2915 5964 octuagesimo
2964 5878 3285 5966 septimo].

849 5985 1167 6050 Dominus
1214 5985 1643 6051 Francisohus
1688 5986 1944 6073 Legum
1973 5986 2217 6069 doctor,
2250 5986 2421 6050 filius
2469 5984 2794 6072 quondam
2837 5985 3080 6051 domini
3117 5985 3415 6071 Accursij
3448 5985 3701 6070 Legum
3733 5985 4011 6051 doctoris
4041 6005 4159 6073 pro
4192 5985 4304 6049 tri-

670 6092 791 6156 bus
839 6092 1156 6179 partibus,
1202 6098 1268 6156 et
1314 6092 1609 6157 dominus
1652 6092 1974 6158 Martinus
2022 6092 2347 6180 quondam
2394 6092 2635 6157 domini
2679 6092 3015 6179 Bologniti
3059 6092 3373 6158 Meroline
3422 6115 3538 6181 pro
3587 6101 3819 6178 quarta
3878 6098 4061 6179 parte
4106 6091 4306 6156 infra-

833 6339 913 6405 (1)
951 6337 1064 6390 Cfr.
1102 6337 1407 6391 Gooezadini
1441 6367 1509 6377 —
1548 6337 1699 6392 Delle
1735 6341 1877 6391 torri
1907 6340 2183 6406 yentilim‘e
2218 6340 2279 6391 da·
2314 6338 2557 6407 Boloyna
2595 6355 2622 6392 e
2657 6340 2794 6393 delle
2828 6340 3078 6407 famiqlie
3113 6341 3222 6393 alle
3255 6342 3410 6409 quali
3435 6342 3626 6409 prima
3662 6302 4059 6409 ammonitem
4096 6369 4162 6379 —-
4201 6339 4308 6393 Bo·

671 6427 851 6495 layna,
888 6427 961 6479 N.
999 6427 1323 6493 Zam'chellae‘,
1359 6431 1521 6493 1880,
1558 6444 1684 6498 pag.
1723 6431 1847 6496 647,
1885 6429 2003 6482 doc.
2047 6432 2164 6481 156.

5525 363 5542 588 ῌᾸ-Α*
5533 283 5542 332 -ι
5541 251 5542 260 ᾼ

5513 5658 5520 5667 -
5505 5490 5524 5563 -1-‘
5501 4944 5542 5427 ‘utun-ffl.dmf
