5542 7775
2071 669 2497 722 SGHOLARES
2552 668 2959 720 ILLUSTRES

687 824 864 908 Mag.
909 824 1231 889 Martinus
1281 826 1626 890 canonicus
1674 826 2006 891 trecensis,

686 930 769 995 D.
818 931 1137 995 Martinus
1181 931 1517 1018 Hispanus
1565 933 1885 1018 gallichus
1932 932 2010 996 de
2058 931 2265 995 Tuda.

687 1037 770 1103 D.
818 1038 1136 1102 Martinus
1184 1039 1262 1103 (16
1310 1039 1515 1104 Poma
1561 1040 1640 1104 de
1686 1039 2028 1125 Pergamo,

684 1144 860 1231 Mag.
921 1145 1250 1210 Mattheus
1314 1146 1740 1227 Gundisalvi,
1791 1146 2137 1210 canonicus
2209 1143 2451 1209 ulisbo-

904 1252 1141 1317 nensis.

686 1358 771 1423 D.
819 1358 1146 1423 Mattheus
1192 1359 1272 1423 de
1320 1360 1684 1441 Limoxin0‚
1734 1359 2079 1423 canonicus
2127 1406 2143 1423 .
2195 1405 2212 1422 .
2263 1406 2279 1421 .
2329 1405 2345 1422 .

688 1465 863 1551 Mag.
911 1465 1190 1530 Michael
1237 1466 1529 1551 magistri
1574 1466 1879 1531 Patavini
1924 1465 2004 1530 de
2052 1464 2367 1529 Venetiis.

689 1572 771 1636 D.
819 1573 1099 1637 Michael
1146 1573 1225 1638 de
1272 1573 1570 1638 Donodei
1616 1574 1695 1638 (16
1745 1572 1984 1638 Scotia.

687 1679 769 1745 D.
818 1680 1163 1745 Monaldus
1211 1681 1290 1745 de
1339 1689 1562 1746 sancto
1611 1681 1928 1765 Genexio,
1962 1681 2309 1746 canonicus
2348 1700 2449 1744 sa-

899 1788 1321 1853 risberiensis.

687 1894 768 1959 D.
816 1894 1274 1960 Montenaxius
1322 1895 1401 1959 de
1448 1895 1849 1960 Marchixiis.

688 2002 769 2066 D.
818 2003 1124 2089 Napullio
1171 2003 1608 2068 Fortebraccii
1658 2002 1735 2067 de
1783 2003 2211 2088 Ravegnana‚
2259 2023 2451 2068 cano·

899 2111 1079 2174 nicus
1128 2111 1598 2175 camaracensis
1656 2110 1911 2193 abbat.,
1952 2110 2123 2174 sedis
2172 2111 2451 2196 Aposto-

896 2218 1019 2284 lice
1077 2219 1487 2305 capellanus,
1538 2219 1884 2283 canonicus
1947 2218 2450 2300 cameracensis,

900 2326 1298 2391 tornacensis
1346 2334 1410 2390 et
1455 2314 1915 2392 furocenensis.

686 2434 862 2519 Mag.
910 2434 1076 2497 Nete
1124 2433 1203 2498 de
1250 2434 1553 2499 Pistorio.

686 2539 769 2605 D.
816 2541 1125 2605 Nicolaus
1172 2541 1253 2605 (16
1300 2541 1541 2626 Praga.

685 2647 768 2712 D.
817 2649 1125 2714 Nicolaus
1174 2649 1253 2713 de
1299 2648 1642 2735 Magonza.

684 2755 767 2820 D.
818 2756 1190 2822 Octobonus
1252 2756 1331 2820 de
1394 2756 1761 2839 Plasentia,
1827 2756 2109 2821 decanus
2174 2755 2449 2821 suessio-

900 2864 1137 2929 nensis.

685 2974 767 3038 D.
817 2972 1226 3040 Oddofredus
1274 2973 1353 3037 de
1404 2973 1742 3058 Magonza.

684 3082 765 3146 D.
816 3082 1054 3169 Orpizo
1087 3081 1167 3146 de
1201 3081 1506 3164 Cedonio,
1541 3081 1915 3145 siniscalcus
1948 3082 2152 3145 sancti
2186 3081 2450 3146 Martini

896 3189 1284 3255 turonensis.

684 3299 858 3383 Mag.
907 3298 1053 3361 Pax
1099 3296 1334 3379 fisicus,
1384 3317 1507 3382 que
1554 3295 1677 3359 fuit
1721 3295 1800 3361 (16
1847 3296 2101 3381 Roygo.

683 3405 767 3470 D.
815 3404 1199 3469 Percivallis
1246 3404 1324 3468 de
1374 3402 1714 3468 Selvaticis
1762 3403 1841 3467 de
1890 3402 2055 3467 Asti.

683 3513 767 3577 D.
816 3511 1048 3576 Petrus
1096 3510 1337 3576 domini
1381 3508 1701 3574 Bernardi
1747 3510 1827 3573 de
1880 3509 2236 3574 Cisterona.

683 3622 765 3687 D.
813 3621 1049 3685 Petrus
1096 3619 1175 3684 de
1225 3618 1610 3701 Scroxallia,
1660 3618 2006 3683 canonicus
2050 3618 2418 3682 rutinensis.

683 3728 765 3792 D.
812 3727 1049 3791 Petrus
1096 3725 1450 3807 Johannes,
1500 3724 1847 3789 canonicus
1895 3724 2328 3788 asturicensis.

682 3835 764 3902 D.
791 3834 1025 3899 Petrus
1057 3832 1137 3897 de
1160 3832 1564 3914 Pulcrovisu‚
1592 3831 1937 3897 canonicus
1962 3831 2446 3897 barcilonensis.

683 3943 764 4007 D.
813 3942 1047 4006 Petrus
1095 3941 1175 4004 de
1219 3939 1601 4022 Villanova,
1643 3939 2265 4026 carpentoractensis
2311 3939 2448 4004 dio-

897 4050 1080 4114 cesis.

681 4158 764 4223 D.
813 4157 1046 4221 Petrus
1091 4156 1335 4220 domini
1380 4155 1497 4219 Fei
1547 4155 1625 4219 de
1671 4154 2026 4220 Florentia.

679 4263 761 4331 D.
808 4266 1043 4329 Petrus
1091 4263 1170 4328 de
1221 4263 1628 4328 Cambucaco
1676 4262 2090 4328 caturcensis.

678 4372 760 4437 D.
808 4372 1151 4457 Philippus
1199 4371 1278 4435 de
1312 4370 1739 4457 Castegnolis,
1774 4369 2120 4434 canonicus
2153 4369 2444 4434 estensis.

678 4481 763 4545 D.
796 4479 1075 4544 Poncius
1108 4478 1463 4560 Johannes,
1498 4477 1845 4542 canonicus
1878 4476 2446 4563 compostellanus.

680 4588 854 4673 Mag.
890 4585 1294 4670 Raginaldus
1342 4585 1422 4650 de
1463 4585 1769 4650 Vidriaco
1795 4584 1895 4667 (l),
1929 4584 2275 4649 canonicus
2306 4584 2447 4648 lau·

892 4692 1220 4757 dunensis.

678 4801 761 4865 D.
809 4799 1235 4885 Raymundus
1281 4799 1765 4885 Beltramingus
1811 4798 1891 4862 de
1939 4799 2105 4864 Asti.

680 4907 763 4972 D.
811 4907 1118 4989 Rannus‚
1169 4906 1514 4971 canonicus
1576 4906 1781 4970 sancti
1831 4905 2140 4971 Venantii
2194 4906 2273 4971 de
2318 4905 2446 4970 Fa-

895 5013 1145 5078 briano.

680 5121 764 5186 D.
811 5120 1138 5185 Robertus
1185 5121 1264 5184 de
1306 5120 1654 5206 Colongus,
1689 5120 2040 5184 monachus
2074 5119 2447 5184 dunelmen-

897 5227 983 5290 sis
1009 5228 1107 5292 (2).

683 5334 763 5398 D.
811 5334 1137 5399 Robertus
1178 5334 1258 5398 de
1292 5333 1815 5416 Vicecomitibus,
1851 5332 2213 5398 ordinarius
2244 5332 2311 5396 in
2344 5352 2447 5397 66-

898 5442 1095 5506 clesia
1140 5442 1373 5526 majori
1420 5440 1904 5505 mediolanensi.

682 5548 765 5614 D.
816 5548 1037 5613 Sclata
1083 5547 1163 5613 de
1211 5547 1391 5632 orte,
1437 5547 1783 5613 canonicus
1829 5546 2156 5612 fossensis.

683 5657 767 5721 D.
819 5655 1188 5739 Severinus,
1224 5655 1571 5721 canonicus
1618 5655 1825 5720 sancti
1869 5654 2180 5719 Venantii
2211 5653 2290 5718 de
2321 5653 2448 5718 Fa-

896 5763 1144 5828 briano.

681 5870 764 5936 D.
816 5871 1106 5956 Sigerius
1152 5870 1232 5934 de
1279 5869 1634 5953 Pareliciis,
1683 5870 2028 5935 canonicus
2075 5869 2403 5935 fossensis.

682 5978 855 6063 Mag.
911 5977 1133 6042 Simon
1181 5977 1260 6041 de
1308 5977 1573 6062 Anglia.

684 6085 766 6151 D.
818 6085 1187 6171 Stephanus
1230 6085 1505 6150 Matthci
1552 6084 1631 6149 de
1677 6084 1831 6149 Fur.
1881 6085 1961 6149 de
2008 6084 2353 6171 Lugduno.

685 6193 766 6257 D.
817 6192 1190 6257 Thebaldus
1238 6192 1318 6258 (16
1365 6200 1588 6258 sancto
1634 6192 1956 6278 Remigio.

809 6443 887 6509 (1)
925 6441 1015 6493 Al.
1063 6440 1387 6494 Verdeliaco.

812 6533 891 6597 (2)
930 6531 1021 6583 Al.
1059 6531 1124 6582 de
1160 6530 1616 6597 Collvele‘nquard.

4183 646 4327 735 331

2578 822 2663 887 D.
2712 822 3086 887 Thebaldus
3133 822 3211 887 de
3259 821 3627 907 Infangatis
3673 822 3753 886 de
3799 821 4152 887 Florentia.

2577 930 2754 1016 Mag.
2806 930 3089 996 Thomas
3139 930 3501 1014 Guiscardi,
3534 931 3816 995 decanus
3863 931 4345 1016 glassionensis.

2578 1037 2662 1104 D.
2712 1038 2996 1102 Thomas
3042 1038 3309 1104 Florani
3357 1039 3435 1103 de
3482 1038 3806 1104 Matelica.

2578 1144 2661 1209 D.
2712 1145 2962 1209 Tuscus
3007 1145 3087 1209 de
3137 1146 3430 1211 Ancona.

2576 1251 2754 1337 Mag.
2803 1251 3161 1317 Ubertiuus
3209 1253 3288 1317 de
3334 1252 3562 1338 Papia.

2576 1358 2660 1424 D.
2708 1359 2996 1425 Ubertus
3066 1360 3146 1425 (16
3213 1359 3683 1446 Castroveteri‚
3732 1364 4079 1429 canonicus
4148 1385 4346 1429 nova·

2791 1467 3039 1532 riensis.

2576 1574 2660 1639 D.
2708 1575 2994 1640 Ubertus
3042 1576 3121 1640 de
3168 1576 3491 1642 Vallibus.

2576 1681 2659 1747 D.
2709 1682 3046 1747 Ycellinus
3093 1684 3173 1748 (16
3220 1684 3862 1773 Mandugagliaxinis
3910 1688 3989 1754 de
4034 1689 4283 1755 Brixia.

3252 1952 3683 2018 MOCXCIII.

2578 2215 2662 2279 D.
2712 2215 3108 2282 Accursinus
3155 2218 3236 2283 de
3285 2220 3641 2284 Modoecia.

2579 2322 2663 2389 D.
2712 2323 3021 2388 Albertus
3068 2326 3147 2390 de
3198 2325 3625 2413 Caprionibus
3673 2328 3751 2392 de
3797 2328 4047 2393 Brixia.

2577 2429 2661 2494 D.
2710 2430 3055 2515 Albertus,
3103 2434 3602 2520 archipresbiter
3663 2436 3868 2500 sancti
3928 2436 4192 2501 Proculi
4248 2435 4345 2500 fa-

2795 2540 3060 2603 ventini.

2577 2644 2660 2709 D.
2709 2646 2980 2710 Albizus
3027 2647 3106 2711 (16
3154 2647 3400 2712 Brixia.

2576 2752 2661 2816 D.
2710 2753 3105 2818 Adelbertus
3153 2754 3231 2818 de
3277 2755 3649 2820 Petraforti.

2574 2858 2658 2924 D.
2707 2860 3106 2925 Ambroxius
3154 2862 3233 2926 de
3281 2862 3638 2927 Actabellis
3686 2864 3766 2928 dc
3814 2865 4060 2929 Laude.

2574 2965 2751 3052 Mag.
2780 2968 3074 3053 Angelus
3108 2969 3412 3053 medicus,
3439 2970 3607 3033 filius
3640 2971 3881 3035 domini
3912 2971 4230 3057 Hugolini
4262 2972 4341 3037 de

2792 3074 3000 3139 Senis.

2576 3180 2752 3266 Mag.
2802 3181 3130 3246 Ansaldus
3177 3183 3257 3247 de
3303 3182 3489 3247 Faba
3535 3184 3613 3248 (16
3663 3183 3913 3268 Genua,
3964 3185 4269 3251 medicus.
4322 3223 4330 3230 ·

2575 3287 2751 3373 Mag.
2802 3289 3125 3354 Antonius
3195 3290 3273 3354 de
3342 3291 3748 3374 Nubalento,
3799 3293 4144 3358 6666616116
4215 3293 4345 3358 bri-

2789 3397 3052 3460 xiensis.

2574 3501 2657 3565 D.
2705 3502 3036 3567 Arnoldus
3084 3505 3324 3569 domini
3371 3506 3590 3570 Susini
3635 3507 3714 3571 de
3761 3507 4107 3592 Bergamo.

2575 3608 2750 3694 Mag.
2801 3610 3299 3676 Bartholomeus
3345 3613 3641 3699 magistri
3686 3614 3867 3679 Petri
3911 3615 4138 3680 Reale.

2576 3716 2657 3780 D.
2706 3716 3205 3783 Bartholomeus
3253 3720 3495 3784 domini
3539 3721 3807 3785 Pradini
3855 3722 3935 3786 de
3981 3722 4227 3787 Laude.

2573 3822 2656 3889 D.
2704 3824 3078 3891 Bernartius
3126 3827 3205 3892 de
3253 3826 3411 3892 Turi
3457 3827 3536 3893 de
3587 3829 3871 3916 SpoletO.

2573 3931 2658 3997 D.
2703 3932 3104 3999 Bertrandus
3152 3935 3232 4000 de
3279 3935 3666 4001 Lutiliacho.
3937 4015 3948 4027 .

2573 4038 2657 4104 D.
2705 4040 3119 4106 Brochardus
3166 4042 3245 4106 de
3291 4043 3595 4127 Leonet.,
3646 4044 3887 4109 ordinis
3933 4045 4340 4132 hospitalarii

2784 4149 3304 4233 jerosolimitani.
3711 4228 3717 4233 ς
4077 4140 4085 4149 ’

2574 4253 2658 4319 D.
2707 4254 2903 4320 Cabri
2949 4256 3029 4320 de
3075 4257 3485 4322 Patientibus
3533 4258 3612 4323 de
3661 4259 4051 4324 Mediolano.

2573 4361 2655 4426 D.
2705 4362 2976 4428 Carolus
3022 4364 3331 4448 Erbendi‚
3379 4367 3727 4432 canonicus
3774 4368 4257 4453 6Ρ66166616(3).

2572 4473 2657 4538 D.
2707 4473 2969 4538 Ohonus
3016 4475 3096 4539 de
3142 4475 3470 4541 Vallexia.

2573 4581 2655 4646 D.
2708 4580 2998 4646 Coradus
3046 4582 3126 4646 de
3165 4583 3617 4670 Silimbergh.,
3652 4592 3863 4650 rector
3893 4584 4163 4651 ecclesie
4194 4585 4340 4650 ilin-

2786 4689 3108 4755 donensis.

2573 4795 2656 4860 D.
2708 4796 3000 4861 Coradus
3046 4797 3125 4861 de
3174 4798 3747 4884 Chichilimbergh.

2572 4902 2656 4968 D.
2705 4903 2937 4969 Comes
2983 4904 3062 4968 de
3112 4904 3436 4989 Certaldo,
3471 4911 3682 4970 rector
3713 4906 3920 4970 saneti
3963 4906 4228 4970 Martini
4273 4906 4342 4970 in

2789 5012 2990 5077 Colle.

2570 5117 2749 5204 Mag.
2801 5119 3121 5185 Consilius
3171 5119 3491 5185 816166616
3537 5120 3617 5184 (16
3663 5119 3990 5185 Matelica.

2571 5225 2657 5291 D.
2706 5225 2935 5290 Fatius
2983 5226 3063 5292 de
3110 5227 3349 5293 Labro.

2571 5334 2656 5400 D.
2704 5333 3056 5398 Federicus
3102 5336 3466 5420 prepositus
3513 5334 4044 5420 moguntinensis.

2572 5441 2658 5506 D.
2704 5440 3056 5506 Federicus
3103 5441 3182 5506 de
3229 5442 3473 5508 Mirsen
3531 5441 3773 5507 domini
3832 5442 4199 5507 Heberardi
4261 5443 4341 5508 de

2788 5548 3209 5634 Lancisberg.

2572 5655 2751 5742 Mag.
2797 5655 3183 5720 Franciscus
3230 5656 3399 5720 filius
3431 5656 3726 5742 magistri
3756 5656 3938 5720 Petri
3967 5656 4342 5742 Paganucci

2790 5763 2869 5827 de
2915 5763 3240 5828 Matelica.

2574 5870 2658 5936 D.
2708 5871 3094 5935 Franciscus
3141 5871 3463 5953 Jacobini‚
3511 5871 3857 5936 canonicus
3906 5870 4276 5935 cerviensis.

2575 5977 2657 6043 D.
2706 5977 3093 6042 Franciscus
3139 5978 3382 6042 domini
3426 5978 3728 6044 Jacobini
3774 5978 3853 6042 de
3899 5978 4173 6043 Mutina.

2574 6084 2658 6150 D.
2706 6084 3091 6150 Franciscus
3125 6085 3204 6150 de
3235 6085 3488 6169 Bajolis
3520 6085 3599 6149 de
3624 6085 4063 6171 Blancanigro
4088 6085 4167 6150 (4)
4187 6085 4345 6150 imo-

2790 6193 3008 6257 lensis.

2703 6442 2782 6508 (3)
2820 6441 2910 6492 An
2958 6439 3286 6507 Upsalensa‘s.

2701 6531 2781 6597 (4)
2819 6528 2966 6598 Lege
3005 6528 3361 6596 BlancaniyO.
