5542 7775
1708 686 2168 735 SPBCTANTIA
2224 687 2326 734 An
2384 685 2894 735 Pnornssonsss
2949 683 3364 733 MEmclNAE
4191 661 4335 731 231

2442 1052 2636 1116 XIII.

2239 1267 2433 1349 1295,
2481 1268 2569 1329 20
2615 1269 2845 1330 martii.

1086 1485 1190 1548 Ex
1237 1484 1437 1548 Arch.
1486 1482 1664 1546 Max.
1718 1483 1903 1566 bon.,
1952 1484 2015 1546 in
2065 1482 2324 1546 Memor.
2379 1480 2775 1565 Comnnm1‘3;
2819 1480 3012 1544 Mem.
3060 1480 3239 1545 Petri
3286 1483 3365 1545 de
3414 1481 3732 1564 Floranis,
3782 1504 3836 1547 c.
3886 1485 3992 1546 47.

716 1700 1004 1764 Societas
1130 1697 1472 1761 Millesimo
1519 1697 1956 1761 ducentesimo
2007 1694 2422 1780 nonagesimo
2473 1695 2714 1779 quint0,
2763 1695 3109 1759 indictione
3159 1702 3406 1759 octava.

1133 1805 1254 1869 Die
1303 1804 1623 1869 dominica
1670 1805 1985 1889 vigesima
2035 1803 2270 1867 mensis
2319 1803 2555 1866 martii.

888 1918 992 1990 (13³
1011 1914 1323 1997 Magister
1369 1912 1627 1976 Jentilis
1678 1913 1756 1976 de
1806 1911 2129 1997 Cingullo,
2164 1910 2332 1973 filius
2381 1909 2622 1974 domini
2670 1910 3056 1995 Benvenuti,
3090 1911 3312 1975 doctor
3358 1912 3423 1974 in
3471 1910 3748 1995 logie-ha,
3783 1911 4105 1974 contraxit
4151 1911 4350 1975 socie-

711 2029 908 2087 tatem
958 2043 1102 2085 cum
1155 2021 1462 2105 magistro
1512 2019 1925 2101 Guillielmo,
1976 2019 2107 2084 filio
2156 2018 2479 2104 quondam
2527 2019 2768 2082 domini
2814 2019 3072 2084 Milonis
3119 2020 3198 2085 de
3245 2020 3540 2102 Dexaia,
3582 2020 3853 2083 astensis
3901 2019 4192 2101 diocesis,
4241 2020 4351 2105 qui

712 2136 1001 2193 moratur
1047 2129 1112 2191 in
1161 2128 1349 2192 domo
1397 2127 1638 2191 domini
1689 2126 1979 2190 Venture
2029 2125 2365 2211 prepositi,
2416 2125 2481 2189 in
2528 2125 2779 2212 capella
2834 2128 3037 2191 sancti
3085 2127 3535 2211 Archangelli,
3584 2133 3649 2190 et
3696 2127 3802 2211 qui
3852 2127 4146 2190 dominus
4193 2127 4350 2191 «19η-

715 2237 846 2301 tilis
895 2244 1181 2300 moratur
1227 2236 1294 2298 in
1342 2235 1531 2299 domo
1580 2234 1823 2298 domini
1874 2234 2173 2298 Jacobini
2221 2233 2300 2296 (19
2347 2232 2662 2297 Munariis
2707 2232 2775 2295 in
2807 2234 3058 2320 capella
3089 2235 3293 2298 sancti
3327 2233 3684 2316 Antholini,
3720 2234 4127 2320 infrascripto
4161 2234 4349 2298 modo

716 2352 781 2408 et
825 2344 1250 2428 infrascriptis
1298 2343 1502 2427 pactis
1551 2350 1615 2406 et
1667 2342 1967 2428 capitulis
2017 2341 2183 2405 inter
2229 2362 2341 2405 eos
2391 2340 2564 2404 initis
2612 2348 2677 2404 et
2723 2340 2945 2422 factis3
2997 2341 3294 2405 videlicet
3338 2341 3510 2428 quod
3552 2342 3845 2428 promisit
3893 2341 4099 2405 dictus
4145 2342 4349 2426 magi·

715 2456 848 2513 ster
893 2449 1168 2512 Gentilis
1216 2469 1331 2534 per
1378 2448 1859 2534 stipulationem
1910 2447 2078 2510 dicto
2124 2447 2433 2531 magistro
2483 2446 2876 2529 Guillielmo,
2923 2447 3169 2511 doctori
3216 2448 3280 2511 in
3329 2447 3555 2511 eadem
3602 2447 3900 2529 scientia,
3950 2468 3989 2509 a
4035 2448 4349 2533 principio

714 2556 1042 2641 sequentis
1083 2556 1277 2619 studii
1309 2555 1526 2640 legere
1560 2555 2070 2619 extraordinarie
2104 2555 2169 2616 in
2202 2554 2630 2640 phylosophia
2678 2554 2742 2617 in
2776 2554 3012 2618 scholis
3045 2553 3197 2618 dicti
3230 2555 3522 2640 magistri
3555 2554 3929 2636 Guillielmi,
3964 2571 4027 2618 et
4059 2555 4138 2618 de
4171 2555 4349 2618 lucro

711 2663 790 2727 de
837 2663 1198 2749 phylosofia
1244 2662 1399 2726 dare
1453 2669 1751 2747 quartam
1799 2670 2048 2748 partem
2096 2661 2266 2725 dicto
2326 2661 2637 2746 magistro
2695 2660 3104 2744 Guillielmo,
3153 2670 3216 2725 et
3265 2682 3391 2725 non
3439 2661 3656 2746 legere
3704 2661 4024 2726 ordinarie
4071 2662 4347 2747 logicam

713 2790 914 2854 usque
963 2769 1043 2832 ad
1091 2777 1345 2855 tempus
1395 2769 1591 2832 trium
1639 2789 1989 2849 annorum3
2024 2774 2088 2831 et
2121 2788 2310 2831 versa
2347 2767 2487 2831 vice
2521 2767 2728 2831 dictus
2761 2768 3070 2852 magister
3102 2767 3511 2832 Guillielmus
3545 2789 3659 2854 per
3689 2767 4171 2854 stipulationem
4202 2790 4348 2855 pro-

712 2876 886 2940 misit
932 2876 1102 2940 dicto
1151 2877 1461 2960 magistro
1512 2875 1742 2939 Jentili
1787 2875 2003 2960 legere
2054 2874 2375 2939 ordinarie
2423 2875 2486 2937 in
2535 2874 2766 2959 loycha
2814 2895 3016 2959 usque
3067 2875 3147 2938 ad
3193 2882 3446 2960 tempus
3493 2876 3686 2938 trium
3734 2896 4069 2958 annorum,
4103 2883 4167 2939 et
4212 2898 4357 2962 pre-

715 2990 971 3047 sentare
1017 2984 1096 3047 (19
1146 2982 1433 3068 quolibet
1482 2982 1718 3046 scolari
1767 2989 1979 3046 stante
2027 2983 2091 3046 in
2140 2982 2437 3045 duodena
2499 3003 2617 3044 sua
2672 2982 2773 3045 vel
2801 2981 2879 3046 (¹)
2926 2982 3344 3068 repetitorum
3399 3003 3661 3045 suorum
3708 2988 3773 3045 et
3819 2983 4177 3066 societatis,
4228 3005 4355 3047 non

719 3089 1044 3175 afugentis
1093 3089 1422 3153 duodenas
1471 3111 1778 3153 comunes
1825 3098 2090 3176 propter
2146 3097 2614 3175 paupertatem,
2648 3089 2931 3173 treginta
2971 3088 3209 3153 solidos
3254 3089 3760 3171 bononenorum,
3802 3097 3865 3153 ct
3913 3096 4356 3176 representare

712 3198 964 3262 lucrum
1009 3197 1302 3260 habitum
1349 3197 1427 3260 de
1478 3196 1737 3279 scholis,
1786 3196 1960 3261 facta
2007 3197 2362 3261 soluctionc
2409 3197 2811 3277 scholarum,
2860 3203 2925 3260 et
2970 3204 3343 3282 presentare
3391 3196 3584 3278 illud,
3634 3197 3804 3281 quod
3851 3197 3932 3261 ab
3980 3198 4124 3261 aliis
4172 3198 4355 3262 scho-

717 3304 960 3368 laribus
1007 3304 1400 3390 pauperibus
1450 3325 1574 3367 non
1627 3304 1950 3367 stantibus
1999 3304 2066 3367 in
2118 3303 2415 3368 duodena
2469 3303 2769 3386 habebit,
2819 3310 2883 3366 et
2945 3303 3100 3367 dare
3162 3304 3371 3367 eidem
3431 3304 3742 3388 magistro
3804 3304 4030 3368 Jentili
4090 3306 4356 3369 terciam

712 3418 962 3497 partem
1010 3411 1214 3474 tocius
1263 3411 1445 3474 istius
1494 3410 1686 3492 lucri,
1740 3411 1862 3475 hiis
1912 3410 2152 3474 habitis
2199 3411 2405 3496 pactis
2461 3411 2627 3473 inter
2688 3432 2833 3492 eos,
2884 3411 3053 3496 quod
3101 3418 3370 3496 uterque
3434 3432 3655 3474 eorum
3705 3412 4034 3496 promittat
4080 3413 4353 3476 alterum

705 3522 936 3603 juvare
983 3518 1152 3582 bona
1200 3517 1360 3598 fide,
1410 3525 1473 3581 et
1522 3539 1671 3582 cum
1723 3518 1900 3583 nullo
1949 3518 2223 3582 aliorum
2271 3519 2724 3602 magistrorum
2773 3517 3066 3581 Bononie
3113 3518 3536 3581 existencium
3594 3518 3700 3580 vel
3753 3520 4355 3604 supravenicncium

712 3626 949 3712 pacisci
998 3625 1064 3688 in
1113 3625 1421 3689 lesionem
1470 3624 1768 3707 alterius3
1819 3633 1883 3689 et
1930 3626 1985 3689 si
2035 3624 2230 3689 fuerit
2277 3625 2510 3710 aliquis
2557 3624 2947 3689 scholarium
2995 3625 3303 3688 stantium
3350 3625 3414 3688 in
3462 3624 3786 3707 duodena,
3836 3627 3945 3711 qui
3993 3627 4352 3712 aufugeret,

712 3734 802 3796 ita
851 3733 1018 3818 quod
1070 3732 1276 3795 dictus
1324 3731 1637 3816 magister
1686 3731 2076 3796 Guilielmus
2123 3753 2252 3795 non
2306 3732 2508 3817 possit
2566 3731 2808 3795 habere
2864 3731 3258 3796 solucionem
3314 3753 3431 3817 pro
3496 3731 3606 3795 illo
3667 3732 3771 3796 vel
3840 3754 3954 3817 pro
4018 3733 4178 3816 illis,
4226 3757 4358 3800 non

709 3848 1006 3905 teneatur
1069 3839 1313 3926 aliquid
1373 3847 1859 3926 representare3
1908 3846 1971 3904 et
2038 3839 2092 3904 si
2141 3839 2374 3926 aliquis
2423 3860 2549 3904 nou
2597 3839 2795 3904 vellet
2856 3839 3011 3904 dare
3066 3839 3395 3922 salarium,
3443 3846 3741 3903 teneatur
3794 3839 4002 3904 dictus
4048 3842 4357 3928 magister

714 3949 1124 4013 Guillielmus
1176 3949 1386 4032 ipsum
1433 3947 1818 4033 compellere
1869 3970 2086 4011 coram
2134 3949 2354 4034 aliqua
2398 3969 2695 4034 persona,
2732 3969 2855 4033 que
2903 3947 2982 4011 de
3024 3947 3172 4031 jure
3220 3946 3443 4011 audire
3489 3947 3749 4029 habeat,
3783 3955 3848 4011 et
3893 3949 4109 4012 sinon
4140 3958 4357 4036 posset

711 4056 1091 4120 convincere
1141 4054 1520 4141 predictum,
1559 4055 1710 4140 quia
1754 4055 2080 4139 judicaret
2126 4056 2205 4119 de
2253 4056 2562 4142 pauciori,
2613 4055 2677 4119 id
2723 4062 2976 4119 tantum
3023 4061 3321 4119 teneatur
3365 4061 3655 4141 prestare
3703 4062 3767 4119 et
3812 4055 3875 4119 id
3924 4056 4210 4121 dividere
4258 4080 4356 4122 se-

719 4164 999 4227 cundum
1048 4162 1216 4248 quod
1267 4162 1507 4227 dictum
1555 4171 1693 4245 est,
1743 4163 1957 4226 dando
2006 4163 2067 4227 ei
2113 4163 2378 4228 terciam
2426 4172 2709 4249 partem,
2759 4171 2825 4226 et
2870 4163 2990 4226 hoc
3039 4163 3298 4247 quidem
3361 4162 3762 4247 intelligatur
3816 4163 3894 4226 de
3956 4164 4357 4229 scholaribus

714 4270 1120 4334 venientibus
1169 4270 1246 4333 ad
1299 4269 1582 4333 studium
1630 4277 1780 4334 ante
1830 4270 2065 4334 festum
2113 4270 2509 4334 Nativitatis.
2560 4271 2659 4334 De
2707 4270 3114 4334 venientibus
3160 4276 3304 4355 post
3363 4269 3599 4333 festum
3661 4276 3958 4334 teneatur
4022 4272 4355 4357 assignare

717 4378 985 4459 lucrum,
1035 4377 1200 4463 quod
1251 4377 1537 4458 habebit,
1588 4377 1757 4441 bona
1807 4378 1952 4460 fide,
2002 4385 2068 4442 et
2114 4378 2270 4442 (lare
2316 4377 2438 4441 sibi
2485 4377 2836 4441 secundum
2883 4377 3239 4463 predictam
3285 4376 3675 4462 porcionem.

893 4484 1079 4565 Item,
1123 4485 1177 4547 si
1225 4484 1629 4568 contingeret
1675 4483 1918 4548 dictum
1965 4485 2346 4569 magistrum
2396 4484 2839 4548 Guillielmum
2889 4505 3014 4548 non
3061 4506 3248 4570 posse
3297 4483 3514 4569 aliquo
3562 4490 3849 4569 tempore
3897 4485 4113 4569 legere
4161 4509 4357 4551 causa

717 4593 994 4676 alicujus
1041 4591 1431 4655 infirmitatis
1480 4591 1767 4678 corporis
1815 4593 1919 4656 vel
1969 4593 2100 4656 alia
2146 4591 2577 4656 ractionabilli
2626 4613 2843 4675 causa,
2877 4599 2941 4655 et
2988 4613 3114 4656 non
3162 4591 3433 4655 haberet
3465 4612 3807 4677 personam
3854 4591 4187 4656 decentem
4231 4616 4355 4680 que

719 4720 834 4784 pro
883 4699 1021 4784 ipso
1069 4705 1286 4784 posset
1331 4698 1585 4783 legere,
1637 4698 1808 4784 quod
1878 4699 2087 4763 dictus
2147 4699 2457 4784 magister
2515 4699 2775 4764 Jentilis
2836 4698 3069 4762 debeat
3134 4698 3352 4783 legere
3408 4719 3525 4784 pro
3588 4719 3664 4761 eo
3712 4719 3839 4762 uno
3888 4721 4141 4781 mense,
4191 4708 4255 4765 et
4301 4703 4357 4765 si

719 4807 1121 4889 contingeret
1159 4806 1401 4870 dictum
1437 4806 1816 4890 magistrum
1851 4806 1893 4870 J
1898 4807 2158 4870 entilem
2191 4806 2409 4891 legere
2441 4807 2611 4870 ultra
2644 4805 3003 4889 me[n]sem,
3038 4813 3335 4870 teneatur
3366 4805 3574 4869 dictus
3607 4804 3916 4890 magister
3949 4806 4357 4873 Guillielmus

717 4912 838 4976 sibi
884 4913 1040 4977 dare
1087 4913 1250 4976 duas
1295 4921 1514 4998 partes
1561 4914 1722 4977 lucri
1762 4914 1886 4977 sibi
1922 4915 2353 4999 contingentis
2385 4936 2501 5000 pro
2535 4915 2645 4977 illo
2677 4921 2988 4999 tempore,
3022 4914 3112 4977 ita
3146 4913 3337 4998 quod,
3372 4913 3427 4976 si
3458 4914 3767 4998 magister
3800 4913 4210 4979 Guillielmus
4242 4917 4357 4980 ha·

716 5020 962 5084 buisset
1008 5042 1123 5106 pro
1174 5042 1392 5084 mense
1440 5021 1639 5085 libras
1688 5042 1942 5104 novem,
1989 5029 2287 5085 teneatur
2333 5022 2454 5086 sibi
2503 5022 2657 5085 dare
2706 5042 2844 5084 sex.

895 5127 1061 5191 Item
1111 5127 1277 5212 quod
1336 5133 1529 5213 pacta
1592 5128 1716 5191 ista
1780 5135 2043 5192 teneant
2106 5136 2378 5214 utroque
2441 5128 2751 5213 magistro
2812 5127 3089 5192 faciente
3151 5149 3338 5192 suum
3393 5128 3706 5211 officium,
3756 5129 3846 5192 ita
3894 5129 4099 5214 quod,
4150 5130 4353 5195 altero

718 5235 977 5299 omnino
1024 5234 1359 5298 deficiente
1409 5255 1447 5297 a
1495 5256 1611 5298 suo
1661 5235 1889 5318 offici0,
1940 5236 2030 5300 ita
2078 5236 2245 5321 quod
2297 5235 2460 5299 alter
2508 5235 2630 5299 iret
2676 5235 2937 5299 domum
2982 5244 3048 5300 et
3095 5237 3576 5319 inreversurus,
3625 5243 3875 5299 cessent
3928 5244 4119 5322 pacta
4165 5238 4356 5303 ultra.

895 5341 1061 5406 Item
1112 5341 1282 5426 quod
1329 5341 1384 5404 si
1431 5341 1741 5426 magister
1790 5341 2199 5406 Guillielmus
2247 5342 2525 5428 accipiat
2569 5363 2685 5428 pro
2733 5342 3013 5407 scholari
3059 5342 3491 5428 quadraginta
3539 5342 3798 5424 solidos,
3844 5350 3906 5406 et
3953 5342 4008 5406 si
4054 5344 4358 5408 ascendet

717 5449 919 5530 ultra,
967 5455 1265 5513 teneatur
1311 5448 1465 5512 dare
1517 5448 1596 5512 de
1644 5448 1825 5513 lucro
1851 5449 1929 5512 (2)
1957 5449 2247 5513 ulteriori
2294 5449 2464 5514 dicto
2512 5450 2822 5534 magistro
2870 5449 3095 5514 Jentili
3144 5450 3411 5513 terciam
3458 5456 3709 5535 partem
3755 5451 3918 5534 ejus,
3967 5450 4138 5535 quod
4187 5451 4357 5515 ultra

718 5557 1151 5642 quadraginta
1197 5555 1435 5619 solidos
1492 5557 1848 5642 acceperit,
1897 5565 1961 5620 et
2008 5557 2061 5620 si
2107 5557 2289 5620 fieret
2335 5563 2647 5620 statutum
2694 5578 2810 5643 per
2859 5556 3140 5642 aliquem
3187 5556 3269 5620 ad
3315 5557 3438 5621 hoc
3486 5556 3865 5643 deputatum
3926 5557 4096 5642 quod
4152 5559 4356 5642 magi-

717 5671 850 5728 ster
896 5663 1305 5727 Guillielmus
1354 5684 1480 5727 non
1529 5664 1732 5749 possit
1780 5665 2071 5750 accipere
2137 5664 2405 5749 triginta
2466 5663 2740 5746 solidos,
2789 5672 2939 5729 tunc
3002 5664 3311 5749 magister
3373 5664 3783 5729 Guillielmus
3843 5673 4141 5729 teneatur
4200 5666 4355 5731 dare

716 5772 983 5835 terciam
1030 5772 1192 5855 ejus,
1243 5792 1436 5856 quam
1484 5778 1636 5835 tunc
1686 5793 1916 5857 capere
1963 5778 2180 5858 posset
2225 5771 2579 5836 secundum
2626 5771 2901 5836 formam
2947 5772 3121 5835 illius
3167 5773 3412 5837 statuti.

896 5879 1060 5943 Item
1110 5888 1370 5966 pactum
1418 5880 1501 5945 ad
1551 5880 1824 5944 invicem
1872 5881 2198 5964 fecerunt,
2247 5880 2419 5966 quod
2465 5880 2680 5945 nullus
2726 5902 2949 5945 eorum
2996 5881 3199 5967 possit
3245 5881 3339 5944 ire
3395 5881 3478 5945 ad
3539 5880 3820 5966 aliquem
3881 5882 4081 5945 alium
4144 5882 4356 5946 locum

719 6007 915 6051 causa
962 5986 1260 6050 studendi
1309 5987 1398 6050 ibi
1444 5995 1593 6052 ante
1645 5996 1898 6073 tempus
1945 5995 2288 6070 statutum,
2337 5988 2581 6052 scilicet
2642 5989 2838 6052 trium
2900 6009 3215 6052 annorum
3277 5988 3331 6051 si
3395 5986 3737 6071 al[iter](3)
3769 5994 3970 6052 staret
4024 5989 4087 6052 in
4144 5996 4352 6072 terra,

716 6102 986 6179 uterque
1034 6101 1333 6158 teneatur
1379 6096 1598 6180 legere
1645 6117 1797 6158 suas
1844 6095 2172 6160 lectiones.

880 6359 959 6425 (1)
999 6376 1028 6408 ι
1082 6358 1175 6410 Vel
1214 6379 1242 6410 »
1283 6359 1383 6412 bis.

880 6449 958 6514 (2)
998 6447 1184 6501 Verba
1222 6465 1251 6498 α
1291 6455 1539 6500 teneatur
1575 6450 1711 6501 dare
1746 6450 1811 6501 de
1848 6450 1998 6502 lucro
2035 6469 2066 6501 »
2104 6453 2445 6519 repetuntur.

878 6538 957 6604 (3)
997 6537 1100 6589 Hic
1140 6538 1379 6607 spatium
1417 6554 1515 6607 pro
1554 6555 1662 6590 uno
1699 6538 1884 6591 verbo.
