5542 7775
1615 664 2079 716 ΒΡΕΟΤΑΝΤΙΑ
2136 668 2239 718 AD
2295 668 2806 720 PROFESSORES
2862 670 3074 720 sums
3131 670 3399 721 onnus
4171 653 4311 724 131

681 815 914 880 domini
960 819 1151 882 nostri
1184 839 1370 903 pape,
1405 820 1682 904 predicto
1725 820 1983 885 arbitrio
2030 822 2385 907 infliqenda,
2432 824 2596 909 quod
2640 826 2758 908 ipsi
2791 825 3098 909 predictos
3141 826 3403 891 sindicos
3447 827 3670 891 directe
3725 828 3815 892 vel
3858 828 4147 891 indirecte
4199 849 4318 892 non

684 922 1061 1006 revocabunt,
1108 947 1215 990 nec
1257 927 1467 991 datam
1513 929 1598 991 eis
1629 949 1752 1012 per
1786 949 2041 1013 presens
2084 930 2561 995 instrumentum
2609 929 2966 996 Potestatem
3010 934 3364 1018 aliqualiter
3414 933 3768 1016 mutabunt,
3816 936 4181 1019 restrinqent
4235 934 4325 1000 vel

680 1030 1051 1115 limitabunt,
1083 1033 1269 1097 donec
1298 1036 1605 1119 neyotium
1636 1043 1689 1099 et
1708 1043 1972 1119 potesta-⁴<
2002 1036 2085 1100 eis
2104 1058 2225 1120 per
2253 1036 2361 1101 hoc
2390 1039 2866 1103 instrumentum
2893 1040 3232 1104 sindicatus
3259 1042 3595 1123 commissa,
3609 1041 3868 1126 plenum
3903 1049 3958 1106 et
3978 1043 4321 1126 perfectum

679 1140 801 1202 sint
846 1138 1124 1222 effectum
1167 1142 1402 1224 sortita,
1450 1141 1731 1227 quodque
1788 1142 1946 1206 nihil
1987 1143 2283 1208 dixserunt
2328 1146 2419 1208 vel
2455 1144 2767 1229 fecerunt,
2815 1147 3042 1230 dicent,
3092 1149 3183 1212 vel
3221 1148 3488 1230 facient,
3536 1150 3862 1233 quominus
3893 1170 4149 1233 presens
4192 1151 4321 1213 sin-

680 1247 918 1311 dicatus
963 1254 1016 1311 et
1059 1249 1267 1311 omnia
1316 1256 1369 1313 et
1413 1250 1659 1334 sinqula
1705 1252 1772 1313 in
1817 1271 1882 1314 eo
1925 1257 2224 1334 contenta,
2243 1253 2500 1336 plenam
2545 1260 2599 1316 et
2644 1252 3046 1317 inviolabilem
3087 1253 3345 1319 habeant
3377 1254 3619 1319 roburis
3643 1256 4019 1339 firmitatem.
4061 1255 4320 1320 Renun-

678 1357 903 1418 ciantes
948 1356 1202 1439 insuper
1246 1357 1314 1418 in
1357 1356 1478 1439 hijs
1523 1356 1801 1421 omnibus
1847 1365 1901 1421 et
1946 1359 2207 1444 sinqulis
2250 1361 2686 1444 suprascriptis
2717 1362 3042 1446 privileqio
3082 1362 3215 1444 fori
3244 1369 3298 1426 et
3326 1363 3510 1426 alteri
3538 1364 3916 1447 cuicumque,
3949 1371 4003 1426 et
4042 1362 4321 1427 omnibus

679 1469 735 1525 et
777 1462 1038 1546 sinyulis
1079 1465 1320 1527 statutis
1363 1485 1437 1528 ac
1481 1462 1709 1549 leyibus
1768 1464 2243 1549 municipalibus
2287 1466 2441 1531 dicte
2484 1468 2740 1531 civitatis
2785 1467 3197 1551 bononiensiS,
3242 1476 3368 1533 tam
3406 1470 3594 1552 factis
3646 1490 3834 1555 quam
3871 1469 4176 1554 faciendis
4217 1492 4317 1555 qe-

676 1567 990 1633 nerulibus
1034 1570 1126 1633 vel
1168 1569 1559 1655 specialibus,
1605 1592 1679 1634 ecc
1722 1571 1940 1657 quibus
1972 1572 2256 1656 predicta
2300 1574 2393 1638 vel
2436 1594 2647 1637 eorum
2689 1575 2904 1660 aliqua
2972 1576 3319 1659 annullari,
3367 1577 3654 1661 infrinqi,
3702 1576 3973 1640 diminui
4019 1578 4108 1641 vel
4151 1575 4314 1641 debi-

676 1675 850 1739 litari
895 1676 1181 1758 calerent,
1227 1698 1332 1742 seu
1380 1677 1811 1763 quomodolibet
1856 1681 2096 1763 vitiari,
2144 1701 2253 1744 nec
2297 1701 2419 1744 non
2469 1688 2523 1745 et
2566 1680 2711 1763 doli,
2757 1688 2814 1746 et
2860 1683 2925 1745 in
2966 1682 3203 1764 factum
3252 1691 3307 1747 et
3354 1683 3830 1768 quibuscumque
3882 1682 4321 1768 exceptionibus

674 1783 817 1867 aliis
847 1783 1298 1866 defensionibus
1311 1786 1488 1867 juris
1517 1786 1608 1851 vel
1631 1785 1808 1869 facti,
1841 1807 1955 1871 que
1972 1808 2094 1871 pro
2126 1789 2419 1872 expressis
2451 1795 2505 1852 et
2535 1790 2874 1872 specialiter
2917 1788 3014 1853 hic
3059 1791 3386 1854 nominatis
3433 1792 3754 1854 voluerunt
3785 1799 3840 1855 et
3869 1792 4078 1855 volunt
4106 1790 4319 1855 haberi

664 1890 959 1975 perinde,
1008 1898 1061 1955 et
1104 1891 1457 1975 hujusmodi
1500 1895 2017 1959 renunciationem
2065 1895 2266 1959 valere
2309 1902 2363 1959 et
2410 1895 2688 1977 effectum
2730 1895 2951 1960 habero
2982 1918 3104 1981 per
3147 1899 3384 1980 omnia,
3424 1920 3496 1961 ac
3540 1900 3595 1961 si
3639 1897 3918 1962 omnibus
3963 1906 4016 1963 et
4059 1899 4319 1983 sinyulis

675 1997 912 2062 casibus
963 2001 1301 2084 specialiter
1346 2008 1400 2064 et
1445 2022 1718 2085 eapresse
1763 2004 2198 2067 renunciatum
2236 2003 2478 2087 fuisset,
2509 2025 2616 2068 nec
2660 2025 2785 2068 non
2833 2012 2887 2068 et
2917 2007 3085 2068 omni
3112 2006 3295 2069 alteri
3323 2008 3681 2091 cuicumque
3694 2006 3873 2089 juris
3901 2008 4158 2089 auatiliO,
4189 2013 4317 2070 tam

672 2107 959 2169 canonico
1014 2128 1201 2191 quam
1245 2108 1442 2191 civili,
1491 2130 1565 2172 err
1625 2108 1842 2194 quibus
1901 2117 2119 2174 contra
2174 2110 2451 2194 predicta
2508 2110 2738 2174 obviari
2803 2112 2891 2175 vel
2958 2114 3150 2177 veniri
3212 2112 3644 2197 quomodolibet
3702 2114 4031 2178 videretur.
4083 2111 4318 2193 Quibus

672 2211 951 2276 omnibus
996 2221 1050 2277 et
1094 2216 1353 2299 sinyulis
1397 2217 1481 2279 sic
1513 2218 1783 2299 peractis
1826 2217 1913 2280 ad
1956 2217 2255 2281 cautelam
2292 2218 2531 2302 prefati
2576 2217 2867 2300 PotestaS,
2914 2217 3267 2304 Viceqerens
3319 2218 3638 2304 Capitanei
3677 2228 3731 2283 et
3762 2222 4037 2299 Antiani*
4067 2228 4121 2285 et
4158 2219 4313 2284 Con-

670 2319 852 2401 sules,
886 2321 1021 2403 rite,
1069 2329 1221 2385 recte
1267 2328 1321 2386 et
1366 2322 1669 2406 leyittime,
1696 2324 1877 2407 qestis
1920 2324 2088 2386 omni
2130 2323 2305 2386 modo
2351 2330 2403 2386 et
2444 2323 2653 2405 forma
2701 2324 2920 2408 quibus
2963 2326 3181 2389 melius
3213 2333 3475 2410 possunt
3518 2326 3593 2389 de
3622 2326 3777 2409 jure
3812 2329 4034 2411 scripto
4065 2327 4155 2390 vel
4188 2347 4315 2390 non

670 2430 892 2512 scripto
953 2436 1007 2493 et
1065 2431 1372 2493 communi
1432 2430 1524 2494 vel
1567 2431 1964 2514 municipali,
2010 2433 2178 2494 omni
2222 2433 2399 2495 etiam
2446 2433 2819 2496 solemnitate
2863 2431 3205 2515 observata,
3253 2455 3367 2518 que
3413 2436 3476 2496 in
3527 2432 3750 2497 talibus
3802 2433 3968 2498 debet
4029 2436 4118 2499 vel
4171 2435 4314 2498 solet

670 2535 1008 2598 secundum
1053 2537 1547 2601 consuetudinem
1594 2539 1849 2600 civitatis
1893 2536 2273 2601 bononiensis
2319 2540 2384 2601 in
2429 2537 2652 2601 talibus
2698 2538 3024 2621 observari,
3074 2547 3140 2603 ut
3186 2538 3481 2623 dicebant,
3526 2543 3946 2604 auctoritatem
3992 2561 4170 2604 suam
4216 2543 4311 2604 in-

670 2648 1098 2726 terposuerunt
1128 2644 1539 2727 judiciariam
1586 2651 1640 2709 et
1685 2644 2011 2727 decretum,
2058 2645 2422 2709 mandantes
2467 2645 2541 2709 de
2575 2646 2883 2729 predictis·
2906 2668 3026 2730 per
3072 2668 3164 2710 me
3209 2649 3516 2711 notarium
3582 2648 4050 2732 infrascriptum
4103 2647 4311 2732 publi-

665 2769 804 2812 cum
853 2756 907 2813 et
949 2751 1211 2815 solemne
1251 2750 1394 2835 fieri
1437 2753 1953 2835 instrumentum,
2001 2759 2054 2816 et
2100 2752 2292 2816 eidem
2337 2755 2564 2837 apponi
2624 2753 2896 2837 siqillum
2949 2752 3303 2817 Communis
3362 2752 3776 2836 bononiensis,
3825 2756 3887 2817 in
3936 2754 4161 2819 talibus
4202 2776 4308 2819 seu

664 2856 965 2921 similibus
1008 2857 1246 2922 casibus
1288 2866 1656 2923 consuetum.
4239 2879 4244 2884 ’

839 2964 1065 3027 Actum
1113 2964 1391 3030 Bononie
1434 2968 1502 3029 in
1544 2967 1774 3049 palatio
1821 2987 1968 3030 novo
2013 2947 2181 3030 dicti⁴
2209 2964 2585 3049 Communis,
2618 2969 2684 3030 in
2717 2988 2836 3052 quo
2860 2967 3003 3048 fieri
3029 2969 3172 3032 solet
3201 2970 3661 3053 acconqreqari
3697 2966 4038 3032 Consilium
4065 2969 4307 3052 populi,

658 3070 1039 3153 presentibus
1084 3072 1350 3136 dominis
1394 3073 1704 3138 Anthonio
1735 3074 1810 3137 de
1841 3073 2077 3156 Lucha,
2111 3076 2336 3138 vicario
2367 3074 2513 3138 dicti
2543 3075 2779 3138 domini
2810 3075 3148 3158 Potestatis‚
3184 3075 3365 3140 Petro
3411 3076 3486 3139 de
3529 3075 3886 3160 Adiqlzerijs
3930 3076 4005 3139 de
4054 3075 4310 3158 Parma,

664 3175 890 3242 Jacobo
928 3179 1003 3243 de
1038 3178 1290 3244 Larena-
1336 3180 1410 3245 de
1460 3179 1715 3263 Parma,
1748 3180 2036 3246 Martello
2081 3182 2315 3245 domini
2360 3181 2654 3246 Morisclii
2697 3182 2772 3246 de
2804 3181 3301 3267 MontepulzanO,
3331 3182 3611 3247 omnibus
3641 3181 3968 3247 Judicibus
4012 3184 4160 3247 dicti
4202 3183 4309 3247 do·

662 3287 820 3348 mini
852 3285 1187 3370 Potestatis,
1220 3287 1515 3352 Nicholao
1560 3289 1635 3352 de
1682 3286 1858 3353 Senis
1878 3289 2268 3373 jurisperito,
2302 3292 2592 3374 maqistro
2624 3288 3003 3354 Benintendi
3035 3288 3221 3373 Nerij
3247 3291 3322 3356 de
3352 3289 3699 3373 Florentia,
3731 3311 3831 3355 ser
3861 3289 4032 3354 Zono
4065 3290 4313 3355 Sasselli

663 3391 739 3457 de
783 3392 1000 3457 Lucha
1019 3443 1037 3476 ,
1083 3398 1356 3478 notario,
1405 3403 1459 3460 et
1519 3394 1770 3481 qulino
1818 3395 2061 3460 Bellicti
2075 3446 2093 3479 ,
2141 3396 2456 3461 Damiano
2510 3397 2926 3462 Bartliolotnei
2969 3406 3021 3463 et
3080 3398 3402 3462 Dominico
3447 3397 3792 3462 Bencenuti
3809 3447 3826 3481 ,
3886 3396 4309 3461 bannitoribus

669 3497 1024 3565 Communis
1076 3501 1491 3587 bononiensis,
1538 3505 1645 3588 qui
1705 3504 1997 3568 dixerunt
2049 3505 2356 3588 predictos
2415 3508 2763 3570 constitutos
2809 3513 2863 3569 et
2908 3508 3327 3571 constituentes
3379 3526 3722 3591 coquoscere
3740 3555 3758 3588 ,
3804 3503 4047 3570 testibus
4096 3507 4308 3569 vocatis

661 3606 748 3670 ad
788 3606 913 3671 hec.

839 3714 956 3798 [L.
982 3715 1028 3797 †
1058 3715 1166 3799 S.]
1211 3716 1344 3803 qu
1390 3716 1707 3783 Johannes
1755 3718 2036 3803 Bunuciy'
2084 3720 2488 3804 Garfaqnini,
2521 3721 2833 3805 imperiali
2875 3722 3233 3785 auctoritate
3264 3723 3563 3805 notarius,
3585 3720 3880 3805 predictis
3924 3718 4204 3783 omnibus
4251 3728 4304 3783 et

661 3824 940 3909 sinqulis,
987 3844 1125 3888 cum
1171 3832 1521 3911 aqerentur,
1560 3826 2009 3892 ordinarentur
2054 3835 2108 3893 et
2147 3828 2387 3912 fierent,
2418 3848 2604 3912 ann0,
2635 3849 2858 3911 mense,
2889 3828 3008 3911 die,
3041 3828 3364 3893 indictione
3396 3836 3448 3894 et
3479 3829 3602 3894 loco
3640 3828 4031 3913 supradictis,
4051 3848 4308 3912 presens

661 3952 793 3994 una
837 3951 973 3995 cum
1021 3931 1197 3996 dictis
1239 3932 1483 3997 testibus
1526 3934 1809 4018 interfui,
1841 3943 1894 3999 et
1941 3956 2009 3999 ea
2057 3936 2132 4000 de
2176 3957 2453 4021 ext-presso
2497 3956 2792 4000 consensu
2839 3943 2893 4000 et
2939 3937 3243 4001 voluntate
3278 3938 3553 4000 omnium
3573 3937 3996 4021 predictorum
4037 3942 4305 4021 recatus,

660 4037 895 4122 publice
939 4046 993 4103 et
1036 4061 1229 4104 manu
1265 4043 1531 4126 propria
1574 4043 1794 4126 scripsi
1842 4066 1870 4098 »
1886 4091 1901 4105 .

839 4145 1022 4209 Nulli
1066 4168 1221 4233 ergo
1272 4148 1530 4212 omnino
1578 4148 1909 4213 hominum
1955 4150 2149 4214 liceat
2193 4150 2362 4215 hanc
2408 4151 2718 4237 paginam
2764 4156 3130 4214 nostrarum
3177 4150 3719 4230 declarationum,
3769 4149 4304 4233 moderationum,

662 4252 1214 4337 reformationum,
1263 4255 1779 4341 suppletionum‚
1828 4257 2292 4339 intentionum,
2342 4257 2837 4343 suspensionum
2884 4264 2950 4321 et
2995 4258 3396 4322 volontatum
3444 4258 3833 4343 infringere,
3883 4257 3988 4321 vel
4034 4256 4095 4320 ei
4143 4277 4307 4320 ausu

664 4361 1007 4425 temerario
1055 4362 1410 4444 contraire3
1443 4362 1496 4426 si
1530 4362 1673 4448 quis
1706 4369 1923 4427 autem
1970 4364 2093 4428 hoc
2139 4371 2458 4428 attentare
2508 4365 2991 4451 presumpserit,
3027 4364 3535 4450 indignationem
3566 4364 4022 4451 omnipotentis
4054 4362 4181 4428 Dei
4228 4384 4305 4428 ac

661 4467 999 4532 beatorum
1045 4468 1224 4533 Petri
1272 4476 1338 4534 et
1384 4469 1577 4534 Pauli
1622 4470 2061 4557 apostolorum
2108 4472 2246 4536 eius
2292 4494 2362 4536 so
2408 4473 2663 4536 noverit
2708 4473 3136 4536 incursurum.

838 4574 1083 4640 Datum
1129 4576 1473 4660 Avenioni,
1523 4577 1771 4642 decimo
1820 4585 2049 4642 octavo
2097 4578 2412 4643 kalendas
2461 4568 2624 4664 iulij,
2670 4580 3082 4665 pontificatus
3131 4581 3335 4645 nostri
3380 4602 3550 4645 anno
3600 4587 3807 4645 sext0.

2341 4898 2621 4964 LXVII.

2205 5115 2400 5198 1340,
2452 5115 2537 5182 15.
2582 5117 2761 5180 iunii.

1218 5326 1324 5390 Ex
1370 5325 1597 5391 eodem
1643 5333 1816 5391 tomo
1868 5327 2105 5392 Codicis
2149 5328 2522 5413 diplomatici
2564 5328 2965 5413 bononiensis,
3014 5351 3188 5393 num.
3237 5328 3367 5412 II.,
3416 5351 3470 5394 c.
3521 5331 3646 5409 297
3699 5351 3750 5394 r.

839 5542 1231 5607 Benedictus
1278 5542 1653 5629 episcopus,
1703 5563 1929 5606 servus
1977 5564 2311 5607 servorum
2356 5543 2513 5626 Dei,
2562 5543 2922 5608 venerabili
2966 5544 3154 5608 fratri
3197 5543 3601 5610 Beltramino
3653 5545 3955 5631 episcopo
4005 5566 4299 5628 cuman0,

663 5650 1014 5736 apostolice
1065 5649 1252 5714 Sedis
1300 5650 1555 5733 nuncio,
1602 5651 1876 5714 salutem
1924 5656 1989 5714 et
2037 5651 2456 5736 apostolicam
2503 5650 3040 5716 benedictionem.

839 5757 1102 5821 Dudum
1150 5757 1602 5822 accedentibus
1650 5757 1731 5821 ad
1788 5757 2211 5844 apostolicam
2274 5758 2507 5823 Sedem
2570 5759 2897 5844 magistris
2957 5758 3167 5823 Paulo
3228 5759 3307 5823 de
3368 5759 3688 5844 Liazarijs
3750 5761 4189 5842 decretorum,
4237 5766 4302 5824 et

660 5866 1114 5952 Machagnano
1161 5865 1240 5930 de
1287 5865 1680 5950 Aozoguidis
1742 5886 1818 5928 ac
1873 5864 2069 5929 Petro
2117 5865 2196 5929 de
2242 5864 2646 5953 Bompetris,
2695 5867 2914 5952 legum
2960 5866 3360 5950 doctoribus,
3409 5867 3998 5950 ambaxiatoribus,
4048 5889 4124 5931 ac
4168 5867 4300 5932 Ro·

662 5973 855 6038 lando
904 5972 1229 6059 quondam
1275 5972 1593 6038 Johannis
1640 5972 1719 6036 de
1766 5972 2139 6057 Fantucij8‚
2187 5973 2433 6038 sindico
2495 5981 2560 6038 et
2622 5980 3040 6060 procuratore
3087 5995 3163 6038 ac
3213 5975 3443 6039 nuncio
3492 5976 3758 6061 speciali
3804 5974 4298 6056 Universitatis,

663 6081 1033 6146 Communis
1081 6087 1146 6144 et
1189 6081 1410 6166 populi
1457 6080 1968 6164 bononiensium,
2012 6081 2259 6145 civibus
2306 6081 2831 6164 bononiensibus,
2867 6103 2942 6146 ac
2989 6104 3206 6146 coram
3252 6082 3437 6146 nobis
3484 6090 3549 6146 et
3593 6081 3934 6146 Fratribus
3965 6081 4201 6145 nostris
4234 6083 4300 6145 in

664 6188 1057 6254 Consistorio
1105 6188 1363 6274 publico
1411 6188 1968 6275 comparentibus,
2017 6211 2092 6254 ac
2138 6210 2255 6275 per
2301 6189 2544 6255 dictum
2598 6190 2954 6273 sindicum,
3003 6190 3347 6255 sindicario
3411 6197 3476 6254 et
3535 6189 3979 6276 procuratorio
4044 6189 4299 6253 nomine

662 6296 1187 6362 constituentium
1232 6296 1665 6381 predictorum
1714 6296 2039 6360 nonnullis
2086 6318 2304 6361 coram
2349 6298 2534 6362 nobis
2581 6305 2646 6362 et
2692 6297 2879 6362 dictis
2927 6298 3235 6362 fratribus
3282 6298 3348 6361 in
3394 6296 3622 6362 eodem
3678 6295 4058 6362 consistorio
4122 6317 4298 6360 reco-

661 6403 879 6490 gnitis,
928 6403 1121 6486 actiS,
1169 6403 1402 6488 gestis,
1451 6403 1817 6489 promissis,
1867 6402 2032 6467 datis
2057 6454 2073 6487 ,
2123 6404 2515 6489 constitutis,
2562 6405 2772 6488 factis,
2822 6405 3060 6470 habitis
3108 6411 3173 6470 et
3219 6404 3464 6487 iuratis,
3514 6426 3630 6469 nos
3677 6426 3873 6492 super
3919 6403 4013 6468 eis
4061 6411 4127 6467 et
4171 6403 4298 6487 hijs

661 6511 853 6575 etiam
904 6531 1027 6597 que
1074 6532 1192 6597 per
1236 6532 1354 6574 nos
1401 6510 1480 6575 de
1528 6510 1844 6576 dictorum
1904 6511 2175 6576 fratrum
2243 6513 2508 6577 consilio
2572 6534 2879 6577 concessa
2938 6520 3002 6577 et
3065 6511 3374 6598 disposita
3420 6513 3716 6595 fuerunt,
3766 6533 3884 6576 nec
3931 6532 4061 6575 non
4108 6532 4301 6597 super
