5542 7775
1290 652 1324 721 1
1341 652 1383 722 8
1395 652 1437 722 8
2859 669 3341 721 MONUMENTA

1281 832 1593 890 vocentur
1638 832 1915 910 quatuor
1963 824 2285 889 consortia
2351 825 2858 911 presbiterorum
2921 830 2985 889 et
3047 845 3267 888 omnes
3328 832 3681 890 conventus
3743 825 4278 890 monasteriorum
4340 833 4406 891 et
4464 826 4916 892 canonicorum

1282 932 1699 996 ecclesiarum
1745 931 2059 1015 Bononie,
2093 938 2160 996 et
2200 931 2464 997 cuilibet
2509 931 2827 996 dictorum
2875 940 3152 1017 quatuor
3206 933 3673 997 consortiorum
3720 932 3953 997 dentur
3997 932 4076 997 de
4122 932 4426 1020 predictis
4473 935 4915 1020 centumquin-

1281 1040 1594 1124 quaginta
1639 1039 1821 1104 libris
1870 1038 2301 1124 quadraginta
2363 1038 2552 1103 solidi
2614 1039 3129 1122 bononenorum,
3177 1039 3232 1102 si
3277 1039 3573 1104 venerint
3619 1039 3704 1104 ad
3764 1039 4163 1127 sepulturam
4224 1061 4470 1124 meam3
4520 1048 4585 1106 et
4640 1062 4798 1127 rogo
4846 1050 4916 1106 ut

1282 1146 1554 1232 quilibet
1598 1146 1898 1211 sacerdos
1944 1146 2231 1233 ipsorum
2278 1145 2745 1210 consortiorum
2807 1145 3043 1210 debeat
3107 1146 3436 1211 celebrare
3498 1168 3695 1211 unam
3753 1147 4017 1211 missam
4073 1169 4190 1234 pro
4257 1147 4475 1212 anima
4536 1169 4680 1213 mea
4745 1148 4914 1213 infra

1281 1260 1425 1319 octo
1473 1253 1609 1317 dies
1656 1254 1783 1318 mei
1830 1254 2064 1319 obitus.

1460 1361 1626 1425 Item
1681 1360 1829 1426 volo
1893 1360 2065 1447 quod
2111 1361 2377 1425 sacriste
2424 1360 2839 1426 bononiensis
2885 1360 3175 1425 Ecclesie
3223 1360 3379 1425 dent
3424 1362 3878 1426 commissariis
3925 1362 4083 1427 meis
4129 1384 4329 1426 unum
4391 1362 4768 1426 assamitum
4812 1363 4914 1427 vel

1279 1467 1740 1532 baldachinum
1787 1467 1870 1532 ad
1916 1468 2317 1532 voluntatem
2362 1468 2595 1555 prioris
2643 1468 2848 1532 sancti
2895 1467 3232 1532 Michaelis
3280 1467 3359 1532 de
3404 1468 3619 1533 Busco
3682 1475 3746 1533 et
3791 1468 4066 1534 aliorum
4112 1490 4403 1534 meorum
4449 1469 4914 1535 commissario-

1280 1597 1443 1658 rum,
1492 1574 1602 1661 qui
1646 1582 1940 1661 portetur
1985 1596 2182 1661 supra
2229 1597 2460 1662 corpus
2511 1597 2723 1639 meum
2770 1574 2853 1638 ad
2900 1575 3301 1660 sepulturam
3349 1595 3579 1640 meam.

1458 1682 1626 1746 Item
1670 1682 1751 1747 de
1799 1681 1972 1747 dicta
2020 1683 2379 1768 quantitate
2436 1682 2577 1746 dari
2616 1682 2764 1747 volo
2799 1681 3064 1746 cuilibet
3108 1681 3565 1747 canonicorum
3595 1681 3887 1748 Ecclesie
3918 1682 4334 1749 bononiensis
4364 1684 4648 1770 vigintos
4680 1684 4915 1752 solidos

1278 1789 1787 1854 bononenorum.

1460 1897 1628 1961 Item
1676 1896 1940 1962 cuilibet
1986 1896 2420 1960 mansionario
2468 1896 2760 1981 ejusdem
2808 1897 3076 1961 ecclesie
3124 1897 3346 1962 decem
3395 1897 3635 1962 solidos
3681 1896 4189 1962 bononenorum.

1458 2003 1626 2068 Item
1674 2004 1938 2069 cuilibet
1982 2004 2241 2068 illorum
2295 2010 2573 2089 quatuor
2633 2003 3034 2088 clericorum,
3084 2005 3193 2091 qui
3238 2011 3573 2069 morantur
3619 2004 3685 2067 in
3732 2005 4026 2069 sacristia
4069 2005 4383 2090 Bononie,
4416 2006 4639 2071 decem
4680 2007 4914 2072 solidos

1277 2110 1784 2193 bononenorum,
1835 2118 1900 2175 et
1945 2111 2301 2198 presbitero
2348 2111 2633 2175 benefitii
2679 2112 2973 2196 magistri
3022 2111 3340 2176 Tancredi
3389 2111 3612 2176 decem
3658 2111 3895 2176 solidos
3943 2111 4449 2178 bononenorum.

1456 2218 1625 2283 Item
1670 2218 1819 2283 volo
1865 2219 2003 2282 fieri
2050 2218 2369 2283 tumulum
2416 2218 2739 2283 elevatum
2787 2241 2982 2305 super
3028 2220 3427 2306 sepulturam
3475 2240 3686 2283 meam
3727 2226 3919 2306 prout
3949 2219 4273 2284 videbitur
4303 2220 4613 2306 magistro
4645 2220 4913 2286 Alberto

1278 2326 1512 2390 rectori
1564 2326 1776 2413 operis
1824 2325 1991 2390 dicte
2040 2326 2329 2409 ecclesie,
2364 2327 2469 2390 vel
2516 2326 2644 2391 alio
2692 2327 2928 2391 rectori
2974 2327 3266 2410 ejusdem
3314 2326 3524 2412 operis
3572 2332 3637 2391 et
3682 2327 3881 2413 priori
3928 2326 4007 2391 de
4039 2327 4249 2392 Bosco
4282 2326 4362 2392 de
4393 2327 4717 2414 lapidibus
4749 2350 4914 2392 mar·

1279 2434 1513 2497 moreis
1554 2434 1694 2519 jam
1740 2433 1984 2520 paratis
2032 2455 2072 2497 a
2117 2433 2287 2498 dicto
2336 2434 2646 2520 magistro
2691 2433 2987 2518 Alberto,
3021 2433 3101 2497 de
3149 2434 3380 2519 quibus
3429 2434 3676 2498 solutus
3723 2441 3849 2517 est,
3884 2433 4170 2520 exceptis
4219 2434 4650 2521 quadraginta
4698 2434 4914 2500 solidis

1277 2539 1785 2623 bononenorum,
1820 2542 1929 2627 qui
1962 2542 2127 2606 solvi
2174 2542 2412 2606 debent
2459 2563 2651 2628 opere
2701 2542 2894 2625 facto,
2943 2563 3103 2627 quos
3150 2540 3316 2606 solvi
3360 2541 3596 2606 mando
3645 2540 3724 2605 de
3772 2541 4130 2628 quantitate
4172 2540 4484 2628 predicta.
4529 2541 4717 2606 Alias
4762 2563 4912 2607 vero

1278 2670 1599 2736 expensas
1632 2649 2026 2713 necessarias
2049 2648 2128 2713 (1)
2159 2648 2329 2713 circa
2361 2649 2759 2735 sepulturam
2800 2670 3011 2713 meam
3052 2647 3193 2735 ipsa
3239 2648 3343 2712 die
3389 2649 3529 2712 fieri
3574 2648 3809 2713 mando
3856 2648 3935 2712 de
3983 2649 4340 2734 quantitate
4382 2648 4693 2735 predicta,
4726 2657 4914 2736 prout

1275 2756 1601 2821 videbitur
1647 2756 2101 2821 commissariis
2147 2757 2308 2821 meis
2343 2802 2622 2821 ......
2652 2755 2740 2820 Et
2787 2757 2841 2819 si
2888 2756 3133 2842 aliquid
3180 2755 3498 2843 supererit
3544 2756 3622 2820 de
3671 2755 3843 2820 dicta
3876 2755 4235 2842 quantitate
4268 2777 4308 2820 a
4340 2756 4644 2843 predictis
4677 2778 4913 2844 expen-

1275 2864 1384 2948 sis,
1416 2865 1566 2929 volo
1601 2863 1743 2928 dari
1774 2869 1839 2927 et
1885 2862 2184 2928 distribui
2224 2863 2616 2950 pauperibus
2665 2863 2733 2927 in
2778 2864 2920 2949 ipsa
2967 2863 3240 2927 ecclesia
3286 2863 3389 2927 die
3437 2884 3581 2927 mee
3646 2863 3996 2949 sepulture,
4046 2870 4111 2927 et
4157 2863 4431 2951 septima
4476 2870 4542 2927 et
4587 2863 4916 2949 trigesima

1275 2978 1341 3036 et
1387 2972 1770 3053 centesima,
1805 2978 1871 3035 et
1918 2971 2359 3035 anniversario
2408 2970 2515 3034 die
2563 2970 2686 3034 mci
2739 2971 2950 3035 obitus
2998 2992 3114 3058 per
3161 2971 3632 3035 commissarios
3679 2992 3875 3035 meos.
3909 2969 3997 3035 Et
4043 2970 4098 3034 si
4143 2970 4428 3056 predicte
4476 2972 4918 3057 centumquin·

1274 3079 1588 3165 quaginta
1634 3079 1796 3143 libre
1844 3100 1973 3144 non
2021 3078 2414 3161 sufficerent,
2465 3077 2664 3162 [vo]lo
2715 3086 2781 3142 et
2825 3078 3060 3142 mando
3109 3079 3449 3165 adimpleri
3510 3084 3575 3143 et
3635 3078 3774 3142 fieri
3828 3078 3908 3141 de
3955 3077 4099 3142 aliis
4146 3078 4306 3142 meis
4352 3077 4538 3143 bonis
4585 3099 4700 3165 per
4746 3100 4914 3143 com-

1274 3185 1602 3250 missarios
1647 3206 1824 3250 meos
1860 3233 2132 3249 ......

1460 3293 1628 3357 Item
1675 3314 1792 3379 pro
1839 3292 2058 3356 anima
2105 3313 2251 3356 mea
2300 3292 2591 3378 relinquo
2639 3294 2705 3357 in
2752 3292 3110 3356 subsidium
3159 3292 3358 3356 Terre
3426 3292 3661 3356 Sancte
3709 3292 4096 3379 Templariis
4143 3292 4223 3357 de
4269 3292 4621 3357 ultramare
4683 3292 4914 3379 viginti

1268 3401 1472 3465 libras
1523 3400 2031 3483 bononenorum,
2081 3407 2145 3463 et
2191 3399 2652 3486 Hospitalariis
2699 3401 2778 3464 de
2826 3400 3177 3464 ultramare
3226 3400 3388 3463 alias
3435 3400 3668 3485 viginti
3712 3399 3913 3464 libras
3970 3400 4456 3465 bononenorum
4501 3423 4618 3487 pro
4667 3400 4912 3466 redem-

1272 3509 1492 3594 ptione
1537 3514 1951 3594 peccatorum
1998 3528 2322 3590 meorum,
2370 3507 2493 3572 hac
2541 3507 2905 3572 conditione
2954 3514 3019 3571 et
3063 3507 3288 3591 modo,
3339 3508 3511 3593 quod
3558 3507 3710 3572 dicti
3758 3507 4112 3594 Templarii
4173 3514 4238 3571 et
4295 3507 4725 3594 Hospitalarii
4788 3508 4916 3572 sint

1272 3616 1395 3680 hoc
1440 3621 1694 3679 tantum
1742 3615 1960 3699 legato
2008 3615 2313 3698 contenti,
2348 3635 2470 3700 que
2519 3615 2737 3701 legata
2786 3614 2926 3678 dari
2974 3614 3210 3678 mando
3257 3614 3589 3699 Magistris
3635 3614 4139 3702 provincialibus
4186 3613 4266 3678 de
4307 3613 4704 3679 Lombardia
4734 3636 4913 3679 man-

1272 3724 1525 3788 sionum
1572 3722 2029 3809 predictarum,
2079 3728 2144 3786 et
2191 3743 2319 3785 non
2367 3722 2477 3786 alii
2513 3770 2789 3787 ......

1449 3829 1617 3895 Item
1666 3829 1906 3895 Savine
1953 3829 2084 3894 filie
2130 3829 2457 3916 quondam
2505 3828 2781 3895 Gerardi
2828 3830 2907 3894 de
2953 3828 3287 3916 Vigatulo,
3323 3829 3617 3916 germani
3649 3828 3795 3913 mei,
3829 3828 3977 3916 lego
4009 3835 4141 3893 tres
4172 3828 4374 3893 libras
4405 3828 4908 3912 bononenorum,

1269 3937 1516 4002 dandas
1562 3938 1642 4020 ei,
1692 3944 1756 4002 et
1805 3937 1888 4002 ab
1935 3959 2013 4001 ea
2059 3937 2199 4001 viro
2248 3959 2385 4021 suo,
2439 3937 2501 4001 in
2549 3944 2970 4023 augmentum
3017 3937 3183 4001 dotis
3220 3985 3493 4001 ......

1446 4044 1615 4109 Item
1660 4044 1950 4110 Ecclesie
1998 4045 2325 4131 parmensi
2372 4045 2665 4132 relinquo
2709 4066 2827 4132 pro
2877 4045 3093 4108 anima
3140 4067 3285 4109 mea
3334 4051 3590 4109 centum
3638 4044 4110 4130 quinquaginta
4164 4043 4364 4108 libras
4425 4043 4908 4109 bononenorum

1268 4153 1347 4218 de
1396 4153 1629 4240 quibus
1680 4153 1825 4217 volo
1889 4153 2017 4217 emi
2062 4175 2178 4239 per
2225 4153 2696 4217 commissarios
2744 4174 2921 4217 meos
2968 4174 3085 4239 pro
3133 4153 3274 4240 ipsa
3320 4152 3594 4217 ecclesia
3639 4152 4075 4239 possessiones
4137 4152 4204 4216 in
4264 4151 4504 4216 diocesi
4563 4151 4906 4238 parmensi.

1446 4367 1613 4432 Item
1660 4369 1971 4453 magistro
2020 4366 2312 4432 Gerardo
2362 4367 2579 4454 nepoti
2624 4388 2789 4450 me0,
2833 4368 2981 4451 jure
3027 4366 3266 4452 legati,
3315 4365 3610 4452 relinquo
3674 4365 3874 4430 libros
3933 4388 4111 4430 meos
4163 4365 4447 4451 legales,
4496 4365 4742 4431 scilicet
4787 4364 4906 4429 Co·

1268 4476 1497 4557 dicem,
1530 4475 1876 4561 Digestum
1924 4482 2107 4540 vetus
2155 4483 2220 4539 et
2264 4474 2608 4561 Digestum
2655 4496 2915 4558 novum,
2950 4481 3014 4538 et
3063 4475 3395 4538 Summam
3433 4473 3805 4559 Uguitionis
3837 4474 3904 4538 in
3937 4473 4252 4558 Decretis,
4287 4481 4352 4538 et
4382 4495 4583 4539 unum
4613 4474 4907 4562 sciphum

1270 4592 1651 4669 argenteum
1700 4605 1847 4648 cum
1893 4582 2058 4669 pede
2106 4583 2427 4668 sculptum
2473 4581 2557 4646 ad
2602 4583 2891 4665 leonem,
2942 4589 3006 4646 et
3061 4582 3358 4647 undecim
3421 4582 3739 4646 coclearia
3794 4581 4082 4668 argenti,
4130 4588 4196 4646 et
4253 4581 4634 4668 psalterium
4695 4604 4906 4648 meum

1267 4713 1414 4756 cum
1457 4691 1772 4777 ymnario,
1822 4697 1887 4755 et
1934 4691 2198 4777 insuper
2245 4690 2392 4776 lego
2439 4691 2498 4754 ei
2546 4690 2814 4776 triginta
2861 4690 3060 4755 libras
3109 4690 3591 4754 bononenorum
3626 4737 3903 4755 ......
4775 4755 4780 4759 .

1444 4798 1613 4863 Item
1658 4798 1951 4884 relinquo
1998 4797 2309 4863 ducentas
2355 4797 2555 4862 libras
2602 4798 3109 4882 bononenorum,
3144 4797 3223 4862 de
3257 4797 3488 4883 quibus
3534 4797 3771 4862 mando
3818 4804 3883 4861 et
3930 4798 4076 4862 volo
4123 4796 4296 4883 quod
4327 4798 4749 4862 commissarii
4778 4798 4904 4862 mei

1266 4913 1484 4968 emant
1531 4904 1968 4991 possessiones
2017 4904 2081 4967 in
2127 4910 2302 4967 terra
2351 4903 2719 4990 Oaregnani
2766 4905 2870 4969 vel
2918 4904 3075 4968 alibi
3121 4904 3231 4968 ubi
3277 4904 3506 4968 melius
3551 4903 3875 4968 videbitur
3919 4904 4207 4991 predicto
4255 4903 4565 4990 magistro
4615 4904 4903 4970 Gerardo

1266 5019 1331 5077 et
1376 5013 1714 5078 Bernardo
1763 5013 2104 5100 nepotibus
2152 5013 2333 5076 meis.

1447 5122 1687 5186 Actum
1735 5121 1801 5185 in
1849 5142 2108 5185 camera
2152 5120 2219 5183 in
2267 5141 2396 5205 qua
2444 5119 2821 5183 morabatur
2867 5118 3074 5184 dictus
3121 5118 3431 5204 magister
3475 5118 3849 5182 Bernardus
3890 5118 3957 5183 in
3989 5118 4299 5183 canonica
4336 5118 4750 5184 bononiensis
4780 5119 4902 5185 Ec·

1264 5229 1495 5311 clesie,
1543 5228 1951 5315 presentibus
1999 5228 2258 5293 domino
2306 5227 2617 5311 magistro
2667 5224 3013 5311 Sinigardo
3063 5225 3600 5313 archipresbitero
3646 5225 4061 5309 bononiensi,
4112 5225 4369 5290 domino
4431 5225 4767 5292 Bernardo
4823 5227 4900 5292 de

1264 5337 1608 5418 Querzeto,
1643 5335 1903 5400 domino
1949 5334 2233 5420 Ugolino
2281 5341 2345 5399 et
2392 5334 2651 5399 domino
2682 5332 2966 5418 Fuligno
2997 5332 3370 5419 presbiteris
3403 5339 3469 5396 et
3500 5332 3756 5397 domino
3790 5322 4204 5397 Zambertino
4253 5332 4522 5398 diacono
4553 5333 4902 5398 bononien-

1263 5444 1441 5509 sibus
1505 5449 1570 5507 et
1631 5442 1890 5508 domino
1954 5442 2122 5508 Cosa
2181 5440 2617 5507 mansionario
2677 5440 2970 5505 Ecclesie
3037 5439 3485 5523 bononiensis,
3535 5439 3807 5504 testibus
3869 5460 3908 5503 a
3954 5439 4124 5504 dicto
4193 5440 4505 5526 magistro
4567 5439 4899 5505 Bernardo

1260 5551 1528 5636 rogatis.

1444 5658 1637 5741 (L.†
1671 5657 1767 5740 S.)
1814 5657 1958 5743 Ego
2022 5655 2420 5722 Bonvicinus
2478 5655 2806 5742 quondam
2862 5655 3186 5720 Leonardi
3247 5653 3537 5736 firmani,
3587 5653 3907 5740 imperiali
3953 5654 4336 5719 auctoritate
4384 5655 4709 5739 notarius,
4758 5676 4898 5743 pre·

1262 5771 1479 5830 sentes
1526 5765 1854 5830 codicillos
1902 5786 1942 5829 a
1987 5764 2159 5829 dicto
2208 5763 2518 5849 magistro
2564 5763 2901 5828 Bernardo
2949 5784 2988 5826 a
3034 5783 3135 5826 me
3184 5762 3441 5848 cognito
3488 5760 3850 5848 dispositos,
3885 5761 4085 5848 ipsius
4126 5762 4459 5826 voluntate
4501 5762 4897 5834 etmandato

1260 5873 1490 5960 scripsi
1537 5880 1603 5936 et
1648 5873 1714 5936 in
1760 5872 2088 5959 publicam
2134 5872 2410 5936 formam
2455 5870 2698 5956 redegi.

1418 6534 1497 6600 (1)
1537 6531 1644 6584 Sic.
