5542 7775
1172 538 1268 610 28
2747 558 3230 610 alomenu

1168 712 1556 799 quibusdam
1603 713 1825 778 formis
1873 720 2213 779 contextus
2261 713 2494 779 fuerat.
2542 714 2858 780 Preterea
2890 714 3383 780 fundamentum
3430 715 3690 781 casibus
3738 723 4196 801 constructum,
4228 718 4627 803 argumentis
4656 739 4807 784 con-

1167 819 1514 903 firmatum,
1549 819 1871 885 coloribus
1920 819 2119 884 veluti
2166 820 2553 906 quibusdam
2602 820 2867 886 floribus
2920 829 3063 885 erat
3109 821 3452 886 variatum.
3486 821 3679 887 Hanc
3725 822 3987 887 domum
4033 822 4099 886 in
4146 822 4438 909 partibus
4469 823 4647 888 urbis
4679 825 4806 890 Bo·

1167 926 1381 1010 nonio,
1428 926 1583 991 dum
1629 948 1731 991 me
1777 927 2037 991 fortuna
2080 926 2343 992 duceret
2388 948 2670 1013 suasque
2716 949 2989 1014 pompas
3039 935 3429 1011 ostentaret,
3477 929 3727 1011 inveni,
3773 935 3838 993 et
3885 929 3950 993 in
3997 951 4076 994 ea
4124 929 4364 994 diutins
4409 930 4671 996 consedi
4730 953 4806 996 ac

1166 1033 1464 1120 diligenti
1511 1034 1931 1121 inquisicione
1976 1034 2193 1098 omnia
2238 1040 2680 1120 perscrutatus
2743 1056 2907 1100 sum.
2957 1034 3036 1099 In
3100 1056 3229 1121 qua
3291 1056 3514 1100 omnes
3576 1036 3872 1101 acciones
3933 1045 3999 1101 et
4059 1038 4505 1106 accusationes
4565 1038 4806 1103 iustitie

1168 1147 1475 1228 precepta
1536 1148 1934 1227 exequentes
1997 1140 2183 1227 011881
2236 1140 2516 1227 011οᾶ8111
2573 1141 2957 1228 pedissequo
3020 1142 3105 1206 ad
3168 1142 3354 1206 varia
3405 1142 3762 1207 ministeria
3815 1143 4074 1208 fuerant
4129 1144 4468 1210 destinate.
4517 1144 4804 1220 Quarum

1167 1248 1367 1312 offitia
1412 1247 1697 1314 breviter
1744 1255 1809 1312 et
1856 1255 2188 1333 tamquam
2237 1247 2427 1313 modo
2461 1248 2924 1313 introductorio
2957 1248 3291 1314 declarare
3324 1250 3651 1336 proposui.
3683 1248 3827 1314 Hec
3873 1250 4092 1337 itaque
4139 1252 4324 1338 qnasi
4370 1252 4648 1338 quedam
4691 1274 4804 1339 pa-

1166 1356 1395 1421 raticia
1442 1356 1665 1441 legant
1709 1354 1937 1436 rudes,
1987 1361 2058 1418 ut
2104 1355 2264 1418 fiant
2309 1355 2625 1436 doctores,
2675 1356 2899 1441 legant
2945 1355 3118 1420 docti
3164 1362 3236 1420 ut
3283 1357 3442 1420 fiant
3488 1355 3843 1420 doctiores:
3893 1377 4011 1421 nec
4073 1357 4216 1443 quis
4277 1358 4449 1423 dicat
4494 1358 4608 1423 sed
4654 1357 4806 1445 quid

1166 1463 1418 1528 dicatur
1463 1463 1810 1527 intueatur.

2943 1784 3028 1848 X.

2654 2019 2848 2100 1207,
2896 2020 2985 2081 22
3029 2019 3329 2083 ianuarii.

1336 2249 1440 2314 Ex
1489 2250 1753 2314 archivo
1802 2272 1852 2313 s.
1897 2250 2170 2314 Joannis
2219 2250 2283 2313 in
2331 2249 2554 2314 Monte
2601 2270 2772 2313 nuno
2820 2250 2885 2313 in
2934 2249 3288 2314 Tabulario
3333 2249 3513 2314 Max,
3565 2249 3837 2330 bonon.,
3886 2257 4042 2315 sect.
4099 2273 4129 2306 ‹
4177 2250 4546 2316 Demaniale
4591 2276 4651 2333 »,

2454 2378 2631 2422 1111111.
2680 2337 2757 2398 -¹‘³
2875 2357 2987 2422 lib.
3034 2357 3232 2439 XII.,
3280 2357 3421 2422 doc.
3473 2360 3533 2422 7.

2686 2393 2787 2452 ιῑὶῖε
2807 2408 2823 2439 ⁹

1342 2627 1760 2692 Innocentius
1807 2627 2168 2713 episcopus,
2203 2648 2430 2691 servus
2478 2649 2812 2691 servorum
2859 2626 3007 2709 Dei,
3055 2627 3290 2692 dilecto
3330 2627 3463 2692 filio
3496 2628 3823 2714 preposito
3864 2627 4072 2692 sancti
4112 2627 4418 2715 Prosperi
4448 2627 4815 2693 Bononien-

1166 2735 1285 2816 sis,
1348 2734 1625 2798 salutem
1685 2741 1751 2797 et
1805 2733 2230 2820 apostolicam
2285 2732 2823 2798 benedictionem.
2873 2733 3112 2798 Dilecti
3171 2733 3289 2818 filij
3351 2734 3529 2820 prior
3587 2741 3652 2798 et
3713 2733 3946 2798 fratres
4008 2756 4060 2797 s.
4108 2733 4428 2799 Jobannis
4476 2735 4541 2798 in
4591 2735 4811 2799 Monte

1166 2864 1351 2906 snam
1413 2841 1495 2904 ad
1562 2862 1677 2905 nos
1740 2840 2211 2927 querimoniam
2274 2841 2790 2922 transmiserunt,
2840 2840 3012 2927 quod
3059 2863 3204 2904 cum
3252 2842 3418 2906 inter
3465 2842 3638 2928 ipsos
3685 2863 3770 2905 ex
3817 2862 3947 2905 una
3992 2848 4207 2928 parte,
4257 2863 4332 2906 ac
4379 2841 4681 2906 abbatem
4742 2849 4808 2906 et

1167 2955 1557 3014 conventum
1602 2948 1810 3012 sancti
1858 2947 2175 3034 Stephani
2219 2948 2635 3013 bononiensis
2682 2969 2765 3012 ex
2813 2948 3056 3030 altera,
3108 2969 3325 3013 coram
3374 2949 3683 3034 magistro
3746 2947 4025 3012 Baldino
4088 2948 4467 3032 decretista,
4508 2949 4808 3035 delegato

1168 3079 1208 3121 a
1263 3055 1645 3121 bononiensi
1690 3054 2051 3142 Episcopo,
2100 3057 2203 3120 0111
2250 3055 2640 3121 venerabilis
2689 3055 2891 3119 frater
2937 3063 3157 3120 noster
3213 3056 3616 3121 ferrariensis
3662 3055 4058 3142 Episcopus,
4107 3056 4444 3141 delegatus
4499 3078 4538 3120 a
4584 3056 4804 3139 nobis,

1166 3185 1431 3230 causam
1479 3163 1685 3248 ipsam
1731 3162 2141 3228 commiserat
2187 3185 2381 3250 super
2428 3162 2818 3249 quibusdam
2864 3163 3384 3249 possessionibus
3432 3170 3496 3227 et
3540 3163 3685 3227 aliis
3726 3163 3977 3249 questio
4013 3171 4392 3246 verteretur,
4425 3162 4597 3228 idem
4633 3164 4810 3250 prior

1163 3279 1229 3337 et
1276 3271 1546 3352 fratres,
1596 3269 1945 3334 sentientes
1993 3292 2062 3334 se
2111 3278 2335 3335 contra
2376 3270 2698 3356 justitiam
2746 3270 3086 3357 agravari,
3138 3293 3252 3357 per
3314 3270 3645 3335 Sindicum
3708 3291 3898 3334 suum
3943 3270 4027 3334 ad
4087 3270 4322 3336 Sedem
4367 3271 4808 3358 Apostolicam

1163 3378 1595 3466 appellarunt.
1649 3376 1780 3441 Sed
1844 3377 2015 3442 idem
2072 3377 2390 3442 Baldinns
2437 3378 2859 3464 appellationi
2908 3400 3036 3443 non
3083 3378 3419 3462 deserens,
3467 3386 3692 3443 contra
3738 3399 3850 3442 eos
3897 3378 4184 3464 iniquam
4231 3378 4615 3443 sententiam
4659 3399 4807 3465 pro·

1162 3484 1499 3571 mnlgavit.
1549 3483 1835 3569 Ideoque
1899 3483 2268 3550 discretioni
2323 3491 2431 3548 tue
2494 3506 2608 3570 per
2656 3485 3014 3571 apostolica
3072 3485 3314 3572 scripta
3374 3484 3790 3568 mandamus,
3839 3491 4157 3571 quatenus
4205 3485 4490 3570 legitime
4552 3484 4630 3550 de
4692 3506 4807 3572 ap·

1164 3592 1516 3679 pellatione
1565 3612 1983 3675 cognoscens,
2032 3591 2420 3656 sententiam
2467 3591 2673 3677 ipsam
2723 3591 3107 3656 confirmare
3155 3591 3261 3656 vel
3307 3591 3654 3675 infirmare,
3708 3591 4144 3678 appellatione
4189 3598 4465 3674 remota,
4506 3613 4811 3679 procures

1159 3701 1329 3765 sicut
1375 3699 1454 3764 (10
1497 3700 1645 3784 jure
1695 3698 1891 3763 suerit
1939 3698 2324 3763 faciendum.
2374 3697 2549 3761 Data
2596 3698 2804 3763 Rome
2852 3698 3023 3785 apud
3075 3707 3370 3763 sanctum
3414 3698 3702 3782 Petrum,
3752 3697 3916 3762 1111.
3960 3697 4103 3762 idus
4149 3698 4506 3763 decembris
4551 3700 4807 3786 pontifi·

1164 3814 1347 3872 catus
1395 3806 1600 3871 nostri
1647 3827 1819 3870 anno
1867 3805 2137 3870 decimo.

1340 3914 1419 3978 In
1467 3914 1676 3979 eterni
1721 3913 1847 3978 Dei
1893 3914 2174 3997 nomine,
2223 3934 2434 3979 amen.
2482 3913 2627 4000 Ego
2674 3913 3012 3979 Bandinus
3059 3914 3464 3996 Familiatus,
3515 3913 3731 4000 legum
3796 3914 4038 3998 doctor,
4087 3936 4172 3979 ex
4226 3914 4633 4000 delegatione
4695 3915 4806 3980 do·

1160 4023 1319 4087 mini
1366 4021 1643 4086 Gerardi
1691 4021 2106 4086 bononiensis
2154 4020 2462 4108 Episcopi
2508 4022 2806 4107 cognitor
2852 4023 3456 4103 controversiarum,
3490 4043 3614 4107 que
3662 4022 4082 4087 vertebantur
4129 4022 4298 4087 inter
4343 4022 4632 4087 Leonem
4676 4023 4805 4086 sin·

1161 4130 1377 4194 dicum
1424 4129 1800 4213 monasterij
1843 4129 2050 4193 sancti
2101 4128 2437 4214 Stephani,
2472 4129 2583 4215 0111
2630 4136 2901 4193 vocatur
2940 4129 3325 4211 Jerusalem,
3360 4130 3618 4194 nomine
3668 4130 3871 4217 ipsius
3915 4130 4291 4214 monasterij
4325 4151 4410 4194 ex
4440 4151 4571 4194 una
4602 4138 4806 4216 parte,

1160 4244 1226 4302 et
1272 4235 1593 4301 Jacobum
1639 4234 1957 4300 sindicum
2002 4235 2211 4300 saneti
2256 4235 2541 4300 Victoris
2573 4244 2638 4299 et
2680 4235 2888 4300 8811011
2919 4234 3261 4319 Johannis,
3312 4236 3570 4301 nomine
3619 4236 3940 4302 dictarum
3985 4237 4406 4302 ecclesiarum
4447 4258 4532 4301 ex
4578 4237 4805 4319 altera,

1160 4365 1286 4430 0110
1335 4343 1501 4407 tales
1549 4350 1754 4407 erant.
1803 4341 2081 4406 Petebat
2127 4341 2445 4428 siquidem
2490 4341 2626 4407 Leo
2675 4342 2884 4406 dictus
2929 4364 2968 4405 a
3009 4341 3223 4407 donno
3257 4342 3550 4408 Gerardo
3590 4343 3804 4431 priore
3837 4343 4359 4430 supradictarum
4388 4342 4806 4408 ecclesiarum

1160 4450 1599 4538 possessiones
1647 4470 1772 4536 0110
1819 4449 2082 4513 fuerunt
2127 4451 2334 4515 sancti
2384 4450 2650 4515 Martini
2696 4450 2762 4513 in
2810 4449 3122 4533 Pozad[e]
3169 4450 3275 4515 vel
3323 4472 3447 4537 0110
3494 4451 3797 4516 dicuntur
3843 4451 4042 4515 fuisse
4090 4450 4346 4515 domine
4396 4450 4666 4533 Guillie,
4699 4451 4804 4515 vel

1162 4558 1219 4623 si
1271 4579 1390 4645 pro
1438 4556 1691 4623 cambio
1737 4557 2210 4643 suprascriptas
2256 4556 2562 4622 ecclesias
2609 4556 2976 4643 possidere,
3024 4557 3494 4645 compossidere
3543 4558 3812 4641 diceret,
3854 4558 4108 4622 salvum
4154 4557 4474 4622 cambium
4521 4557 4803 4645 petebat,

1160 4673 1227 4731 et
1273 4667 1339 4731 in
1386 4665 1639 4747 melius,
1674 4663 1847 4750 quod
1880 4664 2092 4728 minus
2138 4664 2428 4750 legitime
2476 4665 2719 4730 factum
2767 4671 2961 4747 esset,
2996 4665 3359 4751 reformarj,
3393 4667 3497 4731 vel
3533 4667 3708 4753 ipsas
3754 4666 4193 4753 possessiones
4242 4666 4476 4731 dimitti
4522 4665 4806 4753 petebat.

1163 4773 1462 4839 Confines
1510 4772 1681 4858 petie
1729 4771 1971 4858 prime,
2021 4793 2146 4858 que
2206 4779 2304 4837 est
2367 4773 2620 4837 arativa
2679 4781 2745 4838 et
2809 4773 3079 4839 busciva
3103 4823 3121 4856 ,
3170 4795 3210 4838 a
3256 4774 3463 4839 tribus
3523 4774 3835 4838 lateribus
3894 4782 4046 4838 sunt
4106 4774 4544 4860 possessiones
4601 4774 4811 4839 sancti

1160 4880 1465 4963 Victoris,
1499 4900 1540 4942 a
1587 4885 1817 4965 quarto
1865 4878 1975 4943 via
2020 4879 2316 4966 publica:
2368 4880 2651 4945 confines
2699 4880 3004 4965 secunde,
3037 4902 3161 4967 que
3209 4888 3306 4945 est
3350 4881 3635 4962 vineata,
3678 4881 3890 4967 posita
3922 4887 4020 4945 est
4054 4879 4293 4945 ibidem
4330 4881 4438 4944 via
4482 4880 4805 4946 mediante

1162 5010 1202 5052 a
1248 4986 1455 5051 tribus
1502 4985 1838 5068 lateribus,
1873 4993 2025 5051 sunt
2070 4986 2175 5050 vie
2222 4986 2514 5073 publice:
2549 5008 2588 5050 a
2636 4995 2868 5073 quarto
2917 4988 3109 5051 vinea
3154 4987 3360 5052 sancti
3404 4987 3710 5071 Victoris,
3744 4995 3810 5052 et
3851 4994 4002 5052 sunt
4041 4987 4235 5072 juxta
4290 4994 4585 5052 sanctum
4629 4987 4804 5053 Mar-

1160 5096 1387 5159 tinum.
1422 5093 1588 5159 Item
1636 5093 1901 5181 petebat
1949 5116 2146 5158 unam
2194 5101 2597 5159 tornaturam
2644 5102 2711 5158 01
2756 5094 3037 5160 1110(118111
3083 5101 3252 5159 terre
3298 5096 3558 5180 vjneate
3605 5095 3671 5159 in
3715 5095 4047 5160 Barbiano
4094 5095 4159 5159 in
4205 5094 4395 5159 vinea
4437 5095 4642 5159 sancti
4687 5095 4802 5160 Vi·

1161 5205 1390 5286 ctoris,
1438 5212 1505 5269 et
1551 5202 1817 5290 petebat
1877 5210 1950 5267 ut
2012 5202 2314 5267 renovari
2359 5202 2627 5267 deberet
2672 5202 2752 5268 de
2808 5224 2941 5267 una
3002 5202 3178 5289 petia
3238 5203 3490 5267 arativa
3550 5203 3762 5290 posita
3823 5203 3888 5267 in
3949 5202 4353 5288 Partignano
4409 5203 4604 5287 juxta
4663 5203 4803 5267 vias

1161 5310 1455 5398 publicas
1502 5333 1542 5375 a
1588 5310 1840 5375 duobus
1895 5309 2209 5374 lateribus
2256 5317 2321 5374 et
2362 5311 2557 5394 juxta
2603 5317 2846 5375 terram
2894 5309 3100 5375 sancti
3145 5309 3449 5374 Victoris.
3499 5310 3666 5374 Item
3727 5310 3992 5397 petebat
4045 5317 4118 5373 111
4177 5310 4478 5374 renovari
4538 5310 4802 5375 deberet

1160 5419 1241 5483 de
1287 5439 1419 5482 una
1465 5416 1640 5501 petia
1686 5423 1857 5481 terre
1905 5416 2119 5502 posita
2166 5416 2233 5480 in
2281 5416 2518 5481 Gleula
2564 5417 2633 5481 in
2679 5417 2882 5482 fundo
2928 5417 3008 5482 de
3054 5416 3356 5502 Bivigno.
3405 5416 3703 5482 Confines
3764 5424 3916 5481 sunt
3971 5417 4166 5502 juxta
4225 5438 4294 5481 se
4359 5417 4567 5503 ipsos,
4609 5418 4803 5502 juxta

1159 5525 1516 5590 Martinum
1577 5523 1657 5588 de
1718 5522 1912 5587 Valle
1981 5522 2248 5604 Gleule,
2316 5530 2380 5588 et
2441 5531 2705 5611 propter
2775 5525 3262 5590 renovationem
3323 5531 3622 5611 quartam
3682 5532 3935 5610 partem
3999 5524 4116 5588 sol.
4165 5523 4382 5588 XXX.
4443 5524 4802 5589 lucensium

1161 5631 1455 5719 ejusdem
1502 5630 1811 5696 bonitatis
1858 5637 1923 5695 et
1969 5630 2428 5715 extimationis,
2463 5654 2587 5719 que
2635 5632 2758 5697 fuit
2806 5654 2846 5696 a
2889 5632 3097 5697 XLV.
3132 5631 3319 5697 annis
3366 5632 3548 5716 citra,
3583 5632 3689 5697 vel
3728 5632 3903 5719 ipsas
3950 5653 4053 5696 res
4101 5632 4495 5718 pertinentes
4537 5631 4621 5695 ad
4668 5654 4801 5697 mo·

1160 5739 1517 5805 nasterium
1563 5737 1908 5821 dimiteret,
1948 5745 2015 5802 et
2061 5737 2185 5803 boc
2225 5739 2373 5822 jure
2422 5739 2689 5804 dominii
2736 5740 2843 5804 vel
2891 5739 3097 5827 quasi,
3131 5739 3215 5804 ad
3256 5739 3661 5826 probandum
3708 5738 3786 5803 (10
3834 5739 4190 5804 intentione
4237 5760 4356 5803 sua
4402 5738 4803 5804 confessione

1160 5846 1587 5934 suprascriptj
1635 5845 1904 5926 Jacobi,
1951 5851 2021 5909 et
2064 5845 2496 5910 instrumenta
2541 5846 2732 5934 plura
2780 5846 3176 5934 producens,
3226 5846 3760 5933 condepnandum
3817 5845 4060 5911 dictum
4106 5845 4422 5910 sindicum
4467 5853 4533 5910 et
4577 5868 4802 5933 supra-

1158 5955 1435 6041 scriptas
1498 5952 1806 6018 ecclesias
1868 5974 2010 6017 esse
2074 5953 2351 6018 dicebat.
2398 5952 2454 6017 E
2503 5961 2730 6019 contra
2777 5954 3063 6019 Jacobus
3111 5976 3180 6018 se
3228 5954 3292 6017 in
3341 5954 3518 6019 nullo
3574 5952 3782 6018 teneri
3837 5960 3904 6018 01
3963 5952 4434 6039 suprascriptas
4496 5953 4802 6018 ecclesias

1159 6069 1227 6128 01
1271 6062 1572 6149 priorem,
1620 6081 1844 6125 earum
1895 6061 2176 6145 nomine,
2225 6060 2466 6145 dicens,
2517 6061 2600 6126 ab
2649 6062 2887 6126 abbate
2936 6062 3360 6149 suprascriptj
3423 6060 3801 6145 monasterij
3863 6081 4100 6147 penam
4155 6059 4234 6123 L.
4282 6059 4596 6123 librarum
4650 6059 4800 6126 bon.

1160 6170 1445 6258 petebat,
1493 6167 1647 6256 quia
1694 6189 1824 6232 non
1873 6167 2246 6233 observavit
2290 6169 2462 6256 quod
2511 6169 2878 6235 continetur
2926 6170 2992 6234 in
3040 6168 3386 6234 concordia
3431 6168 3606 6233 sacta
3653 6168 3820 6232 inter
3867 6188 4049 6249 eum,
4097 6167 4355 6232 nomine
4401 6168 4800 6252 monasterij,

1158 6285 1225 6343 et
1271 6276 1552 6364 priorem
1600 6275 2133 6363 suprascriptum,
2167 6282 2233 6342 et
2276 6297 2395 6363 pro
2443 6298 2563 6341 8118
2608 6277 2984 6342 defensione
3031 6275 3467 6342 consessiones
3514 6274 3938 6363 suprascriptj
3978 6274 4219 6339 Leonis
4264 6281 4331 6338 et
4377 6273 4803 6338 instrumenta

1158 6383 1522 6450 introduxit
1567 6390 1632 6447 et
1678 6390 1898 6448 testes.
1933 6383 2075 6459 Que
2124 6383 2340 6449 omnia
2388 6391 2536 6449 acta
2583 6392 2733 6449 sunt
2768 6405 2887 6471 per
2915 6383 3388 6470 suprascriptos
3431 6382 3732 6465 sindicos,
3764 6382 3831 6446 in
3864 6402 4138 6469 quorum
4166 6381 4382 6446 locum
4413 6380 4496 6445 ab
4529 6387 4802 6467 utraque
