5542 7775
1350 676 1812 728 spncmu'rm
1850 677 1953 726 AD
1994 674 2324 726 anssnM
2360 671 3093 724 ARCHIDIACONORUM
3129 671 3333 722 scon.
3374 668 3650 719 Bonos.
4159 645 4310 715 265

677 856 870 920 super
903 833 1167 898 decimis
1198 834 1349 898 talis
1383 833 1633 919 questio
1666 840 2046 913 verteretur,
2079 831 2322 895 scilicet
2355 830 2526 916 quod
2557 829 3079 915 Archipresbiter
3110 837 3174 894 et
3207 830 3534 914 Canonici,
3570 830 3825 894 nomine
3858 852 3971 894 sue
4004 829 4314 913 Ecclesie,

681 963 720 1004 a
765 941 1055 1027 predicto
1103 940 1363 1005 Abbate
1411 948 1477 1005 et
1522 941 1663 1024 ejus
1712 946 2052 1021 conventu,
2100 938 2357 1002 nomine
2404 938 2777 1001 monasterii
2819 938 2940 1021 sui,
2987 939 3296 1024 petebant
3341 938 3622 1003 decimas
3670 939 3952 1003 omnium
3999 945 4317 1002 terrarum

677 1056 740 1111 et
786 1047 1294 1134 possessionum,
1343 1068 1505 1133 quas
1554 1046 2011 1110 monasterium
2059 1046 2268 1132 ipsum
2318 1045 2599 1110 habebat
2644 1051 2709 1108 et
2753 1045 3018 1110 tenebat
3065 1045 3129 1109 in
3174 1046 3439 1131 plebatu
3485 1047 3686 1133 ipsius
3735 1047 4146 1112 bononiensis
4192 1046 4315 1111 Ec-

678 1156 870 1220 clesie
917 1162 983 1219 et
1030 1155 1093 1219 iu
1127 1155 1392 1242 plebatu
1425 1154 1743 1219 Medicina
1792 1154 1927 1218 sive
1974 1153 2181 1235 Bude,
2216 1173 2376 1238 quas
2416 1152 2697 1217 decimas
2731 1152 3031 1217 dicebant
3063 1152 3146 1216 ad
3180 1153 3548 1239 Capitulum
3582 1155 3994 1220 bononiensis
4026 1154 4316 1220 Ecclesia

678 1263 1000 1349 pertinere
1047 1264 1285 1349 partim
1324 1263 1472 1347 jure
1520 1262 1806 1343 comuni,
1839 1261 2076 1347 partim
2123 1282 2238 1346 per
2270 1260 2714 1324 concessiones
2747 1266 2814 1323 et
2845 1260 3186 1346 privilegia
3216 1261 3682 1348 Episcoporum
3733 1263 4220 1329 bononiensium
4254 1272 4319 1330 et

680 1371 1026 1434 multorum
1062 1391 1471 1434 romanorum
1505 1368 1912 1433 Pontificum.
1949 1367 2137 1431 Unde
2171 1368 2300 1431 iam
2332 1367 2539 1431 dictus
2570 1366 2799 1431 Abbas
2832 1367 2916 1431 ad
2950 1367 3319 1454 Capitulum
3354 1370 3564 1455 ipsum
3610 1370 3938 1435 humiliter
3980 1394 4054 1437 ac
4088 1373 4319 1439 devote

680 1478 1012 1560 accedens,
1047 1479 1232 1565 petiit
1266 1478 1349 1542 ab
1382 1477 1645 1559 eisdem,
1679 1483 1751 1540 ut
1782 1476 1860 1539 de
1908 1474 2200 1562 petendis
2249 1497 2288 1538 a
2333 1496 2402 1538 sc
2451 1482 2515 1538 et
2561 1474 3124 1560 predecessoribus
3170 1476 3302 1539 suis
3350 1477 3473 1541 sibi
3518 1477 3807 1543 facerent
3854 1482 4316 1568 remissionem,

682 1593 746 1649 et
793 1586 1235 1671 persolvendis
1282 1586 1700 1672 imposterum
1749 1582 2081 1647 annuatim
2130 1589 2370 1646 certam
2421 1583 2784 1668 reciperent
2848 1583 3294 1668 quantitatem.
3346 1584 3653 1650 Canonici
3702 1609 3854 1651 vero
3902 1590 4318 1674 petitionibus

681 1695 823 1778 ejus
871 1701 1228 1757 annuentes
1277 1693 1493 1757 taliter
1541 1693 1708 1756 inter
1755 1713 1823 1755 se
1872 1690 2301 1755 amicabiliter
2348 1697 2824 1773 convenerunt3
2873 1691 3117 1754 scilicet
3165 1692 3330 1776 quod
3382 1692 3553 1757 idem
3585 1694 3809 1759 Abbas
3843 1696 3921 1760 de
3957 1706 4169 1764 cetero
4205 1723 4318 1766 an·

683 1802 927 1865 nuatim
976 1801 1227 1865 solvere
1276 1801 1509 1865 debeat
1557 1799 1798 1863 eisdem
1849 1798 2191 1863 Canonicis
2238 1804 2384 1884 post
2431 1797 2743 1861 kalendas
2794 1799 3196 1883 septembris,
3232 1820 3376 1863 cum
3418 1822 3457 1863 a
3506 1803 3729 1867 nuntio
3778 1804 4063 1889 ipsorum
4112 1808 4321 1874 Cano-

682 1909 970 1973 nicorum
1018 1907 1214 1973 fuerit
1258 1909 1626 1994 requisitus,
1662 1914 1805 1972 octo
1846 1906 2072 1971 corbes
2118 1906 2270 1970 boni
2316 1913 2381 1970 et
2427 1905 2677 1992 pulchri
2727 1906 3035 1969 frumenti
3080 1906 3217 1971 sine
3258 1908 3527 1991 malitia,
3562 1917 3625 1973 et
3659 1910 3811 1975 dicti
3846 1912 4151 1980 Canonici
4187 1919 4320 1982 suis

683 2016 985 2102 expensis
1033 2016 1274 2080 dictum
1319 2014 1711 2080 frumentum
1761 2013 2005 2079 scilicet
2051 2013 2290 2078 deferri
2337 2012 2598 2095 faciant,
2632 2021 2696 2077 et
2729 2014 2940 2099 ipsum
2979 2016 3440 2079 monasterium
3489 2016 3568 2080 ad
3612 2017 3754 2101 hoc,
3789 2021 4033 2085 scilicet
4079 2023 4160 2086 ad
4209 2025 4320 2089 de-

683 2123 1042 2206 ferendum,
1094 2123 1460 2187 nullatenus
1509 2128 1825 2186 teneatur.
1861 2121 1944 2185 Et
1991 2121 2316 2207 predictus
2364 2120 2887 2206 Archipresbiter
2934 2129 2998 2184 et
3048 2122 3354 2187 Canonici
3403 2125 3788 2190 remiserunt
3821 2136 3883 2192 et
3916 2129 4320 2197 donaverunt

683 2232 893 2296 eidem
941 2231 1208 2312 Abbati,
1242 2230 1576 2316 recipienti
1625 2230 1880 2294 nomine
1927 2250 2042 2293 suo
2091 2237 2155 2292 et
2205 2229 2574 2292 monasterii
2607 2228 2728 2310 sui,
2764 2249 2985 2292 omnes
3032 2228 3326 2293 detentas
3375 2240 3545 2297 retro
3593 2233 3874 2299 decimas
3916 2245 3977 2301 et
4021 2241 4324 2327 quicquid

684 2340 856 2402 ultra
903 2339 1143 2403 dictam
1192 2339 1619 2423 quantitatem
1667 2337 1921 2401 nomine
1969 2336 2360 2400 decimarum
2411 2336 2673 2421 exigere
2721 2344 2983 2422 possent
3024 2337 3441 2423 imposterum
3476 2341 3558 2404 ab
3590 2342 3729 2427 ipso
3761 2343 4022 2410 Abbate
4054 2349 4156 2411 vel
4190 2350 4322 2414 suis

686 2446 1184 2529 successoribus,
1220 2446 1354 2509 sive
1403 2452 1720 2508 conventu
1771 2444 1875 2507 vel
1922 2444 2311 2507 monasterio
2361 2444 2497 2528 ipso
2545 2464 2661 2529 pro
2709 2444 3221 2528 possessionibus
3269 2447 3673 2531 supradictis,
3724 2473 3883 2536 quas
3933 2453 4139 2539 ipsum
4189 2479 4323 2521 mo-

686 2552 1038 2617 nasterium
1085 2551 1370 2638 possidet
1417 2559 1705 2637 tempore
1754 2551 1938 2614 istius
1984 2550 2463 2635 compositionis
2510 2550 2574 2612 in
2608 2550 2913 2636 predictis
2946 2550 3334 2635 plebatibus,
3369 2561 3432 2616 et
3467 2576 3580 2639 pro
3613 2558 4126 2641 possessionibus
4160 2584 4320 2648 quas

687 2661 926 2724 habent
974 2659 1242 2724 ecclesie
1292 2659 1581 2743 ejusdem
1633 2657 2023 2739 monasterii,
2064 2657 2308 2721 scilicet
2355 2657 2606 2743 capella
2652 2658 2860 2721 sancti
2906 2657 3145 2721 Rofelli
3194 2681 3393 2745 prope
3445 2661 3764 2727 Savenam
3813 2673 3876 2729 et
3923 2669 4193 2733 ecclesia
4242 2671 4322 2736 de

686 2767 1008 2831 Medicina
1055 2774 1118 2830 et
1165 2766 1499 2830 Barbiani.
1546 2766 1632 2829 Et
1680 2765 2086 2851 supradictus
2132 2765 2359 2828 Abbas
2408 2786 2551 2829 cum
2593 2764 2902 2829 fratribus
2935 2766 3089 2847 suis,
3122 2767 3367 2831 scilicet
3397 2768 3654 2833 domino
3686 2771 3908 2836 Blasio
3942 2776 4176 2860 priore,
4210 2777 4322 2841 do-

684 2875 858 2938 mino
906 2874 1228 2957 stardo,
1278 2874 1535 2937 domino
1583 2873 1905 2953 Johanne,
1939 2871 2197 2937 domino
2246 2872 2538 2954 Albcrt0,
2573 2872 2832 2936 domino
2880 2873 3237 2956 BernardO,
3281 2874 3538 2941 domino
3584 2877 4030 2964 RambertinO,
4065 2884 4322 2951 domino

687 2981 1003 3045 Nicholao
1052 2987 1117 3044 et
1162 2981 1420 3045 domino
1469 2980 1686 3063 Petr0,
1735 2979 2066 3043 monachis
2113 2988 2176 3043 ct
2225 2980 2533 3044 fratribus
2579 2980 2849 3066 predicti
2900 2982 3269 3045 monasterii
3326 2983 3391 3046 in
3435 2983 3733 3071 Capitulo
3781 2991 4164 3074 constitutis,
4210 3016 4325 3080 per

687 3089 1170 3175 stipulationem
1232 3089 1524 3174 promisit
1587 3088 1895 3171 magistro
1945 3086 2201 3152 Oddoni
2249 3088 2628 3151 bononiensi
2678 3088 3025 3170 Canonico,
3076 3091 3409 3175 recipienti
3472 3093 3729 3158 nomine
3780 3095 4062 3182 Capituli
4123 3100 4323 3165 bono-

689 3197 928 3260 niensis
975 3197 1286 3279 Ecclesie,
1321 3196 1570 3260 solvere
1611 3195 1996 3282 supradictis
2030 3194 2373 3259 Canonicis
2407 3196 2736 3259 annuatim
2773 3195 2852 3259 de
2887 3203 3099 3260 cetero
3135 3206 3278 3260 octo
3313 3199 3537 3263 corbes
3571 3200 3896 3287 frumenti,
3939 3206 4103 3270 sicut
4134 3230 4322 3295 supe-

689 3304 821 3366 rius
869 3303 1110 3367 dictum
1157 3311 1274 3385 est,
1309 3303 1428 3367 sub
1477 3324 1644 3388 pena
1691 3302 1912 3366 decem
1958 3302 2270 3365 librarum
2315 3302 2821 3366 bononenorum.
2870 3302 2953 3366 Et
3000 3304 3308 3389 magister
3356 3305 3542 3369 Oddo
3591 3310 4018 3395 supradictus,
4067 3317 4323 3381 nomine

690 3411 972 3496 Capituli
1033 3410 1444 3475 bononiensis
1491 3410 1779 3474 Ecclesie
1821 3416 1886 3473 et
1932 3430 2083 3491 suo,
2131 3409 2537 3496 presentibus
2584 3409 2942 3495 presbitero
3006 3410 3255 3492 Zoene,
3303 3412 3560 3478 domino
3608 3415 3803 3481 Petro
3866 3418 3945 3482 de
4011 3420 4323 3507 Succida,

690 3519 947 3583 domino
982 3518 1292 3583 Guidotto
1340 3518 1419 3582 de
1468 3518 1762 3603 Corrigia
1811 3517 2257 3581 concanonicis
2305 3525 2370 3580 et
2418 3516 2726 3581 fratribus
2775 3516 2928 3582 dicti
2961 3519 3254 3602 magistri
3287 3519 3596 3604 Oddonis,
3630 3527 3920 3609 promisit
3955 3531 4324 3615 supradicto

691 3627 968 3708 Abbati,
1019 3625 1351 3712 recipienti
1402 3625 1656 3688 nomine
1705 3646 1821 3688 suo
1870 3633 1933 3689 et
1981 3624 2354 3689 monasterii
2403 3632 2467 3688 et
2511 3645 2773 3688 suorum
2836 3646 3313 3709 successorum,
3362 3630 3798 3714 supradictam
3846 3636 4323 3726 remissionem,

689 3735 1101 3799 donationem
1149 3740 1213 3797 et
1261 3734 1736 3797 concessionem
1786 3733 1958 3795 omni
2006 3740 2295 3818 tempore
2344 3740 2550 3796 ratam
2599 3739 2663 3796 et
2708 3732 2960 3796 firmam
3005 3732 3246 3798 habere
3294 3743 3359 3798 et
3403 3743 3645 3821 tenere,
3688 3748 3752 3803 et
3814 3742 3990 3807 nullo
4038 3752 4325 3833 tempore

690 3842 1136 3907 contravenire
1184 3861 1299 3928 per
1347 3862 1415 3905 se
1463 3848 1528 3905 et
1574 3862 1722 3904 suos
1771 3840 2004 3904 fratres
2053 3847 2117 3904 et
2163 3861 2564 3904 successores
2597 3846 2661 3903 et
2695 3838 3067 3926 Capitulum
3100 3841 3510 3908 bononiensis
3542 3845 3851 3930 Ecclesie,
3887 3850 4005 3915 sub
4040 3853 4327 3939 predicta

691 3972 859 4035 pena
908 3950 1128 4013 decem
1175 3949 1488 4013 librarum
1536 3949 2043 4031 bononenorum,
2077 3953 2141 4011 et
2185 3969 2353 4033 pena
2400 3948 2612 4011 soluta
2659 3947 2742 4011 ab
2792 3969 2869 4011 ea
2916 3955 3120 4034 parte,
3156 3971 3280 4035 que
3328 3959 3551 4015 contra
3583 3955 3870 4039 predicta
3914 3959 4019 4022 vel
4065 3961 4325 4048 aliquod

690 4058 1123 4143 predictorum
1171 4055 1415 4138 fecerit,
1463 4077 1660 4141 supra
1708 4055 1879 4119 dicta
1925 4055 2140 4119 omnia
2187 4055 2252 4118 in
2300 4076 2417 4118 sua
2466 4054 2919 4119 nichilominus
2968 4064 3272 4121 maneant
3318 4058 3639 4124 firmitate.
3690 4062 3775 4126 Et
3821 4065 3875 4128 si
3924 4068 4327 4154 contingeret

688 4165 1082 4251 Episcopum
1127 4164 1590 4228 bononiensem
1651 4163 1947 4227 evincere
2008 4162 2290 4226 decimas
2347 4183 2384 4226 a
2446 4162 2615 4226 dicto
2679 4164 3104 4246 monasteriO,
3154 4185 3281 4228 non
3330 4173 3627 4232 teneatur
3687 4175 4145 4238 monasterium
4203 4179 4329 4242 sol-

689 4294 839 4336 vere
890 4271 1188 4357 Capitulo
1237 4271 1615 4336 bononiensi
1664 4270 2100 4357 supradictam
2150 4270 2597 4355 quantitatem.
2646 4269 2732 4333 Et
2777 4270 3071 4356 promisit
3118 4272 3324 4337 dictus
3388 4275 3697 4359 magister
3754 4280 3925 4363 quod
3972 4283 4223 4347 curabit
4270 4293 4335 4349 et

688 4379 912 4462 faciet,
962 4378 1133 4464 quod
1184 4378 1555 4464 Capitulum
1602 4377 2015 4442 bononiensis
2063 4376 2353 4442 Ecclesie
2403 4377 2805 4441 confirmabit
2854 4385 2918 4441 et
2964 4378 3386 4464 approbabit,
3434 4388 3498 4444 et
3560 4389 3773 4446 ratum
3830 4385 4095 4453 habebit
4140 4391 4334 4455 istum

687 4492 1107 4550 contractum.
2526 4490 2537 4501 '

867 4595 1105 4658 Actum
1151 4594 1216 4657 in
1267 4594 1567 4680 Capitulo
1615 4592 1988 4658 monasterii
2043 4593 2315 4678 predicti
2363 4593 2568 4657 sancti
2618 4591 2960 4679 Stephani,
3010 4593 3358 4659 indictione
3407 4597 3725 4684 predicta,
3776 4604 4184 4687 presentibus
4232 4629 4333 4670 ro-

688 4702 857 4786 gat³s
903 4702 1175 4765 testibus
1223 4701 1481 4766 domino
1531 4700 1864 4765 Grimaldo
1913 4699 2182 4781 Rube0,
2230 4700 2489 4764 domino
2538 4699 2835 4764 Gnidone
2896 4701 3077 4765 Petri
3141 4702 3429 4769 Cunradi
3477 4712 3677 4770 strate
3724 4709 3931 4772 sancti
3981 4709 4331 4797 Stephani,

689 4808 1067 4873 Torrexauo
1115 4810 1258 4890 ejus
1305 4809 1460 4890 filio,
1508 4807 1779 4872 Cambio
1829 4807 2078 4872 notario
2129 4808 2208 4871 de
2257 4814 2479 4873 sancto
2530 4806 2893 4894 Stephan0‚
2946 4809 3241 4875 Gerardo
3291 4812 3528 4898 Crogio
3576 4813 3655 4877 de
3720 4814 3948 4880 Castro
4011 4817 4198 4882 Novo
4254 4820 4334 4885 de

690 4916 929 4980 Parma
975 4923 1040 4980 et
1087 4916 1344 4980 domino
1390 4915 1663 4980 Alberto
1711 4915 1790 4979 de
1836 4914 2098 4979 Parma.

866 5022 1115 5087 Eodem
1162 5044 1353 5105 ann0,
1388 5044 1606 5086 mense
1654 5030 1718 5086 et
1764 5022 1867 5087 die
1915 5030 1978 5086 et
2024 5021 2392 5087 indictione.
2444 5023 2521 5086 In
2565 5023 2760 5088 choro
2809 5024 3223 5090 bononiensis
3268 5026 3580 5111 Ecclesie,
3615 5032 4021 5114 presentibus
4062 5034 4333 5098 testibus

691 5130 1047 5216 presbitero
1095 5129 1549 5212 Aldrevando,
1598 5129 1934 5215 capellano
1997 5130 2287 5193 sacristis
2348 5130 2556 5194 sancti
2615 5129 2832 5214 Petri,
2883 5130 3210 5215 GerardO,
3258 5134 3492 5199 clerico
3555 5135 3634 5199 de
3694 5137 4021 5222 sacristia,
4072 5140 4330 5204 domino

693 5238 973 5323 Symone
1035 5237 1113 5301 de
1171 5236 1500 5318 Genzano,
1550 5236 1821 5301 Alberto
1870 5236 2124 5301 domine
2173 5236 2540 5301 Castellane
2588 5244 2652 5303 et
2700 5237 2916 5302 Clario
2967 5240 3216 5304 notario
3270 5241 3348 5305 de
3395 5242 3687 5322 Vivari0,
3737 5244 4046 5330 magister
4103 5247 4334 5312 Gratia

691 5345 1204 5409 Archidiaconus
1250 5344 1663 5409 bononiensis
1694 5343 2006 5426 Ecclesie,
2041 5351 2106 5408 et
2153 5344 2448 5408 dominus
2496 5345 2538 5409 J
2545 5344 2714 5409 udex
2759 5346 3285 5433 Archipresbiter
3335 5350 3646 5433 ejusdem,
3681 5358 3745 5416 et
3791 5353 3890 5416 sui
3924 5352 4179 5437 fratres,
4213 5355 4334 5418 sci-

688 5453 839 5516 licet
886 5451 1204 5538 presbiter
1235 5451 1566 5533 Albertus,
1600 5451 1918 5537 presbiter
1964 5451 2237 5534 Probus,
2271 5451 2589 5536 presbiter
2637 5451 3046 5535 Ottavianus,
3085 5455 3404 5539 presbiter
3452 5456 3648 5540 Zoeu,
3683 5457 3978 5522 dominus
4009 5459 4333 5540 Andreas,

690 5559 986 5623 dominus
1034 5557 1247 5622 Guido
1298 5557 1599 5642 Grassus,
1634 5558 1930 5622 dominus
1975 5558 2210 5622 Petrus
2259 5557 2337 5622 de
2387 5558 2682 5642 Succida,
2733 5560 3042 5644 magister
3089 5560 3432 5645 Martinus,
3468 5563 3764 5628 dominus
3815 5565 4028 5629 Guido
4077 5567 4156 5630 de
4205 5567 4333 5630 Ba·

692 5666 906 5751 gn010,
957 5664 1265 5751 magister
1310 5665 1698 5747 LanbertuS,
1748 5666 2059 5751 magister
2105 5665 2500 5749 Tanoredus,
2536 5667 2833 5731 dominus
2881 5667 3167 5732 Jacobus
3216 5668 3489 5733 condam
3537 5669 3854 5736 Gnidonis
3907 5672 4333 5756 Lambertiui,

692 5774 986 5837 dominus
1020 5773 1368 5837 Gnidottus
1402 5774 1479 5837 de
1515 5773 1810 5859 Corrigia
1843 5780 1909 5838 et
1940 5774 2236 5838 dominus
2267 5774 2613 5857 Henricus,
2650 5776 2907 5840 nomine
2943 5776 3228 5863 Capituli
3268 5777 3682 5843 bononiensis
3727 5780 4034 5865 Ecclesie,
4070 5804 4336 5848 consen-

691 5889 913 5945 serunt
944 5881 1231 5967 predicto
1267 5882 1624 5947 contractui
1657 5889 1721 5946 et
1753 5904 1900 5946 eum
1933 5882 1998 5945 in
2032 5889 2236 5946 totum
2270 5883 2795 5968 approbaverunt
2828 5891 2892 5948 et
2924 5885 3487 5968 confirmaverunt,
3521 5895 3585 5950 et
3619 5888 3971 5973 predictam
4013 5891 4335 5956 remissio-

694 6011 837 6053 nem
865 5997 928 6052 et
961 5992 1440 6055 concessionem
1471 5988 1763 6053 fecerunt
1796 5989 2053 6053 domino
2086 5989 2280 6072 Dato,
2306 5989 2571 6075 syndico
2604 5991 2979 6055 monasterii
3012 5992 3217 6056 sancti
3251 5991 3565 6078 Stephani
3599 5995 3972 6081 supradicti,
4002 5998 4336 6084 recipienti

692 6098 946 6162 nomine
1011 6103 1075 6160 et
1121 6097 1260 6161 vice
1307 6096 1582 6184 predicti
1628 6097 1903 6161 Abbatis
1951 6104 2015 6160 et
2062 6098 2437 6161 monasterii
2484 6105 2548 6161 et
2589 6097 2892 6162 Fratrum
2941 6120 3201 6163 suorum
3250 6107 3314 6164 et
3362 6122 3839 6185 successorum,
3886 6105 4335 6189 promittentes

690 6205 921 6287 eidem,
955 6204 1291 6290 recipienti
1322 6205 1610 6291 predicto
1660 6205 1937 6288 nomine,
1971 6205 2262 6291 predicta
2307 6206 2492 6269 firma
2539 6213 2853 6293 perpetuo
2892 6213 3113 6271 tenere
3147 6215 3212 6271 et
3245 6209 3307 6271 in
3344 6209 3521 6273 nullo
3556 6211 4002 6274 contravenire
4037 6212 4156 6275 sub
4190 6234 4335 6298 pre-

691 6314 863 6377 dicta
923 6333 1092 6398 pena
1139 6311 1363 6377 decem
1409 6313 1722 6376 librarum
1768 6313 2288 6395 bononenorum,
2338 6319 2403 6377 et
2449 6335 2527 6377 ea
2574 6314 2823 6396 soluta,
2871 6314 3163 6400 predicta
3207 6316 3392 6379 firma
3438 6323 3863 6403 permaneant
3909 6326 3975 6381 et
4020 6325 4185 6383 rata.

870 6418 986 6503 (L.
1021 6419 1066 6502 †
1100 6418 1194 6502 S.)
1240 6418 1385 6505 Ego
1431 6418 1892 6502 La[n]francus
1938 6420 2300 6506 Papiensis,
2341 6420 2692 6506 imperialis
2740 6421 2887 6485 aule
2935 6422 3245 6505 notarius,
3286 6423 3548 6487 interfui
3596 6432 3661 6489 et
3708 6433 3972 6511 rogatus
4030 6446 4069 6489 a
4109 6447 4335 6513 supra-

691 6527 877 6592 dictis
927 6527 1222 6592 omuibus
1268 6527 1607 6593 Fratribus
1656 6535 1720 6591 et
1768 6529 2316 6612 contrahentibus,
2363 6528 2531 6593 hanc
2578 6538 2823 6595 cartam
2872 6553 2953 6595 ex
2997 6532 3429 6616 justrumento
3476 6534 3703 6620 scripsi
3751 6540 3816 6597 et
3860 6534 4208 6621 publicavi.

926 6667 1062 6704 ron.
1103 6668 1166 6706 11.
4101 6662 4168 6711 34
