5542 7775
1579 693 2041 743 SPEGTANTIA
2098 692 2200 741 An
2258 689 2767 739 Pnornssonns
2823 691 3034 740 sums
3092 689 3359 740 01v1L18
4129 669 4279 738 127

651 872 999 935 eorumque
1048 849 1412 914 nominibus
1459 847 1795 912 retinenda
1845 847 2266 933 possessione,
2316 852 2380 909 et
2426 845 2640 931 quasi,
2689 845 2973 908 omnium
3021 850 3086 907 et
3132 845 3534 928 singulorum
3575 843 3818 927 jurium
3865 850 3930 906 et
3973 842 4289 906 bonorum

652 956 736 1020 ad
781 957 1072 1020 eamdem
1120 977 1455 1020 romanam
1502 954 1881 1035 Ecclesiam,
1930 961 2001 1017 ut
2048 953 2459 1038 premittitur,
2507 953 2891 1038 pertinente,
2933 973 3131 1037 penes
3180 973 3296 1016 nos
3345 959 3409 1015 et
3456 972 3855 1015 successores
3903 956 4156 1014 nostros
4213 971 4289 1014 ac

652 1065 945 1128 eamdem
992 1085 1324 1128 romanam
1371 1062 1732 1127 Ecclesiam
1776 1068 2088 1147 perpetuo
2137 1068 2529 1124 remanente.

830 1172 1148 1235 Volumus
1197 1172 1390 1235 etiam
1440 1169 1611 1256 quod
1656 1191 1772 1255 per
1817 1169 2323 1251 universitatem,
2365 1169 2675 1254 populum
2723 1174 2788 1231 et
2836 1167 3188 1232 Commune
3236 1167 3521 1252 prefatos
3569 1167 3709 1250 fiat,
3759 1174 3830 1231 ut
3876 1167 4288 1252 premittitur,

653 1280 1012 1361 actualiter,
1049 1280 1309 1342 realiter
1355 1286 1420 1342 et
1467 1277 1888 1363 corporaliter
1935 1277 2254 1340 restitutio
2287 1282 2351 1338 et
2399 1275 2751 1360 assignatio
2795 1276 3145 1361 corporalis
3178 1276 3619 1361 possessionis,
3654 1283 3718 1339 et
3751 1276 3954 1361 quasi,
3990 1274 4288 1355 civitatis,

654 1388 993 1452 comitatus
1042 1394 1106 1450 et
1151 1387 1476 1450 districtus
1523 1385 1958 1473 predictorum
2019 1406 2094 1448 ae
2156 1384 2314 1447 meri
2377 1390 2441 1448 et
2498 1384 2683 1447 mixti
2730 1383 3015 1469 imperij,
3065 1390 3130 1446 et
3178 1383 3541 1448 omnimode
3584 1383 3826 1467 jurium
3875 1383 4159 1469 ipsorum
4208 1382 4290 1445 ad

654 1516 770 1559 nos
818 1503 882 1559 et
927 1516 1262 1559 romanam
1308 1494 1669 1557 Ecclesiam
1716 1493 1907 1578 pleno
1951 1493 2097 1575 jure
2147 1492 2574 1577 spectantium
2622 1512 2914 1576 persone,
2964 1512 3076 1554 seu
3125 1492 3435 1576 personis,
3485 1512 3678 1576 quam
3733 1491 3836 1554 vel
3885 1512 4045 1576 quas
4102 1489 4183 1553 ad
4227 1490 4291 1553 id

649 1602 1086 1688 deputandam
1133 1602 1506 1665 duxerimus
1555 1622 1669 1664 seu
1704 1601 1901 1665 etiam
1946 1599 2370 1685 deputandaS,
2421 1599 2755 1684 recipienti
2808 1620 2922 1662 seu
2971 1599 3426 1685 recipientibus
3475 1609 3693 1662 nostro
3743 1606 3807 1661 et
3849 1620 4290 1662 successorum

656 1717 1018 1775 nostrorum
1053 1731 1128 1774 ac
1177 1730 1438 1772 romane
1486 1708 1775 1771 Ecclesie
1821 1690 2255 1793 predictorum
2304 1707 2580 1785 nomine,
2620 1705 2989 1788 hujusmodi
3038 1707 3436 1792 corporalem
3485 1707 3955 1792 possessionem
3989 1714 4051 1769 et
4085 1706 4289 1790 quasi,

654 1839 730 1881 ac
776 1839 891 1903 per
937 1838 1082 1880 eam
1137 1838 1250 1880 seu
1299 1837 1409 1879 eas
1458 1815 1714 1879 nomine
1763 1812 2132 1900 supradicto
2180 1813 2548 1896 hujusmodi
2609 1812 2803 1876 realis
2851 1819 2916 1875 et
2962 1812 3315 1898 corporalis
3370 1813 3689 1898 possessio
3752 1820 3816 1877 et
3864 1813 4081 1898 quasi,
4133 1812 4291 1875 reci-

653 1925 889 2011 piatur,
923 1923 1446 2010 apprehendatur
1477 1929 1542 1986 et
1587 1922 1925 2003 habeatur,
1961 1928 2032 1984 ut
2079 1921 2489 2005 premittitur,
2524 1920 2789 2005 pacifice
2838 1927 2902 1982 et
2949 1919 3162 2005 quiete
3209 1920 3367 1984 fiant
3409 1920 3606 1984 etiam
3637 1942 3753 2005 per
3784 1920 4290 2001 universitatem,

654 2033 963 2119 populum
1012 2038 1074 2094 et
1122 2030 1474 2095 Commune
1521 2029 1807 2116 prefatos
1858 2029 2347 2112 recognitiones,
2396 2028 2876 2108 ratificationeS,
2911 2028 3406 2113 acceptationes,
3442 2028 3920 2110 affirmationeS,
3955 2028 4292 2092 confirma-

653 2140 861 2204 tiones
909 2148 973 2203 et
1021 2138 1549 2223 emologationes,
1578 2138 2093 2221 juramentorum
2135 2136 2582 2221 prestationes,
2618 2136 3046 2220 obligationes
3081 2156 3335 2220 quoque
3369 2156 3562 2222 super
3595 2135 3763 2199 dicto
3799 2156 3994 2198 censu
4034 2141 4099 2198 et
4145 2134 4292 2217 alijs

656 2248 952 2311 omnibus
998 2252 1061 2309 et
1110 2245 1381 2330 singulis
1430 2244 1745 2308 contentis
1794 2244 1859 2306 in
1905 2243 2091 2327 dictis
2138 2242 2340 2306 literis
2387 2242 2704 2324 distincte,
2739 2242 3106 2328 specialiter
3152 2251 3216 2306 et
3263 2263 3589 2328 expresse,
3624 2264 3698 2306 ae
3732 2243 4044 2328 premissa
4077 2242 4292 2305 omnia

651 2355 844 2439 juxta
889 2354 1365 2439 promissioneS,
1402 2352 1829 2437 obligationes
1878 2358 1942 2414 et
1983 2352 2355 2433 juramenta
2402 2350 2555 2413 dicti
2602 2350 2885 2414 Rolandi
2931 2350 3180 2431 sindici,
3224 2357 3288 2413 et
3319 2349 3667 2414 secundum
3705 2350 3984 2433 modum,
4018 2349 4293 2413 formam

658 2468 724 2526 et
769 2461 1057 2524 ordinem
1105 2461 1169 2524 in
1218 2459 1459 2524 eisdem
1510 2459 1710 2522 literis
1760 2458 1992 2522 nostris
2042 2479 2404 2543 expressos,
2439 2457 2610 2520 infra
2648 2457 2964 2521 kalendas
3011 2459 3248 2521 mensis
3296 2458 3678 2543 septembris
3710 2458 4005 2542 proximo
4041 2456 4291 2520 futuras

656 2568 869 2632 debite
918 2576 979 2631 et
1029 2568 1372 2631 efficaciter
1419 2567 1827 2651 impleantur,
1862 2571 1927 2628 et
1974 2564 2145 2649 quod
2187 2564 2265 2627 de
2300 2565 2762 2649 acceptatione,
2799 2565 3283 2649 approbatione,
3319 2565 3763 2647 ratificatione,
3798 2565 4291 2648 emologatione,

657 2676 1141 2741 confirmatione
1189 2682 1253 2738 et
1294 2675 1646 2759 juramenti
1695 2673 2109 2758 prestatione,
2144 2693 2260 2736 nee
2309 2693 2435 2735 non
2483 2672 2909 2753 restitutione,
2944 2673 3321 2753 redditione,
3358 2674 3794 2758 assignatione
3827 2681 3891 2737 et
3924 2673 4295 2738 dimissione

658 2784 1079 2871 possessionis
1127 2789 1191 2846 et
1238 2782 1457 2867 quasi,
1516 2780 1885 2865 hujusmodi
1941 2781 2054 2842 fiat
2102 2780 2432 2865 publicum
2478 2788 2542 2843 et
2590 2779 3030 2843 authenticum
3079 2780 3572 2844 instrumentum
3619 2781 3987 2845 tabellionis
4035 2782 4294 2867 publica

658 2913 851 2955 manu
901 2891 1209 2975 scriptum
1270 2897 1335 2953 et
1394 2888 1607 2974 sigillo
1655 2887 1808 2951 dicti
1858 2886 2228 2951 Communis
2276 2887 2629 2972 sigillatum
2676 2887 2862 2950 nobis
2910 2886 3079 2950 infra
3124 2887 3439 2951 kalendas
3487 2889 3763 2974 proximi
3810 2889 4012 2953 futuri
4058 2892 4294 2954 mensis

656 2998 933 3061 octobris
982 2995 1435 3060 destinandum
1467 3003 1532 3058 et
1578 2996 1839 3059 realiter
1888 2993 2380 3080 assignandum,
2432 2995 2627 3057 salvis
2676 3001 2739 3057 et
2785 2994 2985 3057 firmis
3033 2995 3442 3058 manentibus
3498 3002 3563 3058 et
3602 2997 3890 3081 plenarie
3939 2999 4295 3061 observatis

659 3107 722 3169 in
770 3105 1074 3191 predictis
1138 3104 1433 3169 omnibus
1498 3109 1563 3167 et
1623 3103 1895 3188 singulis
1960 3102 2538 3183 declarationibus,
2592 3100 3138 3166 moderationibus
3185 3110 3248 3165 et
3296 3103 3808 3188 suppletionibus
3874 3105 4293 3191 supradictis,

658 3213 894 3298 quibus
941 3234 1056 3298 per
1103 3211 1392 3297 predicta
1439 3211 1543 3274 vel
1593 3210 1849 3296 aliquod
1900 3209 2331 3296 predictorum
2381 3210 2446 3272 in
2495 3209 2671 3273 nullo
2719 3209 3016 3273 volumus
3063 3209 3384 3295 derogari.
3433 3210 3683 3273 Rursus
3733 3213 4016 3275 omnium
4065 3234 4188 3297 que
4230 3214 4296 3276 in

658 3319 1026 3403 hujusmodi
1074 3318 1617 3382 declarationibus
1668 3318 2104 3399 continentur,
2154 3318 2205 3379 si
2255 3337 2448 3401 super
2496 3317 2588 3379 eis
2636 3317 2739 3379 vel
2788 3337 3009 3379 eorum
3058 3317 3274 3402 aliquo
3331 3318 3436 3380 vel
3481 3318 3840 3403 aliquibus,
3890 3319 4135 3404 aliquid
4180 3320 4295 3382 du-

662 3428 918 3491 bietatis
968 3427 1069 3489 vel
1135 3425 1578 3511 ambiguitatis
1639 3425 1981 3509 eontigerit
2040 3425 2311 3507 exoriri,
2370 3424 2872 3488 declarationem
2935 3431 3000 3488 et
3060 3425 3655 3510 interpretationem
3718 3426 3800 3489 ad
3847 3448 3998 3509 nos,
4049 3428 4297 3512 quoties

660 3556 820 3621 opus
868 3534 1096 3615 fuerit,
1147 3533 1443 3597 volumus
1490 3532 1851 3618 pertinere3
1898 3553 2092 3617 super
2139 3554 2266 3617 qua
2315 3531 2575 3617 quidem
2621 3531 3057 3595 declaratione
3105 3538 3170 3595 et
3217 3532 3784 3618 interpretatione,
3834 3535 3886 3597 si
3934 3557 4056 3619 que
4105 3557 4298 3620 super

659 3641 1030 3727 hujusmodi
1077 3640 1291 3723 dubijs
1339 3662 1455 3726 per
1502 3662 1618 3703 nos
1666 3640 1841 3722 fient,
1877 3640 2151 3702 stabitur
2196 3639 2394 3703 verbo
2443 3661 2559 3703 seu
2607 3639 2808 3703 literis
2853 3639 3108 3720 nostris,
3143 3647 3333 3723 prout
3382 3640 3566 3704 nobis
3599 3641 3922 3705 videbitur
3963 3642 4295 3707 faciendis.

839 3748 979 3822 Que
1030 3748 1288 3833 quidem
1339 3748 1551 3811 omnia
1600 3754 1665 3811 et
1711 3746 1967 3831 singula
2015 3755 2149 3809 tam
2196 3746 2263 3809 in
2308 3746 2679 3830 hujusmodi
2725 3746 3291 3827 declarationibuS,
3335 3747 3880 3812 moderationibus
3929 3757 3993 3813 et
4039 3751 4297 3836 supple-

662 3856 977 3939 tionibus,
1029 3877 1222 3941 quam
1270 3855 1333 3918 in
1383 3854 1724 3940 sepedictis
1771 3854 1975 3918 literis
2036 3875 2231 3940 super
2291 3854 2461 3919 dicta
2519 3854 3039 3920 reconciliatione
3099 3855 3407 3920 confectis
3471 3861 3806 3940 contenta,
3857 3858 3921 3920 in
3986 3865 4298 3943 quantum

660 3964 1028 4048 hujusmodi
1070 3962 1634 4045 declarationibus,
1670 3963 2217 4027 moderationibus
2251 3969 2316 4026 et
2361 3963 2876 4048 suppletionibus
2921 3986 3049 4028 non
3096 3964 3381 4046 obviant,
3416 3963 3569 4027 dicti
3614 3965 3910 4049 magistri
3955 3965 4188 4029 Petrus
4236 3973 4300 4029 et

659 4072 1140 4148 Bonaventura,
1190 4078 1639 4155 procuratores
1687 4078 1751 4133 et
1799 4070 2055 4150 sindici,
2105 4070 2545 4154 procuratorio
2595 4078 2658 4134 et
2714 4071 3057 4135 sindicario
3105 4072 3361 4136 nomine
3410 4071 3798 4156 supradicto,
3849 4094 4007 4158 quos
4056 4072 4138 4136 ab
4186 4095 4298 4136 ex-

661 4179 1255 4244 communicationis
1303 4199 1416 4241 seu
1465 4177 2201 4243 excommunicationum
2250 4178 2602 4258 sententiis,
2649 4200 2810 4264 quas
2857 4200 2972 4263 per
3018 4179 3221 4244 dictos
3268 4201 3607 4266 processus
3655 4186 3905 4243 nostros
3960 4180 4064 4243 vel
4114 4180 4295 4264 aliaS,

660 4288 1116 4374 premissorum
1166 4285 1522 4366 occasione,
1568 4285 1991 4366 incurrerant,
2035 4283 2113 4346 ad
2164 4284 2424 4348 humilis
2482 4285 2767 4371 ipsorum
2814 4286 3300 4371 supplicationis
3348 4286 3722 4349 instantiam
3769 4287 3945 4373 prius
4000 4286 4301 4351 duximus

659 4392 1115 4472 absolvendOS,
1166 4392 1727 4478 approbaverunt,
1777 4391 2259 4455 ratificaverunt
2307 4397 2371 4455 et
2419 4393 2870 4477 emologarunt
2917 4414 3255 4479 expresse,
3309 4415 3385 4458 ac
3440 4393 3873 4480 promiserunt
3932 4394 4303 4458 solemniter

664 4509 727 4565 et
770 4502 1071 4584 jurarunt
1120 4499 1463 4563 sindicario
1512 4506 1575 4562 et
1620 4499 2063 4584 procuratorio
2123 4500 2415 4581 nomine,
2464 4506 2529 4563 et
2591 4500 2656 4562 in
2720 4500 2969 4563 animas
3035 4501 3560 4564 constituentium
3619 4500 4081 4585 predictorum,
4130 4501 4300 4587 quod

660 4609 829 4672 infra
876 4609 1078 4671 dictas
1126 4606 1441 4670 kalendas
1490 4606 1780 4691 ejusdem
1829 4606 2065 4671 mensis
2114 4608 2493 4689 septembris
2542 4607 2696 4671 dieti
2742 4608 3152 4690 universitas,
3186 4609 3463 4695 populus
3496 4631 3610 4673 seu
3654 4609 4006 4673 Commune
4047 4617 4110 4673 et
4157 4632 4300 4696 per-

659 4738 812 4780 sone
862 4716 1223 4800 singulares
1274 4715 1553 4779 civitatis
1601 4715 1893 4799 ejusdem
1941 4736 2135 4800 super
2180 4716 2302 4780 hoc
2351 4715 2434 4779 ad
2481 4738 2709 4779 sonum
2757 4738 3070 4801 campane
3118 4739 3295 4782 more
3344 4718 3534 4783 solito
3582 4719 3981 4803 congregati,
4014 4726 4207 4804 prout
4237 4720 4301 4782 in

662 4823 1015 4908 majoribus
1065 4830 1128 4886 et
1177 4822 1395 4885 arduis
1444 4823 1730 4908 ipsorum
1776 4823 2055 4907 negotijs
2104 4823 2318 4886 extitit
2364 4831 2776 4905 consuetum,
2826 4824 3116 4910 predicta
3180 4824 3396 4888 omnia
3457 4831 3521 4888 et
3578 4825 3836 4910 singula
3882 4848 3999 4911 per
4044 4825 4304 4889 eosdem

660 4930 938 4994 sindicos
986 4937 1049 4992 et
1097 4937 1547 5015 procuratores
1596 4937 1762 5011 acta,
1812 4938 2016 5014 gesta,
2067 4930 2383 5015 promissa
2431 4938 2497 4994 et
2538 4932 2779 5014 jurata,
2822 4939 2965 4995 rata
3014 4939 3078 4995 et
3126 4940 3314 5017 grata
3361 4932 3694 4997 habebunt
3738 4939 4049 5018 perpetuo
4099 4939 4163 4995 et
4209 4940 4301 4995 te-

661 5038 926 5118 nebunt,
963 5036 1399 5100 observabunt
1447 5043 1509 5099 et
1558 5036 2001 5122 adimplebunt
2054 5043 2117 5099 et
2158 5037 2492 5121 jurabunt,
2528 5046 2720 5123 prout
2766 5038 2832 5101 in
2880 5039 3082 5102 literis
3131 5040 3298 5103 dicte
3347 5039 3886 5104 reconciliationis
3919 5039 4300 5121 continetur,

661 5155 725 5209 et
774 5144 944 5230 quod
993 5151 1216 5207 contra
1263 5164 1341 5207 ca
1387 5143 1491 5206 vel
1540 5144 1825 5229 ipsorum
1874 5142 2164 5228 aliquod,
2215 5144 2392 5209 nullo
2439 5151 2728 5230 tempore
2779 5144 3017 5209 facient
3058 5147 3162 5210 vel
3210 5147 3473 5210 venient
3521 5147 3738 5232 aliqua
3785 5147 4069 5228 ratione,
4121 5167 4303 5211 occa-

660 5253 859 5332 sione,
910 5252 1122 5315 colore
1171 5251 1274 5314 vel
1324 5271 1540 5314 causa.
1588 5250 1885 5336 Denique
1942 5259 2011 5314 ut
2061 5252 2466 5334 universitaS,
2516 5252 2793 5337 populus
2842 5260 2906 5316 et
2953 5252 3307 5317 Commune
3355 5254 3591 5340 prefati
3639 5260 3703 5317 et
3750 5254 4112 5338 singulares
4160 5275 4304 5339 per-

667 5380 820 5422 sone
868 5359 1174 5444 ipsorum,
1225 5380 1339 5421 nos
1388 5365 1452 5422 et
1498 5358 1733 5421 dictam
1786 5357 2017 5421 Sedem
2066 5379 2222 5442 erga
2270 5379 2336 5421 se
2386 5360 2666 5422 sentiant
2712 5360 3025 5445 propitios
3072 5367 3137 5423 et
3183 5361 3520 5446 benignos,
3555 5382 3693 5442 nos,
3729 5360 3847 5424 sub
3897 5359 4306 5446 infrascripta

660 5466 1100 5531 moderatione
1150 5488 1292 5530 eum
1342 5466 1434 5529 eis
1483 5464 1979 5529 misericorditer
2024 5465 2467 5550 procedentes,
2511 5468 2898 5529 sententiam
2945 5467 3289 5549 interdicti,
3340 5468 3443 5532 cui
3490 5468 3738 5550 civitas,
3774 5468 4134 5550 comitatus,
4176 5475 4303 5532 ter-

662 5574 956 5638 ritorium
1003 5580 1065 5636 et
1113 5573 1438 5636 districtus
1486 5573 1946 5654 bononienseS,
1998 5594 2114 5636 nec
2166 5594 2291 5636 non
2341 5574 2727 5637 universitas
2776 5574 3055 5638 civitatis
3104 5576 3398 5658 ejusdem
3447 5583 3509 5639 et
3558 5575 3681 5639 alie
3740 5576 4193 5639 universitates
4241 5583 4305 5638 et

661 5681 1023 5744 communia
1072 5701 1293 5743 eorum
1342 5679 1602 5743 fuerunt
1635 5701 1749 5764 per
1781 5679 1983 5743 dictos
2021 5687 2270 5743 nostros
2304 5687 2368 5744 et
2401 5681 2691 5764 ejusdem
2724 5680 2958 5766 Legati
2992 5704 3329 5767 processus
3363 5691 3427 5747 et
3459 5682 3980 5748 constitutionem
4015 5683 4305 5768 ejusdem

660 5787 1005 5870 Bonifaeij,
1044 5787 1146 5851 vel
1193 5788 1615 5873 provincialia
1663 5809 1778 5850 seu
1826 5788 2143 5851 sinodalia
2191 5796 2433 5852 statuta
2474 5796 2537 5852 et
2585 5790 2781 5853 etiam
2832 5789 3064 5854 Sacros
3112 5812 3411 5874 canones,
3447 5812 3563 5876 pro
3612 5792 3941 5877 premissis
3989 5791 4304 5854 contentis

663 5895 727 5958 in
777 5895 961 5958 dictis
1028 5896 1435 5980 processibus
1498 5895 1730 5958 nostris
1794 5896 2162 5980 supposita,
2211 5917 2412 5981 penas
2476 5918 2730 5982 quoque
2795 5904 2860 5960 et
2906 5898 3257 5961 sententias
3321 5898 3386 5961 in
3445 5897 3686 5962 eisdem
3734 5898 4138 5983 processibus
4189 5920 4304 5961 nec

660 6024 787 6067 non
838 6002 1007 6066 dicta
1056 6003 1509 6066 constitutione
1558 6001 1848 6085 ejusdem
1896 6002 2219 6086 Bonifacij
2269 6010 2602 6066 contentas
2664 6011 2889 6069 contra
2951 6006 3237 6090 prefatas
3301 6005 3629 6069 civitatem
3691 6013 3756 6069 et
3817 6006 4303 6070 universitatem

659 6110 1088 6173 bononienses
1137 6131 1330 6194 super
1375 6109 1736 6195 privatione
1788 6108 1999 6192 Studij
2048 6111 2370 6194 generalis
2436 6112 2848 6197 omniumque
2895 6112 3403 6198 privilegiorum,
3448 6112 3995 6198 indulgentiarum
4044 6123 4107 6176 et
4155 6134 4303 6198 gra-

663 6217 899 6280 tiarum
948 6216 1447 6302 apostolicorum
1494 6223 1559 6280 et
1601 6216 2052 6301 imperialium,
2089 6224 2152 6281 et
2186 6217 2267 6280 ab
2302 6218 2445 6280 aliis
2480 6218 2988 6304 quibuscumque
3024 6241 3472 6284 concessorum
3519 6220 3761 6284 eisdem
3809 6242 4012 6305 usque
4048 6219 4128 6282 ad
4160 6242 4306 6306 pre-

660 6324 829 6387 fatas
877 6323 1196 6387 kalendas
1244 6322 1533 6408 ejusdem
1580 6324 1860 6410 proximi
1907 6323 2107 6387 futuri
2157 6326 2393 6388 mensis
2443 6326 2720 6390 octobris
2769 6326 2849 6390 de
2897 6326 3213 6391 dictorum
3259 6327 3563 6391 Fratrum
3611 6335 3977 6391 nostrorum
4016 6327 4304 6410 consiliO,

661 6432 1017 6517 apostolica
1080 6431 1463 6494 auctoritate
1528 6431 1980 6518 suspendimus
2028 6432 2106 6495 de
2164 6433 2564 6518 benignitate
2630 6433 2817 6498 Sedis
2880 6434 3170 6519 ejusdem
3227 6441 3291 6498 et
3339 6435 3552 6519 gratia
3600 6435 3886 6520 speciali.
3935 6435 4040 6498 Ita
4097 6436 4305 6520 quod,

661 6536 933 6601 durante
983 6537 1402 6622 suspensione
1448 6538 1760 6623 predicta,
1794 6539 2044 6624 possint
2090 6539 2316 6624 officijs
2360 6540 2591 6603 divinis
2642 6562 2716 6604 ac
2762 6540 2990 6604 Studio
3024 6540 3335 6626 generali,
3369 6562 3487 6605 nec
3521 6542 4061 6632 non'privilegijs,
4097 6542 4307 6606 indul-
