5542 7775
1320 609 1469 679 292
2828 627 3476 680 nominum-onum

1310 782 1600 868 gelieiss)
1634 782 2093 870 suscepissem,
2144 789 2208 846 et
2254 781 2672 846 similitudine
2721 789 3084 846 commenta

1310 891 1689 955 dictantium
1739 890 1818 954 de
1850 890 2006 972 vita,
2041 889 2325 954 moribus
2356 898 2422 954 ct
2454 889 2747 954 doctrina
2780 890 2980 954 Poete
3006 890 3085 954 (2)

1309 998 1580 1062 solerter
1628 997 1951 1082 inquirere
1998 997 2297 1061 decrevi.
2329 1045 2344 1060 .
2374 1046 2388 1061 .
2419 1046 2433 1061 .
2482 997 2564 1062 Id
2625 1019 2770 1062 cum
2833 1017 3085 1061 mecum

1310 1106 1643 1192 operosius
1691 1106 2029 1189 agitarem,
2078 1126 2204 1190 quo
2253 1105 2468 1169 nescio
2517 1105 2772 1168 afflatus
2820 1105 3083 1190 spiritu,

1313 1214 1494 1299 cepi,
1553 1213 1706 1277 dum
1778 1212 1975 1276 talem
2044 1220 2424 1298 tantumque
2494 1222 2803 1276 contueor
2871 1219 3086 1275 mente

1308 1321 1582 1384 Poetam
1656 1320 2216 1385 vehementissime
2287 1320 2632 1402 admirari,
2698 1341 2844 1384 cum
2913 1318 3086 1382 viros

1308 1428 1544 1492 multos
1588 1428 1761 1491 fame
1808 1427 2281 1514 preclarissime
2328 1427 2555 1491 civitas
2588 1448 2732 1491 mea
2764 1425 3083 1511 genuerit,

1310 1556 1660 1620 numquam
1697 1535 2132 1620 comparuisse
2167 1534 2495 1598 concivem
2529 1555 2939 1619 quemquam,
2973 1532 3084 1618 qui

1236 1683 1247 1692 ·
1307 1645 1596 1728 egregia,
1632 1664 1756 1728 que
1790 1663 2071 1727 gessere,
2108 1642 2414 1707 memorie
2447 1640 2839 1704 tradidisset.
2873 1639 2972 1704 Ea
3004 1639 3084 1703 de

1307 1772 1376 1813 re
1426 1749 1605 1814 velut
1652 1749 2044 1814 contumelia
2092 1756 2286 1830 tacte,
2328 1748 2593 1832 majoris
2641 1745 3083 1834 occupationis

1307 1857 1478 1943 cepit
1526 1879 1680 1921 cura
1726 1856 2161 1938 subcrescere,
2195 1862 2259 1920 et
2293 1877 2453 1941 quos
2501 1855 2876 1919 inveneram
2907 1854 3081 1918 cives

1306 1987 1483 2028 meos
1533 1965 1782 2028 illustre
1831 1963 2073 2049 aliquid
2119 1964 2469 2049 peregisse,
2504 1963 2688 2048 quasi
2719 1983 2837 2048 per
2869 1961 3080 2024 diver-

1303 2073 1573 2136 ticulum
1631 2070 1999 2157 ampliande
2062 2070 2327 2133 materie
2392 2070 2812 2154 digressionis
2874 2068 3080 2132 officio

1309 2179 1517 2243 labori
1566 2200 1706 2242 meo
1754 2178 2040 2242 conabar
2072 2177 2434 2241 adnectere.
2471 2176 2658 2251 Quod
2693 2175 2846 2239 dum
2879 2176 3080 2240 ferme

1305 2288 1780 2373 explicuissem,
1816 2295 2208 2372 compertum
2255 2284 2456 2348 habui
2502 2285 2762 2370 papiros
2812 2284 3080 2347 metiens

1304 2396 1672 2458 excrevisse
1729 2416 1890 2479 opus
1954 2393 2209 2478 longius
2272 2413 2466 2478 quam
2523 2400 2844 2477 putaram.
2893 2390 3080 2454 Veri-

1304 2510 1535 2587 tusque
1579 2522 1721 2564 sum
1756 2522 1856 2582 ne,
1890 2500 1943 2564 si
1978 2500 2348 2584 aliquandO,
2384 2506 2453 2562 ut
2485 2499 2861 2583 contingere
2894 2498 3079 2580 solet,

1304 2630 1465 2695 opus
1498 2630 1714 2673 meum
1744 2608 1918 2672 facta
1943 2608 2309 2694 proderent,
2338 2606 2787 2670 delicatiorum
2811 2606 3078 2670 auribus

1302 2716 1699 2802 prolixitatis
1749 2715 2078 2779 nimietate
2136 2735 2444 2778 onerosus
2501 2713 2809 2777 efficerer.
2858 2713 3078 2777 Ausus

1303 2831 1521 2887 tamen
1572 2844 1698 2887 non
1746 2844 1925 2886 eram
1974 2845 2134 2909 opus
2183 2822 2267 2886 ab
2301 2842 2494 2907 opere
2528 2843 2898 2906 segregare,
2933 2843 3078 2885 cum

1303 2941 1646 3016 utrumque
1694 2931 1814 2995 sub
1862 2931 2237 2995 confusione
2294 2952 2412 2993 sua
2476 2938 2768 3016 optarem
2829 2950 3078 2992 mecum

1303 3040 1367 3104 in
1417 3040 1549 3103 suis
1592 3039 1874 3103 tenebris
1908 3039 2164 3102 latitare
2194 3089 2208 3103 .
2238 3088 2252 3103 .
2283 3088 2297 3103 .
2327 3088 2342 3103 .
2379 3039 2507 3103 Sed
2541 3060 2643 3102 me
2677 3060 2716 3101 a
2748 3036 3077 3124 proposito

1304 3148 1646 3212 elementia
1693 3155 1805 3210 tua
1851 3155 2044 3231 atque
2093 3145 2491 3229 humanitas,
2542 3167 2669 3232 qna
2725 3166 2828 3208 me
2889 3144 3078 3208 unice

1304 3254 1681 3341 complexus
1730 3275 1819 3336 es,
1868 3253 2353 3316 modestissimis
2401 3252 2931 3339 persuasionibus
2977 3271 3077 3314 re-

1300 3362 1577 3426 vocavit.
1629 3359 2168 3446 Quandoquidem
2216 3382 2609 3447 magnopere
2652 3360 2972 3444 exegeris,
3006 3366 3079 3422 ut

1302 3470 1797 3555 qualiacumque
1832 3468 1990 3532 mihi
2022 3468 2102 3531 ad
2138 3469 2514 3532 memoriam
2547 3468 3075 3553 conscripseram,

1300 3577 1452 3641 inde
1501 3585 1565 3641 te
1612 3576 1848 3640 vellem
1892 3576 2035 3640 fieri
2082 3576 2482 3662 participem,
2526 3596 2830 3660 moreque
2873 3575 3076 3661 impa-

1301 3686 1469 3749 tiens
1532 3683 1998 3748 desiderasti..
2032 3732 2091 3747 ..
2141 3691 2207 3747 et
2267 3691 2520 3769 tempus
2581 3683 2836 3747 condite
2899 3682 3077 3746 urbis

1302 3792 1679 3873 Florentie,
1731 3791 2047 3876 quibusve
2119 3791 2422 3877 auspiciis
2488 3799 2552 3854 et
2622 3812 2748 3875 quo
2816 3799 3078 3855 auctore

1303 3922 1464 3987 opus
1511 3908 1645 3965 tam
1693 3899 1939 3984 grande
1979 3900 2354 3982 surrexerit,
2390 3920 2677 3985 quosque
2710 3899 2906 3963 enixa
2937 3898 3075 3963 fue-

1300 4009 1384 4072 rit
1417 4009 1590 4073 viros
1622 4008 1908 4092 insignes
1942 4014 2007 4070 et
2039 4006 2272 4092 quibus
2306 4007 2594 4071 floruerit
2633 4007 2833 4091 gestis
2881 4014 3075 4091 atque

1299 4116 1720 4202 temporibus.
1754 4115 1929 4179 Hinc
1974 4136 2076 4179 me
2126 4114 2326 4198 cogis,
2360 4121 2431 4177 ut
2464 4135 2588 4199 que
2622 4134 3077 4198 congesseram

1300 4224 1655 4309 majoribus
1704 4223 1945 4308 vigiliis
1994 4223 2153 4287 meis
2211 4223 2277 4285 in
2338 4221 2717 4308 opusculum
2785 4243 3077 4286 seorsum

1298 4330 1623 4395 ducerem.
1673 4330 1856 4394 Fecit
1902 4329 2074 4416 quod
2117 4329 2231 4392 tibi
2266 4329 2529 4415 placuit,
2565 4328 2944 4414 duobusque
2977 4350 3077 4393 se-

1297 4439 1402 4503 cui
1450 4438 1707 4519 libellis,
1744 4436 1856 4501 sed
1906 4458 1990 4501 an
2039 4458 2233 4523 opere
2267 4437 2546 4523 pretium
2586 4437 2842 4522 penitus
2893 4438 3076 4522 igno-

1298 4569 1370 4612 ro
1400 4595 1414 4610 .
1443 4594 1460 4612 .
1490 4595 1505 4610 .
1536 4596 1550 4610 .
1600 4546 1764 4610 Eam
1812 4544 1893 4610 ob
1943 4567 2207 4610 causam
2254 4545 2348 4608 tui
2400 4545 2851 4630 benignissimi
2911 4545 3077 4629 regii

1304 4653 1661 4739 sauguinis,
1710 4654 1902 4717 venia
1954 4653 2282 4717 humiliter
2339 4651 2703 4739 postulata,
2761 4653 3074 4717 accersito

1297 4760 1616 4825 Altissimi
1665 4759 2010 4845 adjutorio,
2046 4760 2184 4823 sine
2232 4781 2357 4845 quo
2407 4758 2759 4845 quidquam
2791 4759 2912 4822 rite
2946 4780 3074 4823 non

1297 4868 1514 4953 agitur
1562 4869 1627 4931 in
1674 4868 2004 4949 humanis,
2055 4867 2403 4952 aggredior
2450 4867 2619 4953 quod
2691 4866 2934 4930 iussisti
2995 4866 3074 4930 de

1292 4976 1473 5040 urbis
1518 4976 1851 5040 Florentie
1914 4975 2113 5039 initiis
2177 4974 2738 5061 longinquioribus
2794 4975 3076 5060 primum

1296 5084 1579 5148 ineundo
1626 5092 1994 5148 tractatum.

1422 5191 1582 5278 Gap.
1616 5191 1671 5255 I.
1712 5191 1813 5256 De
1846 5192 2265 5255 fluctuatione
2299 5189 2674 5276 opinionum
2706 5189 2879 5253 circa
2912 5196 3073 5253 tem-

1295 5321 1417 5386 pus
1465 5299 1644 5363 urbis
1693 5298 1946 5362 condite
1990 5306 2053 5362 et
2087 5319 2287 5384 quare
2320 5296 2703 5383 ignobilium
2736 5297 3073 5361 civitatum

1300 5407 1686 5489 conditores,
1735 5416 1800 5470 et
1846 5414 2032 5491 gesta
2079 5406 2458 5492 plerumque
2507 5405 2907 5489 ignorentur.

1419 5512 1577 5600 Cap.
1629 5513 1719 5578 II.
1770 5513 2065 5588 Quedam
2131 5513 2212 5577 de
2276 5512 2638 5597 antiquiore
2708 5520 3074 5597 temporum

1296 5623 1643 5687 collatione
1690 5621 1993 5709 prefatiO.
3053 5631 3064 5640 '

1298 5873 1617 5939 Petrai-cha,
1643 5874 1737 5926 sed
1778 5880 1961 5925 tamen
2003 5873 2057 5924 in
2091 5873 2343 5924 omnibus
2369 5872 2486 5923 eius
2513 5872 2636 5923 libri
2665 5871 3073 5940 exemplaribus

1298 5963 1597 6016 desiderari
1637 5963 1919 6031 utriusque
1958 5963 2059 6013 viri
2116 5962 2407 6013 clarissimi
2464 5962 2663 6013 vitam:
2702 5962 2826 6012 ideo
2876 5977 3073 6028 nempe

1294 6054 1553 6105 omissam
1592 6053 1734 6123 quod
1774 6052 1936 6103 nimis
1970 6068 2138 6120 parce
2165 6055 2221 6103 et
2248 6051 2468 6103 exiliter
2494 6051 2699 6119 scripta
2724 6050 2938 6102 fuisset.
2965 6049 3073 6102 Sed

1299 6159 1493 6195 revera
1529 6144 1595 6194 de
1636 6142 1817 6193 Dante
1858 6145 1913 6194 et
1948 6140 2252 6193 Petrarcha
2277 6141 2494 6208 copiose
2521 6140 2740 6208 scripsit
2768 6139 3071 6205 Villanius3

1296 6232 1462 6285 immo
1490 6249 1595 6284 non
1624 6232 1773 6284 aliud
1801 6231 1955 6283 initio
1982 6230 2085 6283 sibi
2116 6233 2494 6299 proposuerat,
2516 6247 2679 6300 quam
2709 6235 2767 6283 ut
2795 6231 2861 6283 de
2891 6230 3070 6282 Dante

1298 6322 1581 6392 Aligherio
1620 6321 1903 6386 scriberet,
1943 6324 2003 6373 ut
2042 6321 2119 6373 ait
2160 6321 2214 6371 in
2255 6321 2490 6389 epistola
2527 6321 2594 6372 ad
2634 6321 3017 6372 Alenconium.

1453 6410 1597 6465 cna:
1636 6414 1711 6466 Le
1750 6414 1853 6462 rite
1889 6410 1943 6462 d'
1970 6411 2182 6462 uome'm'
2230 6410 2439 6460 illustri
2473 6411 2748 6475 florentini
2783 6411 2961 6460 scm'tie
2996 6408 3069 6458 da

1292 6501 1516 6570 Fu'li'ppo
1562 6500 1771 6551 Vc‘llam’
1816 6501 1945 6553 colle
1995 6500 2352 6552 auriotaze'oni
2400 6499 2486 6550 del
2535 6505 2680 6549 conte
2733 6498 3069 6549 Gianmaro‘a

3339 781 3495 868 Cap.
3548 781 3674 846 III.
3725 782 3943 856 Quare
3992 782 4058 846 in
4118 782 4603 848 enumeratione
4669 805 4970 852 annorum

3211 889 3416 975 prime
3480 889 3888 974 secundeque
3948 890 4139 954 etatis
4166 939 4182 972 ,
4246 890 4656 955 translationi
4725 901 4970 978 septua-

3212 995 3415 1082 ginta,
3458 1018 3618 1082 quos
3667 996 3956 1061 Isidorus
4004 997 4316 1083 sequitur,
4349 998 4508 1061 stari
4553 1019 4681 1062 non
4728 999 4969 1066 debeat.

3337 1102 3496 1190 Cap.
3532 1103 3647 1167 IV.
3699 1103 3798 1168 De
3845 1105 4026 1168 fluxu
4065 1125 4382 1169 annorum
4424 1105 4630 1190 prime
4677 1107 4972 1173 secunde·

3213 1231 3337 1296 que
3384 1211 3575 1274 etatis
3624 1211 3976 1275 secundum
4007 1211 4380 1276 hebraicam
4412 1213 4772 1296 veritatem,
4806 1222 4868 1279 et
4899 1216 4969 1282 de

3213 1317 3528 1382 Nemroth
3575 1319 3783 1403 primo
3833 1318 4055 1382 mundi
4102 1326 4400 1404 tyrannO.

3338 1425 3499 1511 Cap.
3548 1425 3630 1489 V.
3678 1425 3780 1489 De
3828 1425 3999 1490 Nino
4047 1425 4466 1513 Assyriorum
4514 1449 4668 1513 rege
4715 1436 4782 1493 et
4840 1431 4971 1514 ejus

3209 1553 3414 1597 uxore
3483 1533 3857 1598 Semiramis
3905 1541 3970 1597 et
4017 1534 4385 1598 inductione
4433 1535 4723 1621 primeva
4771 1538 4971 1603 cultus

3209 1638 3548 1704 idolorum.

3336 1747 3494 1835 Cap.
3543 1747 3662 1812 VI.
3714 1748 3902 1823 Quod
3950 1749 4179 1835 gentili
4224 1749 4519 1833 stultitia,
4551 1749 4812 1816 favente
4843 1761 4971 1818 arte

3206 1855 3482 1941 poetica,
3524 1855 3778 1920 Heroes
3824 1863 3896 1920 ut
3940 1856 4214 1920 Urbium
4265 1856 4627 1922 conditores
4673 1880 4791 1944 pro
4838 1858 4972 1925 Diis

3208 1962 3680 2026 immortalibus
3728 1963 4040 2027 celebrati
4085 1963 4233 2027 sint.

3334 2069 3492 2155 Cap.
3547 2069 3696 2133 VII.
3744 2069 3845 2134 De
3894 2077 4181 2156 tempore
4239 2093 4365 2156 quo
4427 2072 4643 2137 floruit
4705 2095 4971 2159 magnus

3207 2177 3485 2242 Athalas
3533 2198 3653 2242 rex
3699 2177 3980 2241 Arcadio
4028 2185 4093 2242 et
4135 2186 4323 2264 pater
4367 2178 4646 2245 Electre.

3334 2285 3492 2372 Cap.
3526 2285 3720 2350 VIII.
3755 2285 3855 2350 De
3889 2285 4048 2371 fuga
4087 2286 4373 2350 Atlantis
4419 2288 4487 2352 in
4534 2297 4820 2353 montem
4862 2311 4970 2376 po·

3207 2400 3348 2457 stea
3393 2391 3494 2456 sui
3540 2393 3855 2475 nominis,
3902 2393 4015 2456 ubi
4069 2394 4474 2479 excogitasse
4521 2398 4976 2462 astronomiam

3209 2500 3405 2565 Greci
3448 2500 3667 2586 inepte
3715 2500 4125 2584 fabulantur,
4175 2509 4240 2564 et
4286 2500 4366 2565 de
4421 2502 4706 2567 adventu
4753 2503 4974 2568 Athali

3205 2609 3274 2673 in
3320 2608 3605 2673 Italiam.

3332 2715 3490 2802 Cap.
3525 2715 3660 2796 IX„
3693 2715 3792 2780 De
3840 2723 4129 2802 tempore
4178 2738 4304 2802 quo
4337 2738 4453 2804 per
4483 2717 4798 2782 Athalum
4831 2717 4977 2784 Ele·

3206 2829 3342 2887 ctre
3389 2824 3600 2886 virum
3647 2822 3881 2887 Fesule
3929 2822 4183 2887 condite
4232 2832 4402 2906 sunt,
4436 2831 4501 2887 et
4542 2846 4657 2888 cur
4687 2824 4779 2888 sic.
4815 2825 4977 2890 dicte

3207 2929 3468 2994 fuerint.
4687 2997 4696 3005 ,

3331 3037 3489 3123 Cap.
3536 3036 3621 3100 X.
3671 3036 3772 3100 De
3819 3036 4224 3101 edificatione
4272 3036 4553 3101 civitatis
4592 3037 4836 3123 Janue‚
4868 3039 4978 3104 Ja-

3206 3143 3405 3208 niculi
3450 3150 3514 3207 et
3564 3144 3820 3208 Sacello
3869 3144 4143 3208 Cumani
4188 3143 4533 3230 Apollinis.

3332 3252 3490 3337 Cap.
3519 3252 3640 3316 XI.
3667 3251 3767 3316 De
3799 3251 4205 3317 edificatione
4238 3252 4518 3316 civitatis
4555 3253 4831 3337 Corithi,
4855 3277 4976 3341 que

3205 3359 3397 3424 hodie
3447 3359 3778 3424 Cornitum
3830 3360 4084 3442 dicitur,
4133 3359 4309 3424 facta
4356 3383 4471 3447 per
4518 3361 4860 3427 Athalum.

3330 3468 3488 3553 Cap.
3537 3466 3699 3531 XII.
3746 3466 3849 3532 De
3897 3467 4182 3531 adventu
4229 3468 4409 3532 Enee
4457 3469 4523 3532 in
4571 3469 4876 3552 Italiam,
4923 3477 4985 3535 et

3203 3596 3649 3639 successorum
3693 3596 3955 3639 suorum
4002 3596 4308 3661 processu
4355 3597 4558 3661 usque
4604 3576 4687 3639 ad
4735 3576 4981 3642 Romu-

3203 3683 3339 3747 lum
3386 3682 3563 3747 urbis
3611 3683 4029 3765 conditorem,
4064 3690 4127 3746 et
4166 3705 4281 3747 cur
4313 3682 4393 3749 de
4427 3683 4677 3769 origine
4711 3684 4982 3749 Fesula·

3204 3812 3347 3855 rum
3396 3799 3461 3854 et
3509 3791 3757 3855 Corithi
3804 3798 4057 3854 veteres
4103 3789 4392 3855 historici
4438 3792 4782 3856 tacuerint.

3329 3898 3487 3985 Cap.
3524 3897 3719 3962 XIII.
3752 3898 4175 3985 Epithomata
4222 3899 4500 3984 quedam
4531 3899 4612 3964 de
4645 3900 4831 3964 urbis
4864 3901 4981 3965 ini·

3203 4007 3309 4071 tiis
3358 4014 3422 4070 et
3469 4028 3777 4093 processu
3824 4027 4027 4092 usque
4075 4006 4158 4071 ad
4205 4006 4478 4071 Lucium
4512 4007 4889 4090 Catilinam,
4921 4016 4983 4073 et

3203 4135 3320 4179 cur
3367 4113 3727 4179 Florentini
3776 4114 3843 4179 in
3891 4115 4110 4178 multis
4158 4135 4459 4180 romanos
4506 4116 4866 4180 imitentur.

3332 4221 3490 4307 Cap.
3515 4222 3702 4286 XIV.
3729 4221 3830 4286 De
3863 4223 4310 4306 conjuratione
4345 4222 4644 4305 Catiline,
4678 4225 4980 4289 conflictu

3204 4331 3347 4414 ejus
3396 4338 3460 4393 et
3507 4329 3912 4394 edificatione
3959 4329 4240 4394 civitatis
4285 4330 4569 4394 Pistorii.

3330 4435 3489 4523 Cap.
3538 4436 3687 4501 XV.
3737 4436 3838 4500 De
3894 4436 4225 4501 obsidione
4286 4436 4674 4501 Fesularum
4721 4446 4790 4503 et
4837 4439 4986 4504 Flo-

3203 4544 3411 4607 rentio
3453 4565 3566 4607 seu
3615 4543 3916 4626 Floreno,
3950 4545 4061 4629 qui
4100 4544 4268 4608 dicte
4315 4543 4639 4609 obsidioni
4684 4567 4840 4610 cum
4885 4567 4985 4610 ro·

3203 4652 3412 4715 manis
3460 4651 3773 4716 interfuit.

3333 4759 3490 4845 Cap.
3525 4758 3711 4823 XVI.
3758 4758 3860 4823 De
3909 4766 4114 4824 morte
4163 4758 4425 4823 Floreni
4481 4782 4597 4824 seu
4641 4760 4987 4845 Florentii,

3200 4867 3615 4931 demolitione
3680 4867 4064 4932 Fesularum
4125 4873 4192 4932 et
4246 4868 4650 4933 edificatione
4699 4869 4988 4934 civitatis

3199 4975 3552 5040 Florentie.

3331 5083 3489 5169 Cap.
3515 5082 3737 5147 XVII.
3766 5082 3903 5148 Sub
3937 5104 4064 5168 quo
4095 5090 4272 5148 statu
4303 5083 4447 5167 celi,
4481 5105 4693 5170 quove
4727 5084 4988 5171 sydere,

3203 5189 3626 5253 fundamenta
3674 5190 3954 5254 civitatis
3999 5189 4330 5254 Florentie
4379 5190 4554 5255 facta
4600 5191 4875 5256 fuerint.

3328 5296 3487 5384 Cap.
3521 5296 3781 5361 XVIII.
3818 5296 3949 5362 Cur
3996 5319 4160 5362 nove
4209 5299 4457 5363 civitati
4504 5298 4676 5363 edite
4711 5321 4839 5386 per
4872 5298 4990 5365 Ce-

3203 5426 3437 5485 sarem,
3491 5426 3724 5469 nomen
3771 5403 4102 5469 Florentio
4151 5404 4423 5469 inditum
4471 5407 4574 5470 sit.

3326 5511 3483 5598 Cap.
3519 5512 3707 5576 XIX.
3743 5512 4180 5586 Quamobrem
4227 5512 4463 5577 Fesule
4506 5513 4744 5578 iterum
4778 5514 4992 5580 reedi-

3199 5618 3387 5685 ficate
3435 5619 3677 5683 fuerint
3723 5626 3789 5683 et
3834 5619 4068 5683 iterum
4114 5619 4349 5685 delete.

3203 5870 3594 5922 Mazaca-bella·
3629 5872 3694 5922 ed
3731 5887 3844 5922 una
3878 5886 4110 5922 cronaca
4137 5871 4341 5922 inedita
4368 5888 4462 5923 con
4491 5870 4881 5925 illustr-azioni
4903 5871 4991 5923 del

3199 5975 3312 6012 ear.
3351 5959 3655 6012 From-esce
3693 5960 3975 6012 Gherardt’
4010 5959 4395 6027 Drayomanni
4429 5962 4598 6025 (tomo
4631 5961 4808 6013 unico
4841 5989 4866 6001 -
4904 5961 4993 6013 Fi-

3198 6065 3381 6114 rsnze,
3409 6048 3651 6102 Sansone
3680 6048 3848 6116 Coen,
3887 6051 3985 6119 tip.
4016 6050 4242 6113 editore,
4273 6052 4441 6116 1847)
4471 6050 4552 6102 in:
4594 6049 4909 6103 Collezt'one
4931 6051 4993 6100 clu·

3199 6138 3398 6191 Sim-ici
3433 6155 3460 6189 e
3498 6139 3740 6190 Cronistt‘
3773 6140 4001 6191 {taliani
4033 6140 4167 6191 editu·
4200 6139 4266 6191 ed
4301 6139 4512 6203 inediti,
4549 6144 4702 6191 tomo
4743 6139 4883 6192 VII.
4924 6170 4990 6178 -

3199 6229 3315 6282 cfr.
3352 6246 3479 6298 pag.
3519 6231 3703 6295 μετ,
3743 6233 3843 6295 29,
3884 6233 4079 6294 31-39,
4118 6232 4218 6295 42,
4256 6231 4461 6295 56-57,
4499 6232 4596 6295 43,
4635 6233 4850 6297 45-49,
4889 6234 4990 6294 51,

3199 6322 3288 6385 52,
3327 6322 3414 6371 54.

3358 6411 3437 6475 (1)
3480 6408 3676 6461 Dantis
3715 6408 4063 6461 Comoediam
4101 6408 4380 6478 intelligit.

3359 6499 3438 6565 (2)
3481 6497 3696 6550 Dantis.
