5542 7775
1241 621 1336 691 56
2809 637 3294 689 mosomum

2884 1006 3212 1072 mm.

2778 1221 2974 1304 1269,
3024 1223 3108 1285 15
3153 1171 3335 1286 fanis.

1460 1434 1566 1499 Ex
1610 1435 1873 1501 archivo
1921 1437 2128 1502 sancti
2176 1435 2511 1523 Stephani,
2559 1458 2729 1502 nunc
2777 1437 2842 1500 in
2886 1434 3576 1607 gabularifflfimo
3623 1436 3813 1519 bon.,
3862 1443 4016 1501 sect.
4075 1460 4106 1494 α
4152 1434 4522 1500 Demaniale
4571 1459 4632 1519 ι»,

2651 1566 2827 1609 num.
2882 1583 2944 1588 —
3036 1543 3148 1608 lib.
3431 1591 3447 1608 .

2873 1594 2987 1639 oeo’

1411 1759 1493 1825 In
1539 1759 1774 1825 Christi
1823 1759 2101 1841 nomine,
2135 1780 2345 1824 amen.
2394 1759 2604 1845 Super
2648 1758 3005 1846 questione,
3039 1780 3162 1844 que
3209 1758 3482 1823 vertitur
3521 1758 3689 1822 inter
3720 1756 4100 1839 Venturam,
4144 1756 4457 1822 sindicum
4489 1757 4864 1822 monasterii

1233 1868 1441 1933 sancti
1473 1867 1852 1954 sthephani,
1886 1867 2142 1932 nomine
2174 1873 2240 1932 et
2284 1867 2424 1932 vice
2455 1866 2607 1932 dicti
2640 1866 3058 1952 monnasterij
3092 1874 3157 1930 et
3189 1866 3400 1952 ipsum
3429 1864 3891 1930 monasterium
3921 1886 4004 1928 ex
4038 1886 4167 1929 una
4199 1871 4404 1951 parte,
4439 1873 4502 1929 et
4533 1864 4864 1930 dominum

1232 1975 1716 2041 Brandalisium
1760 1975 1839 2040 de
1887 1974 2236 2040 Gozadinis
2282 1996 2367 2039 ex
2412 1974 2577 2058 alia;
2624 1974 2779 2040 dicit
2833 1974 3005 2039 enim
3050 1973 3258 2038 dictus
3314 1973 3610 2037 dominus
3672 1971 4157 2055 Brandalisius,
4206 1972 4378 2058 quod
4437 1973 4574 2059 ipse
4635 1980 4734 2038 est
4797 1974 4864 2038 in

1232 2084 1634 2170 possessione
1681 2082 1998 2148 dictarum
2044 2103 2260 2147 rerum
2305 2089 2370 2147 et
2414 2082 2891 2169 possessionum
2939 2081 3018 2146 de
3052 2082 3283 2168 quibus
3317 2088 3415 2145 est
3447 2079 3695 2166 questio
3728 2087 3792 2144 et
3825 2079 4043 2162 fuisse,
4078 2086 4143 2145 et
4175 2086 4522 2166 antequam
4552 2101 4657 2145 res
4689 2081 4861 2167 ipsas

1234 2197 1298 2255 et
1344 2191 1590 2255 fructus
1643 2189 2008 2272 habuisset,
2055 2196 2121 2254 et
2167 2197 2338 2254 retro
2386 2189 2694 2276 percepit.
2739 2188 2908 2254 Item
2955 2195 3152 2275 negat
3212 2188 3454 2253 dictum
3513 2186 3974 2252 monasterium
4032 2187 4395 2274 possidere;
4445 2210 4643 2274 quare
4706 2188 4860 2254 dicit

1232 2298 1404 2386 quod
1449 2297 1696 2362 fructus
1743 2297 1826 2361 ad
1872 2287 2331 2362 monasterium
2378 2317 2505 2360 non
2551 2297 2895 2382 pertinent,
2945 2303 3009 2360 et
3055 2296 3226 2382 quod
3273 2295 3663 2381 sequestrari
3712 2316 3837 2360 non
3885 2293 4142 2377 debent,
4190 2294 4354 2379 [sed]
4401 2295 4525 2359 sibi
4571 2295 4747 2378 dari;
4796 2305 4860 2361 et

1233 2428 1317 2470 ex
1362 2404 1765 2471 habundanti
1807 2404 2014 2469 voluit
2058 2424 2289 2468 cavere
2338 2404 2416 2468 de
2462 2403 2648 2468 dictis
2712 2403 3027 2467 fructibus
3088 2403 3414 2468 salvandis
3476 2410 3541 2467 et
3607 2401 4060 2467 custodiendis.
4108 2402 4165 2467 E
4213 2409 4437 2467 contra
4485 2402 4861 2490 [predictus]

1225 2514 1521 2582 Ventura
1566 2511 1846 2577 sindicus
1894 2511 2267 2576 monasterii
2299 2512 2505 2576 saneti
2537 2509 2873 2598 Stephani,
2906 2512 3016 2596 qui
3047 2518 3244 2596 negat
3276 2511 3519 2574 dictum
3562 2509 4044 2574 Brandalisium
4091 2510 4330 2574 habere
4377 2510 4663 2597 aliquam
4708 2532 4857 2598 pos-

1227 2620 1631 2707 [sessi]onem
1676 2620 1740 2684 in
1787 2618 2171 2707 supradictis
2216 2619 2763 2705 possessionibus,
2811 2618 2940 2683 imo
2987 2618 3142 2682 dicit
3187 2618 3649 2683 monasterium
3702 2617 4031 2704 possidere
4082 2625 4148 2682 et
4193 2618 4586 2704 possedisse,
4636 2628 4701 2684 et
4749 2641 4864 2683 na-

1224 2729 1504 2795 turalem
1564 2726 2032 2814 possessionem
2095 2726 2435 2791 retinuisse
2495 2747 2612 2812 per
2666 2725 2992 2790 dominam
3059 2724 3388 2790 Marx-iam.
3437 2724 3654 2800 Quare
3715 2724 3868 2789 dicit
3928 2724 4176 2789 fructus
4235 2726 4626 2792 monasterio
4688 2726 4859 2792 tradi

1227 2837 1485 2919 debere,
1533 2857 1680 2900 cum
1723 2833 2159 2920 possessiones
2204 2832 2333 2897 sint
2373 2832 2645 2919 predicti
2692 2833 3084 2916 monasterii,
3132 2841 3197 2897 et
3243 2833 3453 2919 ipsum
3499 2832 3960 2897 monasterium
4006 2853 4147 2896 esse
4194 2832 4260 2897 in
4307 2833 4743 2919 possessione3
4793 2842 4859 2900 et

1226 2968 1311 3011 ex
1365 2942 1769 3008 habundanti
1828 2940 1984 3005 dicit
2043 2962 2112 3005 se
2157 2946 2492 3027 parratum
2536 2939 2903 3025 sati[s]dare
2949 2940 3029 3005 de
3075 2940 3378 3026 predictis
3426 2940 3740 3004 fructibus
3787 2939 4155 3004 exsibendis
4202 2947 4266 3003 et
4314 2940 4752 3024 restituendis,
4801 2942 4856 3006 si

1225 3053 1305 3118 de
1351 3054 1489 3117 iure
1535 3050 1850 3133 debuerit,
1898 3055 1965 3114 et
2006 3048 2334 3113 salvandis
2381 3055 2447 3113 et
2493 3069 2621 3113 non
2668 3048 3106 3130 barrataudis,
3155 3055 3227 3112 ut
3271 3048 3392 3112 hec
3439 3046 3654 3112 omnia
3700 3055 3766 3112 et
3812 3047 3942 3112 alia
3988 3048 4056 3111 in
4100 3048 4303 3134 postis
4350 3068 4466 3134 per
4509 3055 4850 3136 utramque

1225 3166 1477 3248 partem
1522 3158 1776 3244 scriptis
1823 3162 2114 3244 apparet.

1404 3265 1757 3332 Consilium
1802 3263 2044 3330 domini
2087 3263 2567 3328 Basacomatris
2613 3263 2693 3327 de
2739 3262 3308 3327 Basacomatribus
3353 3263 3573 3348 legum
3620 3262 3934 3345 doctoris,
3983 3268 4049 3327 et
4108 3262 4237 3326 mei
4293 3261 4552 3328 Cervoti
4606 3263 4848 3328 domini

1223 3374 1484 3440 Acursii
1528 3375 1749 3459 legum
1793 3371 2072 3437 doctoris
2102 3376 2202 3436 est
2232 3369 2444 3455 [tale],
2490 3370 2658 3457 quod
2692 3369 2963 3457 predicti
2995 3370 3240 3435 fructus
3270 3370 3609 3435 tradantur
3638 3369 3928 3435 Venture
3961 3368 4205 3434 sindico
4236 3369 4611 3454 monasterij
4645 3371 4853 3436 sancti

1224 3481 1539 3569 Stephani
1582 3480 1839 3546 nomine
1884 3486 1950 3544 et
1993 3478 2134 3544 vice
2181 3476 2417 3562 [dicti]
2464 3477 2857 3542 monasterii.
2906 3476 3054 3542 Hoc
3100 3477 3354 3561 addito,
3404 3477 3576 3563 quod
3622 3477 3830 3542 dictus
3886 3476 4169 3541 sindicus
4225 3476 4493 3541 satisdet
4538 3476 4618 3542 de
4666 3478 4852 3545 dictis

1223 3588 1538 3654 fructibus
1595 3609 1824 3676 parere
1867 3585 1995 3650 iuri
2040 3607 2259 3651 coram
2304 3606 2421 3650 suo
2462 3585 2681 3670 judice
2729 3606 2876 3649 curn
2930 3583 3189 3649 domino
3235 3584 3676 3667 Brandalisio,
3726 3591 3790 3649 et
3834 3584 3914 3649 de
3975 3583 4066 3649 eis
4132 3584 4502 3648 exsibendis
4558 3592 4624 3648 et
4667 3587 4854 3650 resti-

1220 3696 1476 3762 tuendis
1521 3702 1713 3783 prout
1758 3694 1837 3760 de
1893 3695 2032 3759 iure
2091 3693 2405 3758 debuerit.
2455 3692 2596 3768 Que
2658 3692 2799 3757 fieri
2845 3691 3145 3776 debeant,
3193 3713 3321 3757 non
3369 3692 3773 3758 obstantibus
3821 3692 4122 3775 testibus,
4171 3693 4509 3760 ex,officio
4556 3694 4852 3780 receptiS,

1222 3826 1369 3870 cum
1413 3803 1656 3892 recepti
1701 3802 1941 3867 fuerint
1985 3802 2098 3866 lite
2138 3822 2267 3866 non
2298 3806 2678 3883 contestata,
2712 3807 2777 3864 et
2805 3800 3098 3888 partibus
3131 3821 3258 3865 non
3290 3800 3695 3888 presentibus
3723 3821 3846 3864 nec
3877 3801 4110 3883 citatis,
4142 3807 4207 3865 et
4239 3822 4381 3865 cum
4419 3800 4544 3865 sibi
4575 3800 4853 3866 invicem

1218 3920 1443 3979 contra
1488 3894 1719 3977 dicere⁰
1748 3911 2113 3976 videantur.

1397 4019 1568 4083 Lata
1613 4026 1679 4083 et
1721 4017 2138 4105 pronuntiata
2183 4016 2306 4081 fuit
2349 4016 2468 4081 hec
2516 4015 2835 4081 sententia
2879 4015 2947 4080 in
2992 4015 3236 4102 palatio
3290 4014 3496 4080 veteri
3557 4015 3927 4080 Communis
3987 4015 4281 4080 Bononie
4339 4036 4457 4102 per
4517 4015 4848 4081 dominum

1222 4126 1626 4213 Stephanum
1669 4123 2047 4209 doctore[m]
2091 4125 2332 4210 legum,
2374 4123 2659 4208 judicem
2702 4122 3075 4206 Potestatis,
3107 4144 3224 4209 pro
3269 4122 3578 4187 tribunali
3622 4121 4024 4206 sedente[m],
4072 4122 4364 4209 partibus
4411 4124 4841 4209 presentibus,

1219 4233 1339 4297 sub
1386 4254 1555 4298 anno
1598 4231 1862 4296 Domini
1919 4231 2258 4296 millesimo
2317 4230 2755 4295 ducentesimo
2811 4230 3248 4315 sexsegesimo
3309 4251 3515 4313 nono,
3561 4230 3908 4295 indictione
3973 4229 4391 4312 duodecima,
4440 4229 4543 4294 die
4593 4230 4846 4316 quinto-

1220 4339 1469 4405 decimo
1512 4339 1794 4404 intrante
1831 4339 2038 4424 junio,
2071 4337 2477 4424 presentibus
2523 4337 2781 4403 domiuo
2829 4337 3154 4402 Ysinardo
3202 4337 3445 4402 domini
3488 4338 3878 4411 Bonioanini
3927 4336 4161 4420 Rubei,
4204 4343 4268 4401 et
4315 4337 4563 4402 Jacobo
4611 4338 4852 4402 Parisii

1221 4448 1471 4512 notario
1540 4447 1834 4511 testibus.

1394 4498 1539 4640 Eg’o
1586 4553 1907 4619 Vitorrius
1952 4552 1997 4618 J
1999 4553 2214 4636 acobi,
2259 4551 2580 4639 imperiali
2626 4552 3009 4618 auctoritate
3055 4552 3373 4635 notarius,
3422 4560 3486 4617 et
3543 4573 3712 4617 nunc
3759 4552 3843 4616 ad
3888 4553 4136 4617 discum
4182 4552 4423 4617 domini
4468 4552 4850 4635 Potestatis,

1216 4661 1464 4749 scripsi,
1506 4660 1878 4747 subscripsi.

2882 4979 3201 5045 XXXIV.

2772 5196 2969 5279 1270,
3018 5195 3103 5258 19
3147 5195 3313 5259 iulii.

1352 5412 1459 5476 Ex
1503 5410 1791 5477 Archivo
1838 5408 2015 5477 MaX.
2064 5411 2338 5496 bonon.,
2386 5412 2453 5475 in
2495 5410 2981 5476 Memorialibus
3024 5410 3361 5475 Laurentii
3403 5410 3769 5494 Bonacatti,
3817 5432 3921 5476 an.
3975 5412 4166 5494 1270,
4215 5431 4344 5475 car.
4393 5413 4433 5475 8
4481 5431 4532 5475 r.
4582 5431 4617 5474 e
4666 5430 4725 5474 V.

1395 5629 1521 5694 Die
1567 5630 1780 5695 sabati
1823 5629 1942 5714 xiij
1990 5635 2269 5694 exeunte
2308 5628 2473 5714 julio
2521 5626 2845 5710 [Meclxx,
2874 5624 3231 5711 jndictione
3279 5624 3441 5711 xiij]
3491 5672 4850 5690 .....................

1399 5736 1648 5801 Eodem
1694 5736 1818 5801 die.

1217 5849 1324 5919 (ιζ’
1348 5842 1666 5909 Dominus
1696 5834 2127 5909 Francischus
2152 5842 2424 5908 condam
2448 5841 2689 5907 domini
2712 5840 3049 5925 Accurxij,
3150 5841 3443 5908 doctores
3510 5842 3767 5926 legum,
3817 5840 4087 5926 quilibet
4154 5860 4377 5904 eorum
4438 5839 4502 5904 in
4574 5838 4845 5904 solidum

1219 5956 1326 6025 (ζ’
1352 5949 1648 6016 dominus
1696 5952 2073 6017 Albertinus
2120 5950 2200 6015 de
2250 5949 2557 6033 CarariJS,
3153 5949 3442 6013 volentes
3511 5947 3884 6013 satisfacere
3953 5946 4032 6011 de
4094 5946 4342 6011 iniuriis
4403 5953 4468 6011 et
4525 5945 4849 6010 violentiis

1216 6063 1322 6136 (Ῑζ
1349 6060 1645 6126 dominus
1692 6060 1968 6124 Rufinus
2012 6058 2092 6123 de
2138 6056 2571 6143 Principibus,
3154 6055 3343 6121 factis
3387 6077 3504 6142 per
3550 6077 3660 6120 eos
3720 6054 3823 6119 vel
3885 6076 4108 6119 eorum
4166 6075 4474 6141 sequaces
4531 6053 4635 6117 die
4698 6052 4850 6116 lune

1215 6178 1322 6249 (12‘
1347 6168 1644 6234 dominus
1688 6168 2189 6249 Baxacomatre,
3154 6164 3297 6249 xiiij
3344 6163 3623 6228 intrante
3670 6168 3967 6249 presente
4015 6183 4236 6226 mense
4279 6161 4428 6247 julij
4478 6160 4546 6224 in
4580 6159 4854 6224 ecclesia

1214 6285 1322 6357 (ιζ’
1348 6276 1643 6342 dominus
1689 6273 2145 6341 Lambertinus
2190 6272 2592 6359 Rampouus,
3155 6271 3330 6336 beati
3371 6270 3552 6335 Petri
3590 6270 3883 6335 Bononie
3923 6278 3988 6334 et
4019 6270 4085 6333 in
4116 6269 4494 6334 canonicam
4526 6274 4590 6332 et
4622 6266 4850 6331 domus

1212 6385 1502 6450 eiusdem
1558 6382 1827 6449 ecclesie
1889 6388 1956 6446 et
2008 6381 2075 6445 in
2133 6379 2465 6444 dominum
2519 6377 2813 6444 Bononie
2874 6377 3270 6465 Episcopum
3329 6384 3393 6441 et
3454 6378 3786 6441 dominum
3850 6375 4398 6441 Archidiaconum
4443 6374 4739 6439 Bononie
4788 6380 4854 6437 et

1212 6513 1437 6558 eorum
1480 6491 1833 6555 familiares
1880 6496 1946 6554 et
1991 6489 2060 6553 in
2108 6486 2450 6553 canonicos
2495 6486 2785 6553 eiusdem
2830 6485 3100 6551 ecclesie
3148 6491 3214 6550 et
3260 6485 3326 6549 in
3372 6484 3740 6549 turbatione
3796 6483 3997 6548 divini
4065 6482 4287 6565 officii,
4336 6482 4508 6568 quod
4568 6488 4720 6546 tunc
4787 6481 4852 6543 in
