5542 7775
1188 621 1338 694 312

1184 799 1269 865 D.
1317 797 1673 882 Johannes,
1721 799 2209 864 archidiaconus
2256 796 2670 883 ganictiensis
2695 795 2796 860 (¹).

1179 906 1264 972 D.
1312 906 1645 973 Johannes
1694 905 2093 988 Gondisalvi,
2142 905 2488 970 666661666
2532 903 2895 990 burgensis.

1180 1013 1265 1080 D.
1313 1013 1669 1097 Johannes,
1717 1014 2210 1079 archidiaconus
2256 1012 2555 1099 polonus.

1178 1122 1263 1188 D.
1311 1122 1668 1206 Johannes,
1715 1120 2079 1208 prepositus
2127 1121 2332 1185 sancti
2377 1118 2735 1202 Laurentii,
2769 1117 2941 1182 filius

1397 1229 1640 1295 domini
1700 1229 1948 1294 comitis
1994 1228 2287 1293 Dionixii
2332 1226 2412 1291 de
2458 1226 2810 1312 Ungaria,·
2839 1246 2945 1291 ca-

1396 1337 1664 1402 nonicus
1711 1335 2179 1422 strigoniensis,

1178 1445 1356 1531 Mag.
1405 1444 1734 1526 Nicolaus,
1783 1444 2129 1508 canonicus
2176 1442 2529 1508 trnorensis
2556 1441 2655 1506 (2).

1176 1552 1355 1639 Mag.
1402 1552 1711 1617 Nicolans
1758 1551 1837 1616 de
1884 1551 2197 1635 Aterona,
2244 1556 2643 1637 procurator.

1176 1661 1263 1726 D.
1311 1660 1621 1725 Nicolaus
1667 1658 1748 1724 de
1794 1658 2199 1723 Malumbris.

1175 1767 1353 1854 Mag.
1402 1767 1716 1848 Novatus,
1757 1766 1959 1830 abbas
2005 1765 2215 1830 sancti
2260 1763 2505 1840 Quirici
2552 1763 2619 1827 in
2666 1761 2943 1827 ecclesia

1391 1874 1721 1960 burgensi,
1768 1873 2060 1939 Bononio
2106 1880 2418 1938 mortuus.

1175 1984 1259 2049 D.
1310 1983 1657 2067 Ordanius,
1705 1985 1976 2049 sacrista
2019 1981 2386 2067 burgensis.

1171 2091 1257 2157 D.
1304 2091 1573 2174 Paulus,
1620 2091 2110 2156 archidiaconns
2157 2088 2627 2174 strigoniensis.

1172 2199 1258 2266 D.
1304 2199 1684 2265 Percivallis
1717 2198 1797 2264 (16
1827 2197 2142 2280 Lavania,
2178 2197 2362 2263 Sedis
2396 2195 2746 2284 apostolice
2780 2194 2932 2260 sub·

1389 2307 1698 2371 diaconus
1747 2313 1813 2371 et
1858 2305 2254 2393 capellanus.

1172 2416 1350 2502 Mag.
1383 2415 1618 2479 Petrus
1663 2413 1961 2478 Alafredi
2008 2413 2331 2500 quondam
2377 2411 2618 2476 domiui
2652 2409 2934 2493 Girardl,

1390 2523 1565 2610 prior
1613 2521 1693 2587 de
1742 2520 2147 2586 Homolacio.

1175 2632 1258 2697 D.
1304 2632 1538 2696 Petrus
1584 2629 1894 2711 Eximini,
1941 2629 2213 2694 sacrista
2256 2626 2770 2712 burdegalensis.

1171 2740 1256 2805 D.
1302 2738 1538 2805 Petrus
1584 2738 1826 2825 Lupati
1871 2736 1950 2801 de
1998 2736 2416 2818 Castronov0,
2460 2735 2749 2800 tolosane
2798 2733 2936 2798 dio-

1392 2848 1576 2930 cesis,
1625 2846 1848 2911 doctor
1894 2845 2136 2930 legum.

1177 2957 1264 3021 D.
1310 2954 1544 3020 Petrus
1591 2953 1670 3017 (16
1712 2959 1935 3017 sancto
1966 2952 2009 3017 J
2015 2959 2157 3015 usto
2190 2949 2513 3037 quondam
2543 2947 2784 3013 domini
2814 2948 2939 3013 Pe·

1390 3062 1474 3127 tri
1520 3060 1760 3125 militis.

1173 3170 1258 3236 D.
1305 3170 1539 3234 Petrus
1586 3167 1665 3232 de
1713 3166 2120 3248 Urbeveteri,
2169 3166 2573 3229 decretorum
2615 3162 2857 3229 doctor.

1173 3280 1255 3344 D.
1302 3278 1536 3342 Petrus
1583 3275 1662 3340 (16
1708 3274 2012 3357 Bearnia,
2045 3271 2464 3337 xantonensis
2496 3271 2789 3355 diocesis,
2827 3270 2938 3335 de-

1387 3406 1587 3450 canus
1633 3382 1990 3448 aconensis.

1178 3493 1263 3558 D.
1310 3493 1544 3557 Petrus
1590 3491 1670 3555 de
1721 3490 2077 3577 Sampsone
2123 3488 2292 3552 filius
2329 3487 2571 3552 domini
2609 3485 2941 3551 Guilielmi

1392 3599 1716 3665 Falcardi.

1176 3709 1261 3774 D.
1309 3708 1544 3772 Petrus
1589 3706 1669 3771 de
1713 3705 2028 3788 MorexiO,
2074 3704 2250 3791 prior
2296 3701 2376 3768 de
2421 3701 2833 3786 Lexignano.

1176 3816 1261 3882 D.
1308 3816 1564 3899 Petrus,
1612 3813 1737 3879 Dei
1783 3811 1996 3899 gratia
2042 3810 2372 3877 cancensis
2396 3809 2473 3874 (3)
2506 3811 2866 3898 episcopus.

1174 3925 1258 3990 D.
1306 3923 1540 3989 Petrus
1584 3920 1985 4004 Ladomeris‚
2028 3919 2374 3985 canonicus
2412 3917 2854 4004 gerondensis.

1173 4032 1259 4098 D.
1297 4010 1880 4111 Petrus'Alafredh
1914 4035 2125 4092 rector
2156 4026 2424 4092 66616616
2457 4026 2536 4091 (16
2570 4024 2897 4091 Omelitia.

1172 4139 1257 4206 D.
1302 4140 1537 4204 Petrus
1585 4138 1665 4203 (16
1712 4137 1965 4202 Omola.

1172 4247 1350 4333 Mag.
1394 4246 1737 4332 Philippus
1784 4244 1863 4309 de
1909 4243 2243 4329 Busegli0.

1174 4355 1259 4420 D.
1305 4353 1669 4440 Philippus,
1702 4351 2047 4416 666661666
2087 4357 2307 4415 sancte
2354 4349 2560 4414 Maris
2607 4348 2685 4414 de
2714 4348 2937 4414 Vrati-

1388 4460 1597 4525 slavia
1641 4458 1721 4524 de
1768 4458 2061 4523 Polonia.

1173 4569 1258 4635 D.
1305 4568 1600 4634 Poricius
1645 4567 1725 4632 de
1770 4566 1969 4632 Urcio
2016 4565 2310 4653 polonus.

1170 4677 1255 4743 D.
1300 4677 1595 4742 Poricius
1641 4676 1722 4741 (16
1759 4675 1987 4760 Urgio,
2022 4674 2367 4740 canonicus
2399 4673 2821 4760 gerondensis
2853 4673 2934 4739 de

1389 4784 1770 4870 Catalogna.

1171 4893 1255 4959 D.
1300 4891 1595 4957 Poricius
1644 4890 1954 4974 Gordani,
1999 4889 2178 4977 prior
2222 4888 2410 4954 vallis
2458 4888 2712 4973 Jovine,
2759 4889 2932 4955 filius

1386 4999 1629 5065 domini
1672 4996 2066 5085 Raymundi.

1169 5106 1255 5174 D.
1309 5105 1737 5194 Raymundus
1804 5103 2120 5169 Burlandi
2146 5153 2163 5187 ‚
2226 5103 2572 5169 canonicus
2641 5103 2933 5189 magalo-

1384 5234 1621 5279 nensis.

1167 5321 1251 5386 D.
1298 5308 1726 5408 Raymundus
1796 5318 2173 5402 Dnrbendi,
2220 5317 2567 5383 666661666
2627 5340 2935 5405 maganc-

1388 5449 1625 5493 nensis.

1168 5534 1666 5621 D.-Raynerius
1714 5533 1794 5598 (16
1838 5533 2029 5617 Pisis,
2078 5533 2423 5598 canonicus
2469 5533 2875 5599 duancensis.

1165 5643 1251 5709 D.
1297 5642 1666 5729 Raynerius
1726 5641 2103 5706 Vicecomes
2170 5640 2251 5706 de
2320 5641 2523 5725 Pisis,
2585 5642 2932 5707 canonicus

1380 5750 1587 5814 sancti
1636 5748 2092 5835 Symphoriani
2138 5750 2471 5814 remensis.

1166 5859 1249 5925 D.
1281 5859 1716 5946 Raynulphus
1747 5857 1827 5922 de
1859 5857 2063 5923 Lend.
2084 5907 2101 5942 ,
2126 5859 2295 5923 filius
2328 5858 2567 5923 domini
2602 5856 2933 5923 Guilielmi

1380 5966 1622 6031 militis.

1162 6074 1247 6140 D.
1294 6074 1727 6162 Raynulphus
1758 6073 1838 6138 (16
1869 6072 2113 6157 Brolio,
2148 6073 2603 6159 engolimensis
2635 6073 2929 6158 diocesis,

1381 6204 1527 6246 cum
1574 6181 1719 6246 aliis
1766 6203 1883 6246 sex
1930 6181 2333 6246 scholaribus
2379 6180 2592 6266 gallis.

1289 6433 1366 6497 (1)
1407 6431 1495 6482 An
1528 6430 1895 6496 yanicitensis.
1972 6504 1976 6508 Δ

1289 6523 1369 6589 (2)
1406 6522 1495 6572 An
1531 6521 1854 6572 turonensis.

2565 638 2992 690 SGHOLARES
3046 638 3452 690 ILLUSTRES

3077 794 3162 860 D.
3208 795 3532 860 Robertus
3580 794 3660 859 de
3706 794 4006 859 Listeria.

3076 901 3160 967 D.
3211 901 3450 967 Sautus
3495 902 3695 984 Petri,
3745 902 4014 966 clericus
4062 902 4488 966 cuntacensis.

3073 1009 3157 1075 D.
3206 1009 3426 1075 Sclata
3456 1010 3625 1074 filius
3657 1009 3900 1075 domini
3932 1008 4244 1074 Ubaldini
4275 1008 4355 1073 de
4389 1007 4697 1094 Mugello,
4726 1031 4832 1075 ca-

3287 1117 3552 1181 nonicus
3600 1116 4056 1203 aquilegensis.

3072 1223 3249 1309 Mag.
3295 1223 3614 1289 Secardus
3665 1223 3745 1289 de
3793 1224 4197 1289 Valeudinis.

3072 1330 3250 1416 Mag.
3299 1330 3522 1396 Simon
3569 1332 3648 1396 de
3695 1332 4022 1397 PerlexiO.

3072 1438 3194 1502 Vir
3240 1439 3628 1503 venerabilis
3675 1439 3970 1505 domiuus
4019 1439 4242 1505 Simon
4289 1440 4368 1505 de
4424 1440 4836 1525 Calamonte,

3290 1547 3515 1612 doctor
3561 1546 3800 1633 legum.

3074 1652 3157 1718 D.
3208 1653 3428 1718 Simon
3487 1654 3566 1719 (16
3627 1654 3887 1739 Brien.,
3935 1656 4282 1721 canonicus
4347 1663 4566 1721 sancte
4628 1656 4835 1721 Marie

3284 1761 3717 1848 ebroycensis.

3069 1867 3152 1932 D.
3202 1867 3422 1933 Simon
3472 1868 3551 1933 de
3599 1870 3872 1953 Morin0,
3921 1870 4266 1936 canonicus
4313 1871 4711 1936 mesinensis.

3067 1973 3151 2039 D.
3200 1974 3496 2040 Tedisius
3544 1975 3624 2041 (16
3669 1977 3921 2060 FliscO,
3962 1978 4308 2043 canonicus
4356 1977 4830 2045 lambrinensis.

3067 2080 3151 2146 D.
3201 2081 3599 2147 Thomaxius
3647 2083 3727 2148 de
3777 2083 4154 2170 Savigliejo,
4203 2085 4421 2171 legum
4466 2085 4706 2151 doctor.

3068 2187 3151 2253 D.
3200 2189 3545 2275 Trajanus,
3580 2191 3925 2256 eanonicus
3972 2193 4328 2279 pravensis,
4364 2214 4508 2257 cum
4543 2193 4685 2257 aliis
4719 2216 4833 2280 po-

3282 2297 3469 2363 lonis.

3068 2403 3151 2468 D.
3200 2404 3350 2490 Ugo
3397 2404 3768 2471 Benisensis
3816 2408 4248 2493 pictaviensis.

3069 2510 3152 2576 D.
3199 2511 3551 2594 Urbaxius,
3600 2515 3962 2600 prepositus
4009 2514 4088 2578 de
4135 2515 4445 2601 Passega.

3699 2783 4198 2851 MCCLXXIII.

3067 3052 3151 3118 D.
3198 3053 3561 3119 Aimericus
3611 3055 3934 3139 Guillorti,
3970 3055 4223 3121 auditor
4263 3058 4584 3142 generalis
4616 3059 4682 3122 in
4717 3081 4831 3145 pa-

3281 3162 3439 3227 latio
3489 3162 3674 3227 Sedis
3722 3163 4096 3249 apostolice.

3063 3268 3241 3355 Mag.
3287 3269 3540 3334 Alanus
3587 3270 3667 3335 (16
3713 3270 4008 3336 Multona
4055 3271 4374 3357 anglicus.

3065 3375 3149 3441 D.
3196 3377 3525 3442 Arnaldus
3572 3377 3651 3442 de
3682 3378 4034 3460 Rafelixia,
4069 3380 4416 3444 canonicus
4456 3379 4825 3464 ache[n]sis.

3064 3482 3148 3548 D.
3195 3483 3525 3549 Arnaldus
3556 3485 3636 3550 de
3671 3486 4020 3552 Salustoris
4066 3486 4145 3550 de
4193 3487 4427 3551 Tribus
4465 3488 4686 3570 Bonis,
4722 3510 4828 3553 ca-

3278 3591 3575 3679 pellanus
3637 3594 3905 3658 ecclesie
3965 3593 4045 3658 (16
4106 3592 4311 3676 Villa,
4360 3595 4643 3680 galliem.
4692 3596 4830 3661 dio·

3279 3699 3462 3763 cesis.

3062 3805 3146 3873 D.
3193 3806 3571 3873 Alexander
3615 3807 3694 3873 de
3742 3807 4164 3874 Genestrena.

3061 3914 3238 4001 Mag.
3285 3916 3614 3981 Arnoldus
3659 3917 3738 3981 de
3793 3917 4143 4003 Lingonis,
4193 3920 4540 3984 canonicus
4601 3922 4826 3986 novio·

3278 4025 3534 4089 mensis.

3063 4128 3149 4195 D.
3194 4130 3478 4196 Alvarus
3526 4131 3832 4220 Gomezy,
3882 4134 4370 4199 archidiaconus
4403 4135 4482 4199 de
4515 4135 4826 4201 Caionen.

3063 4236 3145 4302 D.
3193 4236 3585 4304 Bcltrandus
3631 4240 3712 4305 de
3759 4240 4095 4306 Duroforti
4155 4243 4331 4328 prior
4384 4244 4591 4308 sancti
4650 4242 4826 4308 Mar-

3277 4347 3444 4431 zelli,
3492 4347 3762 4413 diocesis
3811 4349 4221 4435 magalensis.

3061 4453 3145 4519 D.
3192 4454 3630 4541 Berengarius
3675 4456 3755 4521 de
3793 4456 4108 4541 Bociacis,
4143 4457 4630 4523 archidiaconns
4662 4458 4827 4523 bite-

3275 4564 3501 4628 rensis.

3060 4670 3144 4736 D.
3192 4671 3564 4736 Bernardus
3610 4670 3887 4755 Mantes,
3936 4672 4281 4737 canonicus
4328 4675 4534 4739 sancti
4580 4675 4822 4741 Anfro·

3280 4778 3445 4843 disii.

3059 4885 3143 4951 D.
3191 4885 3564 4951 Bernardus
3611 4887 3690 4953 (16
3738 4888 3939 4969 Rosa,
3985 4888 4205 4975 legum
4249 4888 4494 4955 doctor.

3060 4992 3145 5059 D.
3191 4993 3564 5059 Bernardns
3615 4994 3961 5060 Subaterii.

3059 5101 3144 5167 D.
3190 5101 3539 5169 Bertoldus
3585 5101 3665 5167 de
3711 5102 4029 5185 Baxilele,
4077 5103 4297 5188 legum
4343 5102 4586 5169 doctor.

3057 5209 3235 5296 Mag.
3267 5209 3663 5274 Berthuldus
3711 5209 3952 5275 domini
3997 5209 4261 5296 Rydulfi
4307 5210 4387 5275 (16
4421 5210 4824 5277 Constantia.

3058 5317 3142 5383 D.
3189 5316 3590 5382 Bertrandus
3664 5316 4087 5402 Languselli,
4134 5317 4480 5382 canonicus
4558 5339 4826 5383 neman-

3271 5424 3508 5510 gensis.

3057 5530 3141 5596 D.
3189 5531 3590 5596 Bertrandus
3638 5532 3718 5596 de
3764 5531 4096 5615 Durforti,
4136 5531 4482 5596 canonicus
4528 5533 4824 5618 magalo-

3272 5640 3509 5723 nensis,
3557 5639 3760 5705 abbas
3805 5640 3982 5726 prior
4028 5640 4234 5704 sancti
4281 5639 4594 5705 Marcelli.

3057 5747 3140 5812 D.
3187 5747 3583 5830 Bonifacius,
3633 5748 3978 5812 canonicus
4023 5746 4479 5832 forojuliensis.

3059 5856 3141 5920 D.
3187 5854 3563 5920 Bonifacius
3613 5854 3925 5919 Dalmatii
3952 5904 3968 5937 ,
4023 5854 4513 5919 archidiaconus
4574 5854 4825 5939 foroju-

3271 5963 3510 6028 liensis.

3055 6071 3139 6136 D.
3187 6069 3687 6156 Christophorus
3727 6068 3806 6133 de
3841 6068 4185 6151 Tolomeis,
4219 6067 4394 6154 prior
4425 6073 4648 6132 sancte
4681 6067 4826 6132 Ma-

3271 6179 3364 6243 rie
3411 6178 3491 6241 de
3541 6177 3844 6242 Solleano
3892 6176 3971 6241 de
4021 6176 4227 6241 Senis.

3181 6432 3258 6496 (8)
3297 6430 3384 6481 An
3420 6430 3726 6496 yancensis.
