5542 7775
1656 664 2121 713 SPEOTANTJA
2176 663 2277 712 An
2336 662 2846 711 Paosnssonns
2903 662 3115 712 smus
3172 661 3439 710 olvlms
4215 642 4359 713 117

728 822 1130 906 imponerent
1178 820 1445 903 eisdem,
1497 825 1927 905 acceptarent,
1976 818 2386 899 sustinerent,
2434 825 2787 902 portarent,
2823 817 3238 902 complerent,
3274 818 3599 881 solverent
3642 825 3707 881 et
3752 818 4136 903 perficerent
4175 821 4368 903 juxta

724 935 941 993 nostre
975 936 1037 991 et
1071 928 1385 991 dictorum
1420 948 1862 991 successorum
1894 925 2371 1011 beneplacitum
2404 925 2794 1007 voluntatis3
2829 932 2892 988 et
2927 925 3096 1009 quod
3139 926 3192 988 si
3239 925 3459 1011 aliqua
3492 932 3735 989 statuta
3768 925 3980 989 forent
4012 927 4076 989 in
4111 927 4370 991 civitate

727 1034 1016 1121 predicta
1062 1042 1286 1098 eontra
1332 1034 1569 1098 dictam
1634 1054 1968 1097 romanam
2001 1031 2386 1123 =Ecclesiam
2447 1031 2553 1094 vel
2616 1030 3119 1094 ecclesiasticam
3176 1030 3575 1114 libertatem,
3626 1031 3728 1095 vel
3793 1053 3915 1116 que
3980 1041 4243 1117 possent
4300 1033 4364 1097 in

723 1142 939 1227 aliquo
988 1142 1301 1225 derogare
1351 1141 1654 1226 predictis
1703 1140 1807 1204 vel
1853 1139 2312 1225 infrascriptis,
2361 1145 2575 1201 essent
2623 1160 2807 1201 cassa
2854 1146 2917 1201 et
2967 1138 3146 1202 irrita
3199 1146 3264 1202 et
3311 1138 3554 1201 nullam
3604 1138 3911 1202 habentia
3957 1141 4363 1224 firmitatem3

724 1271 799 1312 ac
844 1270 922 1312 ea
969 1248 1205 1334 prefati
1255 1268 1590 1312 commune
1639 1254 1704 1311 et
1762 1247 2041 1333 populus
2106 1245 2516 1310 bononiensis
2578 1245 2806 1309 tollere
2869 1252 2933 1309 et
2995 1246 3209 1309 delere
3272 1245 3441 1309 infra
3503 1254 3748 1310 certum
3805 1248 4150 1311 terminum
4213 1256 4365 1311 tunc

723 1377 1102 1443 expressum
1150 1356 1228 1419 de
1276 1356 1559 1441 ipsorum
1609 1354 1790 1417 libris
1838 1360 1903 1417 et
1949 1352 2312 1417 cartulariis
2361 1359 2768 1433 tenerentur,
2820 1352 2959 1437 ipsa
3004 1352 3375 1415 nullatenus
3422 1353 3778 1435 servaturi,
3828 1375 3945 1417 nec
3993 1354 4219 1419 eadem
4267 1356 4363 1418 ul-

720 1464 920 1531 terius
968 1464 1073 1527 vel
1121 1464 1357 1526 similia
1406 1464 1468 1526 in
1512 1484 1734 1526 eorum
1783 1461 1963 1525 libris
2009 1461 2113 1524 vel
2149 1459 2511 1524 cartulariis
2543 1460 2887 1545 reposituri
2919 1459 3025 1524 vel
3057 1460 3253 1523 etiam
3287 1461 3729 1547 conscripturi.
3766 1462 4014 1535 Quibus
4048 1463 4362 1549 siquidem

724 1572 1293 1657 recognitionibus,
1343 1569 1896 1657 promissionibuS,
1929 1567 2444 1632 restitutionibus
2491 1575 2557 1631 et
2604 1567 3215 1651 reintegrationibus
3262 1567 3635 1651 hujusmodi
3681 1569 3868 1633 factis
3901 1592 4016 1656 per
4048 1570 4364 1634 sindicum

726 1686 789 1742 et
821 1686 1303 1765 procuratorem
1339 1678 1699 1763 predictum
1732 1697 1848 1761 per
1880 1676 2079 1739 verba
2110 1675 2366 1761 prefata
2399 1682 2462 1738 et
2489 1675 2875 1758 juramentis
2907 1697 3022 1760 per
3055 1696 3200 1738 eum
3234 1676 3538 1760 prestitis,
3573 1684 3644 1739 ut
3677 1677 4017 1762 prefertur,
4053 1678 4364 1763 nobisque

725 1808 840 1872 per
871 1787 1110 1850 dictum
1143 1786 1459 1849 sindicum
1492 1784 1836 1848 sindicario
1870 1792 1933 1848 et
1963 1783 2408 1870 procuratorio
2442 1783 2699 1847 nomine
2732 1782 3061 1846 humiliter
3092 1783 3474 1869 supplicato,
3503 1792 3572 1847 ut
3603 1783 3776 1848 faeta
3810 1768 4104 1870 primitus
4137 1807 4362 1850 secun-

725 1894 875 1957 dum
923 1893 1212 1978 predicta
1255 1894 1625 1976 juramenta
1672 1914 1787 1977 per
1835 1912 1982 1954 eum
2030 1891 2318 1976 prestita,
2353 1898 2418 1953 et
2465 1890 2920 1976 promissiones
2969 1889 3051 1953 ab
3100 1911 3176 1952 eo
3223 1891 3594 1954 solemniter
3655 1891 3861 1956 factas
3909 1892 4250 1957 sindicario
4300 1900 4364 1957 et

720 2000 1161 2086 procuratorio
1212 2001 1466 2063 nomine
1514 1998 2040 2063 constituentium
2087 1997 2522 2083 predictorum
2572 2018 2687 2081 per
2735 1996 2938 2059 dictos
2985 2018 3359 2079 commune,
3411 1998 3896 2061 universitatem
3944 2006 4009 2062 et
4053 2000 4364 2085 populum

722 2107 888 2170 dicte
922 2107 1200 2170 civitatis
1233 2105 1646 2170 bononiensis
1680 2106 2084 2169 restitutione
2128 2112 2192 2168 et
2239 2104 2742 2187 reintegratione
2777 2110 2840 2167 et
2873 2103 3215 2167 traditione
3248 2105 3532 2189 integra,
3567 2103 3859 2190 plenaria
3891 2112 3955 2168 et
3987 2106 4147 2169 reali
4179 2106 4363 2169 nobis

720 2221 784 2277 et
831 2214 1039 2278 eidem
1087 2235 1350 2277 romane
1398 2214 1667 2277 ecclesie
1714 2213 1792 2276 de
1841 2213 2122 2294 civitate,
2158 2213 2467 2275 comitatu
2515 2218 2581 2275 et
2627 2211 2919 2275 districtu
2964 2211 3269 2296 predictis
3318 2234 3393 2276 ac
3439 2233 3616 2276 mero
3664 2218 3729 2275 et
3760 2212 3962 2277 mixto
3998 2213 4263 2299 imperio
4298 2221 4362 2278 et

720 2322 1087 2387 omnimoda
1114 2322 1581 2407 jurisdictione,
1616 2322 1973 2405 ceterisque
2000 2320 2255 2405 juribus
2305 2320 2675 2383 eorumdem
2719 2320 3017 2403 eivitatiS,
3052 2321 3412 2403 comitatus,
3448 2304 3772 2384 districtus
3805 2327 3869 2384 et
3900 2321 4357 2406 posssessione,

720 2435 783 2492 et
825 2430 1010 2515 quasi
1056 2430 1362 2515 ipsorum,
1399 2450 1474 2492 ac
1508 2429 1772 2492 retentis
1806 2435 1870 2491 et
1903 2427 2249 2491 reservatis
2285 2435 2595 2513 perpetuo
2631 2427 2818 2490 nobis
2849 2434 2912 2490 et
2946 2427 3422 2492 successoribus
3456 2427 3692 2490 nostris
3727 2427 4007 2490 romanis
4040 2427 4358 2513 pontifici-

724 2538 843 2600 bus
876 2537 1179 2601 eanonice
1216 2537 1601 2599 intrantibus
1636 2544 1698 2600 et
1732 2535 1937 2598 eidem
1973 2556 2236 2598 romane
2272 2534 2539 2598 ecclesie
2575 2535 2833 2597 civitate
2861 2535 3259 2615 bononiensi,
3287 2534 3591 2598 comitatu
3628 2542 3692 2597 et
3717 2534 4007 2598 districtu
4035 2535 4358 2620 predictis,

718 2667 793 2708 ac
840 2646 1032 2731 pleno
1081 2645 1383 2725 dominio,
1412 2643 1860 2727 jurisdictione
1908 2649 1971 2706 et
2019 2648 2337 2727 potestate
2380 2649 2444 2704 et
2482 2642 2848 2727 principatu
2900 2642 3182 2726 ipsorum
3214 2650 3278 2704 et
3312 2642 3713 2726 possessione
3748 2642 3933 2706 totali
3964 2642 4356 2724 eorumdem,

718 2759 781 2814 et
828 2772 943 2837 per
990 2751 1163 2837 ipsos
1211 2750 1406 2813 etiam
1455 2770 1812 2831 commuue,
1854 2748 2342 2812 universitatem
2390 2755 2454 2810 et
2502 2747 2812 2833 populum
2858 2746 3026 2810 dicte
3075 2747 3373 2829 civitatis,
3410 2754 3472 2810 et
3504 2769 3620 2832 per
3654 2747 4016 2832 singulares
4049 2769 4358 2834 personas

718 2859 996 2922 civitatis
1046 2858 1245 2944 ipsius
1293 2878 1488 2942 super
1534 2856 1654 2920 hoc
1703 2857 1780 2918 ad
1833 2877 2062 2919 sonum
2110 2877 2421 2941 campane
2469 2855 2843 2918 solemniter
2875 2875 3051 2917 more
3085 2855 3294 2937 solito,
3331 2862 3523 2939 prout
3554 2854 3619 2917 in
3652 2854 4008 2939 majoribus
4042 2862 4107 2919 et
4139 2855 4357 2919 arduis

716 2967 998 3052 ipsorum
1047 2965 1325 3048 negotijs
1374 2970 1752 3027 consuetum
1800 2963 2035 3045 extitit,
2085 2963 2606 3047 congregandos,
2657 2962 3038 3047 acceptatis),
3088 2961 3497 3047 approbatis,
3547 2962 3904 3045 ratificatis,
3953 2963 4357 3047 emologatis,

711 3073 1123 3154 confirmatiS,
1173 3073 1527 3153 concessis,
1578 3092 1653 3134 ac
1698 3071 1932 3155 juratis
1983 3062 2310 3155 specifice,
2361 3069 2778 3153 singulariter
2826 3076 2891 3131 et
2937 3090 3241 3154 expresse
3290 3069 3586 3133 omnibus
3634 3076 3697 3133 et
3745 3069 4019 3155 singulis
4066 3071 4356 3134 articulis

714 3182 777 3243 in
824 3180 1229 3265 presentibus
1276 3179 1480 3242 literis
1526 3178 2041 3265 comprehensis,
2091 3184 2156 3240 et
2204 3177 2284 3240 ab
2335 3176 2560 3241 eodem
2606 3175 2852 3239 sindico
2902 3182 2966 3239 et
3026 3183 3442 3262 procuratore
3507 3176 3792 3262 ipsorum
3856 3177 4109 3241 nomine
4176 3199 4356 3242 reco-

714 3288 929 3373 gnitis,
980 3286 1380 3367 confessatis,
1432 3287 1731 3367 narratis,
1780 3284 2203 3366 concordatis,
2248 3285 2576 3370 promissis
2626 3292 2689 3347 et
2731 3285 2966 3368 juratis
3014 3284 3256 3348 eisdem
3304 3284 3646 3367 communi,
3683 3285 4088 3348 universitati
4135 3293 4200 3349 et
4245 3308 4355 3372 po-

716 3396 866 3481 pulo
928 3396 1098 3459 circa
1156 3395 1661 3458 nominationem
1708 3415 1823 3479 per
1869 3414 1979 3456 eos
2036 3391 2402 3456 faciendam
2448 3414 2871 3477 personarum
2920 3394 2985 3455 in
3031 3392 3428 3456 Potestatem
3477 3400 3542 3455 et
3591 3391 4014 3477 Capitaneum
4066 3393 4358 3478 ejusdem

712 3502 990 3567 civitatis
1038 3502 1600 3584 assumendarum,
1649 3508 1715 3565 et
1760 3523 1873 3586 per
1921 3522 2037 3563 nos
2100 3501 2203 3563 vel
2262 3521 2664 3563 successores
2727 3506 2979 3563 nostros
3042 3521 3155 3563 seu
3220 3498 3565 3584 collegium
3607 3499 4070 3564 'Cardinalium
4134 3510 4355 3565 sancte

715 3632 974 3674 romane
1025 3610 1314 3691 ecclesie,
1353 3609 1518 3672 Sede
1551 3616 1847 3691 vacante,
1884 3608 2439 3672 concedendarum
2487 3607 2728 3671 eisdem
2779 3609 2970 3671 certis
3017 3606 3208 3671 modo
3255 3616 3320 3671 et
3358 3608 3566 3671 forma
3600 3614 3752 3671 tuuc
3787 3607 3849 3670 in
3883 3608 4086 3671 literis
4121 3610 4356 3673 nostris

712 3718 1056 3803 expressisâ€ž
1107 3716 1320 3780 facere
1368 3717 1647 3801 gratiam
1695 3716 2113 3801 dignaremur
2171 3715 2498 3779 nonnullis
2546 3716 2692 3799 alijs
2740 3715 2824 3779 ab
2872 3715 3098 3779 eodem
3147 3715 3389 3779 sindico
3438 3730 3502 3779 et
3548 3723 3962 3801 procuratore
4011 3716 4354 3780 sindicario

710 3833 776 3890 et
821 3826 1264 3912 procuratorio
1314 3826 1571 3889 nomine
1620 3825 2147 3889 constituentium
2194 3824 2629 3911 predictorum
2676 3823 3018 3910 postulatis
3052 3845 3090 3887 a
3122 3824 3335 3906 nobis,
3371 3823 3555 3908 cujus
3587 3823 4128 3910 postulationibus
4163 3825 4353 3889 certis

712 3933 900 3997 modo
949 3945 1012 3997 et
1060 3933 1289 4014 forma,
1338 3933 1448 3995 ubi
1496 3933 1649 3996 dicti
1699 3953 2071 4014 commune,
2122 3932 2510 3995 universitas
2557 3939 2620 3995 et
2668 3932 2944 4018 populus
2993 3953 3120 3995 non
3169 3932 3467 3995 simulate
3529 3931 3642 3994 sed
3697 3952 3848 3995 vere
3897 3932 4353 4017 procederent,

714 4063 788 4105 ac
835 4042 1150 4126 premissa
1199 4040 1606 4104 solemnitate
1670 4048 1958 4120 servata,
2007 4040 2360 4104 secundum
2408 4040 2698 4125 predicta
2741 4041 3118 4123 juramenta
3161 4047 3226 4103 et
3273 4039 3730 4125 promissiones
3777 4060 3893 4126 per
3941 4039 4181 4103 dictum
4225 4040 4354 4103 sinÎ‡

712 4148 924 4213 dicum
971 4149 1180 4212 factas
1227 4149 1572 4212 sindicario
1619 4155 1683 4211 et
1730 4148 2172 4233 procuratorio
2221 4147 2477 4211 nomine
2542 4147 3066 4211 constituentium
3113 4147 3576 4232 predictorum,
3626 4156 4071 4233 acceptarent,
4121 4170 4354 4234 appro-

710 4257 960 4338 barent,
1012 4256 1426 4338 ratificarent,
1476 4256 1938 4340 emologarent,
1989 4254 2462 4336 confirmarent,
2513 4255 2973 4334 concederent3
3008 4276 3082 4318 ac
3124 4255 3423 4339 jurarent
3469 4254 3785 4340 specifice,
3828 4255 4245 4339 singulariter
4292 4262 4356 4318 et

713 4385 1018 4449 expresse
1067 4385 1287 4427 omnes
1335 4371 1398 4426 et
1447 4363 1736 4446 singulos
1785 4362 2090 4426 articulos
2139 4362 2204 4425 in
2247 4362 2433 4426 dictis
2467 4362 2668 4426 literis
2702 4363 2938 4426 nostris
2972 4362 3488 4448 comprehensos,
3523 4368 3586 4425 et
3618 4383 3735 4447 per
3765 4361 4006 4425 dictum
4039 4362 4355 4426 sindicum

713 4481 775 4534 et
822 4479 1302 4557 procuratorem
1356 4470 1641 4556 ipsorum
1689 4469 1945 4533 nomine
1996 4469 2381 4554 recognitOS,
2431 4470 2849 4552 confessatos,
2898 4477 3214 4551 narratOS,
3265 4469 3706 4551 concordatos,
3747 4469 4094 4554 promissos
4143 4476 4209 4532 et
4246 4470 4352 4553 ju-

712 4584 884 4642 ratos
932 4579 1239 4641 duximus
1288 4577 1725 4641 annuendum.

884 4686 969 4749 Et
1020 4686 1084 4748 in
1141 4686 1396 4771 signum
1463 4684 1729 4768 dominij
1787 4693 1851 4748 et
1914 4685 2383 4770 superioritatis
2448 4685 2738 4769 ejusdem
2787 4705 3050 4748 romane
3105 4684 3394 4748 Ecclesie
3457 4685 3857 4769 aliorumque
3900 4683 4179 4766 jurium,
4228 4704 4352 4767 que

710 4793 882 4857 dicta
927 4792 1221 4857 Ecclesia
1293 4792 1490 4856 habet
1560 4792 1625 4855 in
1690 4792 1984 4873 civitate,
2035 4793 2378 4874 comitatu,
2427 4792 2719 4856 districtu
2782 4791 3123 4878 predictis,
3172 4799 3238 4855 et
3301 4790 3804 4876 recognitionem
3867 4789 4226 4854 devotionis
4288 4797 4353 4853 et

710 4900 1176 4984 subjectionem
1226 4900 1543 4963 dictorum
1592 4899 1906 4982 civitatis,
1956 4901 2428 4976 universitatis,
2479 4900 2836 4964 communis
2874 4908 2948 4972 â€šet
2992 4900 3215 4986 populi
3278 4899 3768 4963 bononiensium
3824 4898 4033 4961 eidem
4079 4917 4350 4962 romane

710 5007 998 5072 Ecclesia
1048 5007 1432 5089 debitarum,
1468 5007 1759 5093 prefatus
1794 5007 2075 5071 sindicus
2123 5015 2187 5071 et
2236 5015 2631 5094 procurator,
2666 5007 2913 5071 habens
2962 5006 3044 5070 ad
3093 5006 3212 5070 hoc
3261 5028 3299 5070 a
3346 5005 3649 5092 predictis
3690 5006 3970 5088 civitate,
4006 5006 4348 5088 communi,

710 5115 1129 5179 universitate
1179 5122 1242 5178 et
1290 5115 1529 5201 populo
1579 5116 1858 5200 speciale
1905 5115 2281 5178 mandatum
2329 5122 2392 5178 et
2438 5115 2798 5200 plenariam
2828 5121 3234 5200 potestatem,
3268 5114 3614 5177 sindicario
3650 5120 3713 5177 et
3745 5113 4188 5198 procuratorio
4234 5134 4346 5176 no-

711 5224 881 5287 mine
929 5223 1322 5306 eorumdem,
1358 5223 1422 5286 in
1468 5229 1686 5286 nostra
1734 5231 1797 5286 et
1846 5223 2161 5286 dictorum
2209 5223 2481 5286 fratrum
2529 5222 2855 5307 presentia
2903 5221 3154 5304 obtulit,
3188 5220 3364 5284 dedit
3412 5227 3474 5284 et
3523 5221 3852 5285 constituit
3900 5220 4082 5284 nobis
4116 5227 4180 5283 et
4210 5242 4350 5285 sucÎ‡

711 5331 1070 5394 cessoribus
1105 5330 1338 5394 nostris
1373 5330 1654 5394 romanis
1702 5330 2110 5416 pontificibus
2154 5329 2458 5393 canonice
2494 5329 2881 5393 intrantibus
2914 5335 2978 5392 et
3011 5328 3218 5392 eidem
3251 5350 3514 5392 romane
3548 5327 3836 5391 Ecclesie
3871 5328 3934 5390 in
3969 5334 4351 5414 perpetuum

712 5459 826 5523 pro
875 5438 1155 5518 civitate,
1206 5438 1513 5501 comitatu
1561 5444 1625 5501 et
1672 5437 1963 5501 districtu
2014 5437 2337 5523 predictis,
2387 5445 2633 5501 certum
2680 5458 2963 5518 censum,
3013 5457 3088 5500 ac
3135 5436 3429 5521 promisit
3476 5442 3540 5500 et
3582 5436 3828 5520 juravit
3874 5436 4130 5498 nomine
4173 5442 4236 5499 et
4285 5437 4347 5499 in

711 5545 959 5609 animas
1008 5545 1534 5609 constituentium
1583 5544 2016 5631 predictorum
2066 5545 2304 5607 dictum
2354 5566 2617 5608 censum
2662 5544 3051 5628 ubicumque
3099 5564 3402 5607 romanus
3450 5543 3745 5629 pontifex
3792 5549 3996 5624 esset,
4049 5542 4202 5628 ipsis
4249 5565 4349 5607 ro-

710 5675 898 5717 mano
947 5653 1254 5739 pontifici,
1290 5652 1399 5737 qui
1448 5659 1618 5716 esset
1662 5674 1777 5737 pro
1826 5659 2134 5737 tempore,
2170 5659 2235 5716 et
2284 5673 2547 5715 romane
2595 5652 2864 5715 ecclesie
2901 5651 3004 5714 vel
3049 5650 3259 5715 eidem
3305 5650 3575 5715 ecclesie
3625 5651 3736 5714 ubi
3783 5651 3924 5736 ipsa
3958 5649 4144 5733 foret,
4181 5650 4346 5714 Sede

710 5767 1016 5840 vacante,
1069 5761 1131 5822 in
1180 5759 1344 5823 festo
1395 5759 1733 5823 beatorum
1783 5760 2220 5844 apostolorum
2276 5759 2455 5823 Petri
2502 5767 2566 5823 et
2608 5759 2836 5840 Pauli,
2886 5765 3019 5821 tam
3066 5779 3182 5844 pro
3231 5759 3514 5843 presenti
3563 5780 3731 5822 anno
3782 5779 3973 5843 quam
4021 5759 4350 5844 perpetuis

709 5868 941 5931 futuris
990 5867 1408 5952 temporibus,
1458 5868 1745 5952 ipsorum
1791 5867 2167 5950 eommunis,
2218 5867 2654 5930 universitatis
2703 5879 2767 5930 et
2817 5866 3038 5953 populi
3085 5867 3446 5952 sumptibus
3496 5874 3559 5930 et
3604 5866 3936 5952 expensis,
3987 5865 4172 5928 annis
4219 5867 4350 5929 sin-

710 5975 879 6060 gulis
928 5975 1179 6038 solvere
1234 5981 1297 6037 et
1360 5974 1761 6059 integraliter
1807 5975 2140 6058 assignare
2190 5975 2309 6037 sub
2356 5974 2546 6038 certis
2593 5975 2779 6060 penis
2825 5980 2889 6038 et
2935 5973 3269 6037 sententiis
3317 5975 3381 6037 in
3431 5974 3615 6037 dictis
3661 5973 3866 6037 literis
3915 5973 4148 6037 nostris
4197 5979 4348 6036 tunc

709 6082 1054 6167 expressiS,
1090 6081 1142 6144 si
1192 6103 1307 6167 per
1354 6105 1462 6146 eos
1512 6083 1575 6145 in
1626 6081 1945 6146 solutione
1994 6104 2220 6146 census
2269 6083 2558 6167 ejusdem
2607 6090 2926 6147 cessatum
2977 6081 3142 6146 foret
3189 6083 3252 6144 in
3303 6081 3590 6167 predicto
3639 6089 3702 6145 et
3751 6081 3893 6144 aliis
3943 6081 4230 6144 terminis
4264 6081 4347 6144 ad

707 6189 825 6253 hec
874 6188 1243 6274 specialiter
1289 6190 1659 6274 assignatis.
3311 6175 3316 6181 â¹

886 6296 1197 6382 Idemque
1246 6297 1528 6361 sindicus
1578 6304 1642 6361 et
1688 6306 2069 6383 procurator
2114 6298 2409 6384 promisit
2455 6297 2828 6362 solemniter
2875 6305 2938 6361 et
2980 6298 3247 6382 juravit,
3296 6297 3552 6360 nomine
3592 6303 3656 6360 et
3701 6297 3767 6359 in
3815 6295 4062 6359 animas
4110 6296 4346 6359 consti-

709 6403 1025 6468 tuentium
1074 6403 1528 6489 predictorum,
1564 6426 1634 6468 se
1675 6405 1997 6469 facturum
2045 6413 2109 6469 et
2156 6415 2525 6469 curaturum
2576 6428 2721 6470 cum
2763 6405 3027 6488 effectu,
3064 6405 3232 6490 quod
3265 6404 3581 6490 premissa
3612 6426 3728 6489 per
3759 6402 4000 6467 dictum
4032 6403 4345 6467 sindicum

708 6517 771 6574 et
819 6518 1302 6596 procuratorem
1352 6519 1517 6594 acta,
1554 6520 1759 6598 gesta,
1794 6513 2130 6598 promissa,
2167 6513 2405 6593 oblata,
2441 6513 2612 6595 data,
2649 6514 2997 6578 constituta
3045 6521 3108 6576 et
3151 6513 3394 6596 jurata,
3428 6519 3493 6576 et
3538 6512 3668 6575 alia
3716 6511 3930 6574 omnia
3977 6518 4041 6574 ct
4087 6510 4345 6595 singula
