5542 7775
1220 536 1316 608 36
2791 561 3272 612 MONUMENTA

1212 712 1570 796 Placentia,
1605 712 1931 777 dominum
1973 712 2337 777 Guidonem
2369 714 2777 797 Boncambii,
2813 715 3140 780 doctorem
3172 716 3413 801 legum,
3446 724 3513 782 et
3544 717 3874 784 dominum
3905 720 4248 785 Albertum
4284 720 4364 785 de
4397 722 4584 786 Muso
4618 722 4697 788 de
4727 722 4856 788 Bo-

1214 820 1430 901 nonia,
1464 819 1794 884 dominum
1843 819 2208 884 Gnidonem
2255 820 2335 886 de
2384 821 2539 885 Colo
2587 821 2793 886 sancti
2838 821 3104 886 Martini
3152 831 3216 888 et
3257 823 3586 888 dominum
3626 824 4158 891 Bartholomeuni
4190 827 4270 891 de
4305 827 4549 893 Vidoro
4582 829 4662 894 de
4695 830 4855 893 Tar·

1211 928 1398 1010 visi0,
1432 927 1760 992 dominum
1810 927 2174 992 Gnidonem
2222 928 2302 993 de
2349 928 2616 993 Marzan
2666 935 2730 993 et
2763 929 3092 993 dominum
3129 931 3528 996 Senzanome
3560 931 3641 996 de
3673 932 4010 997 Achillieis
4042 932 4121 998 de
4155 934 4492 1016 Faventia,
4526 934 4854 1000 dominum

1214 1035 1571 1101 Obizenem
1617 1034 1697 1098 de
1743 1034 2136 1120 Hugonibus
2182 1042 2247 1100 et
2307 1036 2640 1100 dominum
2686 1036 3041 1100 Rizardum
3085 1037 3164 1102 de
3207 1036 3525 1124 Rodengo
3556 1039 3635 1103 (19
3667 1039 3925 1122 Brixia,
3960 1040 4290 1105 dominum
4325 1041 4745 1108 Guillehnum
4774 1043 4854 1108 de

1214 1142 1615 1229 Campidello
1663 1149 1728 1208 et
1773 1142 2107 1207 dominum
2155 1143 2598 1208 Castellanum
2660 1142 2739 1207 de
2806 1143 3081 1208 Caffaris
3143 1144 3223 1210 de
3287 1145 3590 1228 Mantua,
3640 1146 3970 1211 dominum
4031 1148 4298 1213 Petrum
4360 1148 4730 1214 Bicherium
4792 1157 4857 1214 et

1209 1250 1541 1315 dominum
1588 1250 2081 1336 Huguccionem
2129 1250 2209 1314 de
2255 1249 2589 1315 Bondonis
2634 1250 2713 1315 de
2761 1250 3080 1316 Vercellis
3127 1261 3198 1316 ut
3247 1253 3461 1316 001019
3507 1254 3751 1318 faciant
3796 1254 3878 1318 ad
3928 1255 4302 1320 mandatum
4349 1264 4416 1320 et
4458 1257 4854 1322 voluntatem

1210 1357 1453 1423 domini
1500 1357 1681 1444 Pape
1729 1365 1795 1422 et
1841 1357 2284 1422 cardinalium
2330 1380 2525 1445 super
2570 1380 2730 1444 pace
2780 1365 2844 1423 et
2891 1358 3234 1423 concordia
3282 1359 3578 1424 facienda
3619 1384 3766 1426 cum
3797 1362 4056 1426 domino
4090 1362 4436 1429 Frederico
4471 1364 4855 1450 imperatore

1209 1464 1655 1530 Romanorum
1702 1486 1957 1551 semper
2001 1472 2278 1550 augusto
2325 1471 2389 1530 et
2436 1487 2591 1550 rege
2642 1466 2882 1548 Sicilie,
2917 1465 2997 1529 de
3039 1465 3358 1530 discordia
3406 1467 3542 1532 sive
3591 1489 3785 1554 super
3831 1469 4152 1534 discordia
4185 1491 4380 1556 qnam
4425 1470 4667 1535 habent
4710 1493 4854 1535 cum

1211 1573 1352 1659 ipso
1399 1572 1656 1636 domino
1702 1571 2049 1637 Frederico
2097 1572 2540 1636 Romanorum
2586 1573 2998 1659 imperatore,
3047 1573 3153 1637 vel
3201 1573 3338 1660 ipse
3396 1574 3693 1639 dominus
3753 1575 4122 1641 Fridericus
4169 1577 4611 1642 Romanorum
4658 1579 4854 1664 impe-

1208 1687 1389 1744 rator
1437 1701 1584 1744 cum
1629 1681 1722 1743 eis
1769 1679 1999 1744 habet:
2050 1686 2114 1743 et
2161 1678 2465 1765 quicquid
2512 1679 2667 1743 dicti
2712 1678 3206 1760 Procuratores,
3255 1681 3360 1745 vel
3409 1682 3616 1766 major
3664 1703 3815 1769 pars
3862 1705 4116 1767 9011101,
4153 1683 4423 1749 fecerint
4470 1706 4663 1771 super
4707 1707 4852 1771 pre·

1211 1786 1399 1851 dictis
1447 1793 1511 1850 et
1559 1787 1623 1850 in
1671 1785 1976 1873 predictis
2022 1797 2235 1850 ratum
2282 1795 2347 1850 et
2392 1786 2647 1849 firmum
2693 1786 2938 1850 habere
2983 1786 3448 1873 promiserunt:
3496 1789 3607 1874 qui
3651 1789 4114 1855 Procuratores
4176 1791 4266 1855 910
4327 1791 4700 1856 mandatum
4748 1813 4852 1856 su-

1211 1901 1575 1980 sceperunt.
1608 1894 1862 1959 Horum
1912 1901 2129 1958 autem
2177 1894 2438 1958 suerunt
2485 1901 2683 1958 testes
2731 1893 3028 1957 dominus
3077 1893 3408 1958 Gerardus
3455 1895 3837 1981 Raugonius
3882 1897 4176 1963 Bononie
4205 1897 4527 1982 Potestas,
4559 1898 4853 1963 dominus

1210 2002 1609 2088 Bagarottus
1642 2010 1706 2066 et
1746 2002 2042 2067 dominus
2093 2001 2528 2088 Semprebene
2577 2002 2872 2066 doctores
2917 2000 3190 2086 Legum,
3226 2002 3521 2067 dominus
3569 2003 3954 2070 Tomasinus
4005 2006 4397 2070 Cazanimici
4445 2015 4508 2070 et
4559 2006 4854 2071 dominus

1210 2110 1738 2175 Aldrevandinus
1809 2109 1888 2173 de
1956 2109 2421 2196 Prendiparte,
2471 2109 2767 2173 dominus
2837 2108 3175 2173 Rolandus
3239 2109 3320 2173 de
3384 2109 3756 2176 Gutefredis
3816 2112 4001 2194 bon.,
4061 2113 4380 2177 Martinus
4443 2115 4730 2178 notarius
4788 2123 4854 2178 et

1208 2218 1595 2304 Bolognitus
1644 2218 1963 2300 notarius,
2014 2239 2234 2282 0111099
2298 2217 2768 2298 bononienses,
2819 2225 2884 2280 9(
2953 2216 3257 2281 Petrinus
3328 2217 3407 2282 de
3481 2219 3892 2306 Gorgonzola
3959 2222 4246 2286 notarius
4303 2222 4383 2286 de
4429 2222 4741 2305 Mantua,
4788 2232 4853 2288 9(

1209 2326 1429 2413 plures
1476 2325 1608 2389 alii.

1387 2433 1530 2518 Ego
1577 2431 1969 2496 Laurentius
2016 2433 2185 2496 sacri
2232 2432 2456 2518 palatii
2506 2432 2815 2516 notarius,
2865 2440 2928 2495 et
2976 2453 3141 2494 nunc
3193 2433 3479 2497 notarius
3526 2433 3842 2498 dictorum
3889 2435 4425 2516 Procuratorum‚
4480 2437 4742 2501 interfui
4789 2447 4854 2502 9(

1209 2540 1288 2604 (10
1338 2540 1642 2604 mandato
1691 2539 2208 2625 supradictorum
2254 2540 2605 2604 Rectorum
2652 2540 2898 2626 scripsi.

2924 2968 3153 3034 XXII.

2666 3221 2862 3303 1226,
2911 3221 2999 3282 22
3043 3219 3403 3284 novembri&

2200 3470 2305 3534 Ex
2353 3471 2579 3534 eodem
2628 3477 2802 3534 tomo
2849 3470 3205 3552 XXXVI„
3257 3493 3429 3535 num.
3479 3470 3750 3535 LXXV.
3787 3472 3865 3534 (¹)

1385 3723 1580 3788 Anno
1629 3723 1893 3787 Domini
1940 3721 2280 3786 millesimo
2329 3721 2768 3786 ducentesimo
2817 3721 3131 3807 vigesimo
3179 3731 3399 3806 sextO,
3449 3722 3552 3786 die
3601 3743 3770 3786 nona
3817 3723 4114 3787 exeuntis
4161 3722 4398 3786 mensis
4446 3722 4847 3805 novembris,

1210 3830 1558 3896 indictione
1622 3829 2142 3918 quartadecima,
2191 3830 2257 3894 in
2305 3829 2565 3895 civitate
2613 3829 2942 3913 Bononie,
2995 3830 3058 3895 in
3119 3829 3364 3917 palatio
3426 3829 3840 3895 bononiensis
3894 3828 4365 3917 Episcopatus,
4414 3829 4474 3894 10
4525 3830 4850 3916 presentia

1208 3940 1472 4004 testium
1518 3938 1604 4003 ad
1650 3939 1768 4003 hoe
1817 3938 2185 4024 specialiter
2232 3945 2609 4023 rogatorum
2655 3946 2719 4001 et
2766 3945 3142 4003 vocatorum
3199 3938 3542 4002 Ambroxii
3608 3938 3842 4002 notarii
3904 3937 3982 4002 de
4045 3938 4449 4019 MediolanO,
4497 3937 4851 4002 Presbiteri

1208 4047 1447 4111 notarii
1492 4046 1573 4111 de
1618 4046 1873 4128 Laur0,
1924 4045 2182 4111 Oderiei
2232 4044 2465 4109 notarii
2514 4045 2593 4108 de
2640 4045 2872 4109 Padua
2918 4053 2982 4109 et
3031 4044 3346 4109 Gnidonis
3395 4045 3629 4109 notarii
3674 4044 3754 4109 de
3802 4045 4130 4127 Vicentia,
4180 4044 4476 4109 dominus
4524 4044 4848 4109 Robertus

1206 4154 1286 4219 de
1334 4154 1723 4235 000001990,
1774 4153 2070 4217 dominus
2116 4152 2403 4216 Ubertus
2450 4152 2529 4217 de
2577 4152 2906 4235 Marnace,
2956 4152 3251 4216 dominus
3296 4152 3563 4217 Ardicio
3612 4152 3691 4216 de
3734 4152 4182 4236 Pontecarale,
4233 4152 4528 4216 dominus
4581 4151 4850 4216 Guillel-

1206 4284 1349 4327 mus
1395 4262 1474 4326 de
1509 4261 1766 4344 Oliana,
1800 4260 2096 4324 dominus
2127 4259 2448 4324 Aicardus
2484 4259 2561 4324 de
2596 4259 2983 4343 Formiviea,
3018 4260 3312 4324 dominus
3346 4259 3720 4323 Auliverius
3752 4259 3832 4323 de
3867 4259 4159 4346 SchirpO,
4193 4259 4490 4324 dominus
4524 4259 4847 4325 Oldradus

1206 4369 1595 4450 Pocalodus,
1644 4367 1940 4432 dominus
1989 4367 2376 4431 Guillelmus
2422 4367 2502 4431 (19
2554 4367 2871 4449 80191010,
2905 4367 3201 4431 dominus
3251 4367 3636 4431 Guillelmus
3681 4367 4078 4450 Lazaronus,
4112 4366 4408 4431 dominus
4455 4366 4848 4431 Deutesalve

1210 4476 1596 4558 Cremensis,
1647 4475 1943 4539 dominus
1992 4474 2371 4539 Guidrixius
2412 4475 2619 4559 judex
2667 4475 2745 4538 (10
2797 4475 3156 4561 Scaperlis,
3199 4473 3495 4539 dominus
3540 4474 3874 4538 Johannes
3923 4473 4322 4556 Cremensis,
4370 4473 4668 4538 (10011009
4713 4474 4846 4538 Ru-

1210 4585 1507 4669 stigellus
1550 4583 1778 4668 judex,
1812 4582 2109 4646 dominus
2159 4582 2572 4668 Spinabellus
2613 4582 2841 4667 judex,
2876 4581 3171 4646 dominus
3219 4582 3504 4646 Ubertus
3536 4581 3616 4645 de
3648 4580 4096 4662 MaltraversO,
4131 4580 4426 4645 dominus
4459 4579 4848 4666 Frederigus

1206 4693 1288 4758 de
1335 4691 1724 4777 Paxiponte,
1776 4689 2072 4754 dominus
2124 4689 2519 4753 Scanabicus
2566 4689 2811 4753 domini
2855 4689 3158 4771 Rolandi,
3207 4689 3501 4753 dominus
3549 4688 3948 4752 Marescotus
3995 4688 4314 4753 Johannis
4360 4688 4734 4770 Marescoti,
4783 4696 4848 4753 et

1209 4800 1508 4867 dominus
1554 4797 1958 4883 Henrigetus
2005 4795 2308 4882 Hugonis
2354 4795 2652 4882 Regaite,
2702 4818 2924 4861 omnes
2971 4796 3283 4861 Rectores
3331 4795 3670 4861 Societatis
3716 4795 4129 4877 Lombardie,
4161 4794 4450 4860 Marchie
4499 4802 4564 4860 et
4609 4796 4847 4860 Roma-

1204 4907 1398 4989 niole,
1434 4905 1691 4971 nomine
1741 4904 1916 4967 illius
1965 4903 2327 4988 Societatis,
2361 4911 2423 4968 et
2465 4926 2581 4990 pro
2616 4905 2756 4991 ipsa
2808 4904 3151 4987 Societate,
3185 4904 3654 4968 constituerunt
3698 4903 4161 4968 Procuratores
4211 4902 4452 4967 dictum
4482 4902 4850 4968 Rolandum

1200 5014 1488 5101 judicem
1537 5012 1615 5076 de
1665 5010 2049 5092 Guarnerio,
2084 5010 2415 5076 dominum
2460 5010 2763 5096 Ugoncm
2810 5010 2890 5075 de
2935 5010 3124 5074 Vado
3172 5010 3251 5074 de
3295 5009 3522 5075 Padoa
3568 5018 3633 5073 et
3679 5031 3788 5074 009
3837 5010 4282 5073 instruxerunt
4328 5010 4394 5073 in
4444 5008 4738 5073 omnibus
4784 5016 4850 5074 et

1204 5140 1323 5209 per
1369 5120 1586 5186 omnia
1632 5125 1697 5183 et
1745 5118 1828 5182 ad
1877 5118 2114 5200 omnia,
2149 5117 2313 5182 sicut
2353 5125 2451 5181 est
2497 5118 2705 5182 forma
2737 5124 2802 5182 et
2849 5117 3203 5182 secundum
3251 5116 3544 5200 formam,
3588 5116 3653 5180 in
3701 5138 3830 5203 qua
3874 5116 4014 5180 heri
4061 5116 4174 5180 alii
4203 5116 4666 5181 Procuratores
4698 5138 4847 5181 con-

1203 5229 1415 5294 stituti
1461 5236 1527 5293 et
1575 5226 1874 5291 instructi
1922 5225 2185 5290 suerunt
2231 5225 2314 5289 ab
2361 5226 2605 5289 eisdem
2652 5226 3075 5308 Rectoribus,
3125 5226 3232 5310 qui
3281 5224 3431 5289 ituri
3477 5232 3626 5289 sunt
3675 5224 3757 5288 ad
3804 5245 4140 5289 romanam
4188 5223 4450 5288 Curiam
4495 5245 4613 5310 pro
4657 5223 4846 5288 factis

1206 5335 1552 5402 Societatis
1600 5333 1924 5421 predicte;
1958 5340 2023 5397 et
2055 5339 2153 5397 est
2185 5332 2446 5415 dictum,
2482 5332 2655 5418 quod
2687 5339 2940 5397 tantum
2971 5333 3234 5397 valeant
3264 5332 3748 5419 procurationes
3780 5338 3844 5395 et
3877 5331 4328 5395 instructiones
4361 5331 4502 5413 iste,
4537 5338 4846 5417 quantum

1203 5444 1502 5509 valerent
1547 5442 1601 5506 si
1648 5441 1841 5505 simul
1889 5462 2037 5504 cum
2082 5440 2246 5522 aliis,
2282 5446 2345 5504 et
2390 5440 2620 5505 eadem
2665 5440 2828 5505 hora
2874 5439 3203 5505 constituti
3249 5448 3314 5505 0(
3361 5439 3654 5504 instructi
3699 5446 3949 5503 essent:
4000 5446 4065 5502 et
4114 5436 4416 5525 quiequid
4463 5437 4733 5502 fecerint
4781 5438 4844 5504 in

1204 5549 1511 5637 predictis
1560 5547 1915 5612 secundum
1961 5545 2322 5633 predictum
2368 5546 2631 5611 modum
2678 5547 2802 5634 ipsi
2847 5547 3340 5629 Procuratores,
3388 5546 3700 5611 Rectores
3745 5544 3985 5609 habere
4033 5544 4286 5609 firmum
4333 5552 4398 5608 et
4444 5552 4656 5608 ratum
4700 5566 4848 5631 pro·

1204 5657 1554 5722 miserunt:
1606 5654 1718 5740 qui
1763 5653 2228 5718 Procuratores
2273 5653 2363 5717 910
2411 5653 2788 5718 mandatum
2835 5662 3276 5740 susceperunt.

1381 5762 1527 5847 Ego
1576 5761 1976 5826 Gerardinus
2024 5760 2104 5826 de
2153 5760 2365 5843 Giss0,
2408 5762 2575 5826 sacri
2623 5762 2870 5848 palatii,
2905 5769 2970 5826 et
3016 5782 3184 5826 nunc
3230 5761 3547 5826 dictorum
3594 5759 3948 5824 Rectorum
3995 5758 4303 5839 notarius,
4347 5757 4609 5822 interfui
4658 5765 4723 5823 et
4769 5759 4848 5823 de

1204 5869 1510 5936 mandato
1559 5891 1786 5934 eorum
1833 5869 2062 5955 scripsi
2107 5876 2173 5933 et
2219 5868 2566 5954 publicavi.

1364 6424 1443 6489 (1)
1484 6421 1569 6473 Ex
1604 6421 1741 6491 Reg.
1768 6420 1835 6472 V.
1874 6420 2103 6472 Honorii
2140 6420 2278 6485 111.‚
2312 6421 2405 6472 fol.
2439 6424 2556 6486 156,
2585 6418 2974 6483 Mccxxvl.,
3017 6417 3197 6471 ml.
3237 6417 3562 6471 novembris.
