5542 7775
1739 1142 3252 1402 MONUMENTA

2217 1461 2786 1529 SPECTANTIA

1078 1681 1311 1789 AD
1410 1679 2569 1793 PROFESSORES
2667 1680 3153 1793 JURIS
3254 1681 3920 1792 CIVILIS.

2473 2778 2526 2842 Ι.

2204 2992 2375 3055 1154
2396 3042 2412 3074 ,
2464 2993 2503 3056 9
2547 2994 2788 3077 aprilis.

4221 3188 4266 3230 11

676 3203 781 3268 Ex
827 3204 1091 3269 archivo
1142 3205 1351 3268 sancti
1401 3203 1715 3291 Stephani
1765 3226 1932 3270 nunc
1982 3206 2046 3269 in
2095 3204 2449 3270 Tabulario
2496 3205 2673 3271 Max.
2720 3207 3136 3288 bononiensi,
3184 3212 3338 3269 sect.
3385 3229 3415 3262 «
3463 3204 3831 3270 Domaniale
3878 3232 3938 3288 »,
3986 3229 4159 3271 num.
4204 3243 4303 3300 ὦ.

857 3545 901 3627 †
946 3544 1027 3607 Iu
1060 3543 1318 3608 nomine
1351 3564 1596 3608 summe
1630 3550 1694 3608 et
1728 3543 2059 3608 individue
2093 3543 2450 3609 Trinitatis.
2500 3545 2692 3610 Anno
2725 3545 2989 3610 Domini
3020 3546 3361 3612 millesimo
3394 3546 3743 3611 centesimo
3777 3547 4308 3633 quinquagesimo

683 3658 942 3740 quarte,
993 3651 1215 3736 quinto
1262 3649 1404 3714 idus
1454 3651 1707 3737 aprilis,
1756 3650 2103 3716 indictione
2165 3652 2466 3717 secunda.
2530 3651 2848 3717 Dominus
2906 3674 3183 3739 namque
3241 3653 3592 3718 Guibertus
3651 3652 3779 3719 Dei
3833 3656 4046 3739 gratia
4107 3656 4309 3721 abbas

680 3759 949 3826 ecclesie
996 3758 1204 3822 sancti
1238 3757 1572 3844 Stephani,
1607 3758 1931 3844 quondam
1962 3759 2330 3824 Jerusalem
2370 3765 2621 3843 vocata,
2655 3781 2695 3823 a
2726 3759 2985 3825 domino
3017 3759 3409 3846 Ildeprando
3440 3760 3911 3847 hospital[ario]
3944 3768 4008 3826 et
4040 3761 4311 3827 admini-

682 3873 958 3933 stratore
1005 3865 1343 3952 hospitalis
1384 3864 1464 3930 de
1510 3871 1734 3931 sancto
1784 3864 2114 3953 Stephano
2163 3866 2227 3931 in
2276 3865 2611 3941 Quaterua
2654 3866 2940 3932 debitam
2986 3874 3052 3933 et
3096 3868 3353 3933 solitam
3396 3867 3897 3953 hebedientiam,
3941 3891 4118 3935 more
4167 3893 4311 3958 pre·

681 3975 1111 4056 decessorum,
1148 3980 1395 4060 petens,
1444 3973 1623 4038 velut
1668 3994 1708 4037 a
1756 3995 1873 4038 suo
1921 3974 2177 4039 subdito
2226 3975 2346 4038 sub
2393 3974 2674 4040 dominio
2722 3982 2788 4040 et
2834 3975 3112 4041 dictione
3158 3976 3427 4040 ecclesie
3473 3976 3648 4040 beati
3696 3975 4011 4062 Stephani
4056 3977 4136 4042 de
4180 3978 4311 4067 Bo-

685 4083 878 4148 nonia
924 4101 1303 4168 permanere
1360 4087 1629 4167 putante
1684 4082 1888 4168 petiit.
1953 4081 2101 4164 Qui,
2150 4082 2472 4147 diabolica
2536 4083 2952 4168 suggestione
3012 4089 3077 4147 et
3140 4083 3379 4169 sagitta
3440 4104 3810 4170 percussus,
3855 4091 4080 4149 contra
4124 4107 4313 4151 suum

681 4190 1011 4256 dominum
1057 4195 1122 4253 et
1169 4188 1472 4253 abbatem
1518 4188 1785 4254 effectus
1834 4196 2151 4276 apostata,
2192 4191 2606 4255 recalcitrans
2667 4190 2952 4256 debitam
3015 4197 3080 4255 et
3126 4191 3384 4256 solitam
3429 4190 3909 4256 hebedientiam
3955 4191 4170 4257 facere
4214 4215 4314 4259 re-

680 4297 933 4364 cusavit
978 4303 1043 4361 et
1089 4317 1158 4360 se
1206 4302 1270 4360 et
1317 4295 1659 4383 hospitale,
1700 4297 1766 4360 in
1815 4318 1941 4383 quo
1989 4302 2131 4361 erat
2176 4318 2291 4383 pro
2340 4297 2614 4362 ecclesia
2660 4298 2869 4362 sancti
2917 4297 3252 4385 Stephani,
3284 4298 3409 4385 ipsi
3454 4298 3724 4363 ecclesie
3770 4299 4137 4386 denegavit.
4170 4300 4314 4375 Quo

680 4403 761 4468 ad
796 4403 1094 4469 notitiam
1139 4402 1373 4466 summi
1404 4409 1469 4467 et
1498 4403 1884 4468 universalis
1933 4404 2202 4468 ecclesie
2257 4404 2577 4491 pontificis
2609 4425 2685 4468 ac
2716 4426 2886 4491 pape
2917 4403 3253 4469 Anastasii
3282 4425 3399 4491 per
3429 4405 3703 4491 predicti
3736 4405 3991 4471 abbatis
4022 4408 4318 4473 nuntium

678 4518 1026 4598 pervento,
1073 4531 1191 4596 per
1236 4510 1595 4596 apostolica
1642 4511 1883 4597 scripta
1929 4532 2192 4575 causam
2237 4511 2406 4575 hanc
2454 4511 2745 4576 Gerardo
2794 4512 3174 4577 bononiensi
3220 4511 3523 4598 episcopo
3578 4513 4093 4598 cognoscendam
4151 4515 4314 4580 diffi-

678 4617 1111 4702 niendamque
1156 4615 1509 4680 mandavit.
1558 4616 1732 4681 Ante
1779 4618 1965 4702 cujus
2017 4618 2406 4704 presentiam
2454 4624 2639 4705 parte
2686 4625 2960 4704 utraque
3016 4625 3318 4705 presente
3381 4641 3528 4685 cum
3587 4620 3721 4684 suis
3780 4620 4205 4707 prudentibus
4251 4630 4316 4687 et

680 4724 1035 4807 advocatis,
1064 4723 1500 4808 interrogatus
1532 4723 1985 4809 Ildeprandus,
2015 4746 2133 4811 pro
2168 4747 2295 4811 quo
2327 4725 2683 4812 presideret
2715 4732 2781 4789 et
2815 4725 2880 4789 in
2910 4725 3231 4811 hospitale
3263 4734 3453 4811 esset,
3483 4748 3612 4793 non
3643 4728 3994 4814 respondit.
4022 4728 4321 4804 Quadam

680 4838 898 4897 autem
943 4831 1084 4895 vice
1133 4829 1317 4912 dixit,
1367 4852 1435 4895 se
1482 4852 1599 4923 pro
1647 4831 1830 4896 laicis
1877 4840 1942 4895 et
1989 4833 2364 4918 parentibus
2411 4833 2544 4897 suis
2590 4833 2922 4897 interesse.
2973 4833 3266 4899 Tandem
3314 4835 3565 4918 dicens,
3613 4856 3683 4899 se
3738 4835 4149 4901 multitudine
4196 4836 4317 4901 cir-

681 4938 1139 5004 cumstantium
1185 4944 1250 5002 et
1299 4937 1701 5003 audientium
1748 4939 1885 5003 solo
1932 4939 2075 5003 visu
2131 4946 2476 5025 gravatum
2537 4940 2894 5027 appellavit
2954 4962 3151 5026 quam
3212 4949 3438 5028 postea
3502 4941 3831 5007 refutavit.
3878 4942 4105 5007 Abbas
4160 4965 4316 5009 vero

680 5046 1185 5133 appellationem
1230 5045 1513 5132 suscepit
1558 5052 1623 5110 et
1670 5046 2124 5132 appellationis
2156 5067 2420 5111 causam
2466 5068 2583 5133 per
2630 5069 2819 5113 suum
2868 5048 3164 5112 nuntium
3210 5048 3470 5114 domino
3515 5048 3893 5135 Apostolico
3942 5049 4316 5115 notificavit.

640 5184 647 5195 ·
681 5152 999 5217 Dominus
1047 5151 1308 5238 quidem
1353 5152 1768 5239 Apostolicus
1801 5153 2046 5239 absque
2079 5154 2213 5219 ullo
2261 5155 2713 5241 appellationis
2763 5154 3167 5241 subterfugio
3215 5176 3479 5220 causam
3525 5156 3757 5220 iterum
3804 5156 4319 5243 cognoscendam

681 5260 953 5325 domino
973 5259 1367 5346 Ildeprando
1398 5259 1692 5324 Diacono
1728 5259 2061 5324 Cardinali
2093 5261 2300 5325 sancti
2339 5261 2703 5345 Eustach[ii
2738 5262 3113 5348 dele]gavit,
3161 5263 3349 5348 eique
3395 5262 3688 5328 eamdem
3734 5284 3998 5328 causam
4044 5264 4316 5330 diffinire

685 5367 1026 5452 injuncxit.
1076 5366 1282 5442 Quem
1333 5388 1478 5431 cum
1524 5388 1679 5453 sepe
1728 5374 2022 5432 vocasset
2067 5374 2132 5432 et
2176 5376 2543 5455 presentem
2587 5370 2962 5453 monuisset,
3005 5377 3323 5456 quatenus
3370 5371 3817 5458 prenominato
3863 5372 4086 5436 abbati
4125 5373 4316 5456 justi·

680 5474 840 5538 tiam
885 5472 1132 5538 faceret
1176 5480 1243 5538 et
1289 5494 1508 5539 coram
1552 5494 1629 5538 eo
1673 5473 1910 5558 juditio
1973 5475 2261 5558 sisteret,
2308 5474 2740 5561 Ildeprandus
2803 5476 2913 5540 ille
2973 5497 3089 5563 per
3148 5477 3514 5542 evidentem
3577 5479 4038 5543 contumatiam
4096 5479 4317 5544 venire

681 5580 1085 5667 contempsit.
1134 5580 1232 5646 Eo
1280 5601 1435 5646 vero
1481 5581 1703 5646 venire
1750 5588 2090 5647 recusante
2155 5588 2221 5646 et
2268 5581 2576 5667 juditium
2620 5583 2946 5669 fugiente,
2991 5582 3252 5648 Abbate
3301 5590 3518 5649 autem
3564 5607 3712 5650 cum
3757 5585 3890 5649 suis
3935 5587 4207 5651 testibus
4251 5595 4319 5651 et

681 5688 1183 5774 allegationibus
1231 5688 1520 5753 cominus
1568 5688 1977 5772 consistente,
2011 5696 2075 5754 et
2121 5711 2305 5754 suam
2352 5690 2657 5777 consequi
2702 5690 3021 5755 rationem
3064 5697 3343 5778 petente,
3369 5692 3588 5757 taliter
3617 5700 4127 5780 prememoratus
4161 5693 4317 5759 Car·

683 5795 917 5860 dinalis
964 5817 1160 5881 super
1208 5817 1470 5860 causam
1517 5797 1996 5882 pronuntiavit:
2047 5796 2190 5883 Ego
2238 5797 2668 5884 Ildeprandus
2724 5798 3034 5864 diaconus
3080 5801 3428 5865 cardinalis
3490 5802 3699 5866 sancti
3742 5800 4079 5865 Eustachii
4122 5807 4189 5865 et
4233 5822 4320 5865 ex

679 5902 979 5988 delegato
1012 5902 1255 5968 domini
1286 5923 1453 5989 pape
1492 5901 1847 5988 Anastasii,
1882 5925 2095 5987 cause,
2131 5925 2254 5990 que
2304 5905 2577 5969 vertitur
2608 5906 2775 5970 inter
2807 5905 3134 5971 Abbatem
3175 5908 3382 5973 sancti
3415 5907 3730 5995 Stephani
3760 5915 3826 5972 et
3856 5907 4320 5972 Ildebrandum

679 6009 1010 6075 custodem
1055 6010 1393 6096 hospitalis
1442 6011 1649 6075 sancti
1696 6010 2010 6098 Stephani
2049 6010 2127 6075 de
2161 6011 2497 6086 Quaterna
2537 6013 2852 6098 cognitor,
2901 6035 3047 6077 cum
3093 6035 3245 6100 sepe
3292 6014 3650 6101 predictum
3697 6013 4160 6079 Ildebrandum
4207 6036 4319 6080 vo·

680 6117 963 6182 caverim
1025 6125 1090 6181 et
1150 6124 1517 6204 presentem
1564 6118 1952 6203 monuerim,
2003 6126 2321 6205 quatenus
2380 6120 2829 6207 prenominato
2874 6121 3122 6186 Abbati
3181 6122 3491 6187 iustitiam
3553 6122 3797 6187 faceret
3843 6128 3908 6187 et
3954 6143 4171 6187 coram
4217 6145 4319 6188 me

680 6223 906 6288 iuditio
954 6223 1246 6307 sisteret,
1295 6231 1361 6289 et
1406 6224 1545 6311 ipse
1592 6246 1709 6312 per
1764 6226 2226 6291 contumatiam
2288 6227 2654 6291 evidentem
2722 6228 2945 6292 venire
3005 6230 3494 6316 contempserit,
3551 6230 3897 6317 pronuntio
3959 6228 4320 6316 predictum

678 6330 1009 6395 Abbatem
1055 6331 1264 6395 sancti
1313 6330 1630 6418 Stephani
1690 6332 1756 6396 in
1819 6332 2292 6419 possessionem
2354 6333 2630 6420 predicti
2689 6334 3029 6421 hospitalis
3092 6335 3172 6400 de
3236 6336 3569 6411 Quaterna
3608 6343 3673 6401 et
3719 6357 3934 6400 rerum
3978 6336 4064 6400 ad
4108 6335 4322 6423 ipsum

678 6437 1000 6524 hospitale
1047 6438 1511 6524 pertinentium
1558 6438 1964 6524 mittendum,
1998 6440 2336 6527 ipsumque
2384 6440 2849 6506 Ildebrandum
2880 6442 2964 6505 ab
3012 6442 3566 6509 administratione
3614 6465 3866 6509 cessare
3914 6444 4124 6509 iubeo.
4174 6443 4323 6519 Qua
