5542 7775
1671 660 2132 710 SPECTANTIA
2190 660 2292 709 An
2348 660 2858 710 PROFESSORES
2914 659 3123 710 Jcms
3182 659 3448 708 civlms
4217 643 4358 712 111

730 812 997 877 ulterius
1046 814 1170 877 sibi
1217 835 1291 878 ac
1339 814 1535 878 statui
1584 821 1648 878 et
1695 815 1887 879 saluti
1934 815 2096 898 suis,
2145 815 2298 879 dum
2346 816 2502 900 ipsis
2549 837 2617 879 se
2667 814 2983 879 offerebat
3028 814 3355 878 facultatis
3403 814 3848 900 opportunitas
3895 814 4112 878 taliter
4156 816 4371 901 provi-

733 919 907 1001 dere,
955 920 1125 1005 quod
1176 928 1508 1007 tamquam
1556 921 1773 987 devoti
1818 922 1932 985 filii
1978 931 2241 1008 possent
2288 923 2355 986 in
2404 924 2548 986 sinu
2596 922 2762 986 dicte
2813 921 2997 985 Sedis
3047 922 3395 1007 quiescere,
3437 923 3705 1007 ejusque
3754 922 4033 1005 gratiam
4081 922 4370 986 obtinere

726 1048 842 1112 per
889 1027 1150 1092 easdem
1197 1029 1439 1111 literas,
1474 1029 1876 1115 predicentes
1909 1030 2151 1095 eisdem
2186 1031 2376 1116 quod,
2426 1031 2480 1093 si
2527 1029 2983 1095 monitionibus
3030 1037 3094 1093 et
3141 1028 3696 1092 exhortationibus
3746 1027 4116 1113 hujusmodi
4147 1029 4368 1115 utique

728 1134 1127 1200 charitativis
1192 1158 1266 1200 ac
1331 1137 1699 1201 salubribus
1763 1158 1991 1223 parere
2055 1160 2129 1202 ac
2195 1138 2641 1224 obtemperare
2687 1135 2964 1222 amplius
3012 1136 3356 1200 efficaciter
3417 1135 3784 1199 omitterent
3843 1134 3946 1199 vel
4002 1135 4366 1220 differrent,

727 1240 1132 1307 dissimulare
1180 1243 1284 1307 vel
1331 1265 1682 1329 prorogare
1729 1265 1858 1307 non
1908 1244 2399 1308 intendebamus
2446 1244 2716 1307 ulterius
2764 1242 2956 1328 quin,
3001 1250 3189 1328 prout
3236 1241 3537 1306 suaderet
3577 1242 3830 1325 justitia
3892 1250 3956 1305 et
4018 1242 4368 1328 expediens

727 1347 1114 1433 videremus,
1149 1372 1230 1415 ne
1277 1359 1605 1415 tantorum
1651 1360 1716 1416 et
1765 1360 1900 1415 tam
1946 1352 2413 1417 horrendorum
2456 1373 2838 1417 excessuum
2872 1351 3220 1415 enormitas
3253 1349 3730 1414 insuceedentia
3764 1357 4123 1436 temporum
4153 1353 4371 1416 secula

725 1455 863 1520 sine
907 1458 1155 1541 justitie
1203 1458 1448 1523 ultione
1496 1460 1821 1542 transiret,
1869 1482 2209 1546 processus
2257 1460 2507 1524 debitos
2554 1460 2933 1523 faceremus.
2982 1457 3068 1522 Et
3115 1458 3264 1521 licet
3313 1458 3603 1543 prefatus
3652 1457 4013 1522 Cardinalis
4060 1466 4212 1521 ωηο
4265 1480 4367 1522 ar·

727 1563 1194 1651 chiepiscopus,
1239 1567 1471 1630 iterato
1518 1566 1596 1630 de
1644 1567 1952 1631 mandato
2000 1573 2220 1631 nostro
2268 1589 2335 1630 se
2385 1567 2468 1630 ad
2530 1566 2858 1629 civitatem
2904 1564 3223 1651 prefatam
3282 1564 3707 1650 personaliter
3754 1564 4128 1629 contulisset
4174 1574 4238 1628 et
4284 1567 4366 1631 ad

730 1669 1167 1736 reducendum
1215 1695 1325 1738 eos
1382 1674 1465 1737 ad
1529 1673 1965 1738 obedientiam
2020 1682 2085 1737 et
2147 1673 2555 1739 devotionem
2601 1672 2890 1757 ejusdem
2937 1671 3226 1736 Ecclesie
3271 1671 3607 1757 propensis
3653 1671 3884 1756 studijs
3929 1672 4368 1758 multipliciter

723 1774 1104 1861 laborasset,
1139 1780 1293 1844 dicti
1339 1787 1555 1844 tamen
1588 1780 2034 1845 Bononienses
2082 1780 2451 1865 hujusmodi
2498 1779 2918 1861 inductiones,
2954 1778 3435 1842 exhortationes
3482 1784 3546 1841 et
3579 1778 3840 1859 monita,
3876 1777 4048 1841 elata
4081 1779 4365 1844 obstina-

724 1884 898 1949 tione
952 1893 1352 1971 spernentes,
1387 1888 1447 1951 οἰ
1494 1909 1721 1974 parere
1770 1896 1835 1952 et
1881 1888 2291 1973 acquiescere
2338 1887 2719 1968 noluerunt;
2768 1892 3032 1972 propter
3079 1884 3248 1969 quod
3295 1905 3432 1967 nos,
3482 1884 3592 1970 qui
3636 1884 3885 1970 prefate
3933 1906 4196 1949 romane
4241 1887 4365 1952 Ec·

725 1990 920 2056 clesie
970 1994 1131 2075 iura,
1167 1993 1642 2059 iurisdictiones
1682 2004 1745 2059 et
1778 1995 1949 2059 bona
2000 2004 2292 2059 tenemur
2341 2016 2423 2058 ex
2465 1994 2816 2080 apostolice
2849 1992 3175 2056 servitutis
3208 1991 3414 2055 officio
3447 1991 3805 2075 defensare,
3838 2001 4162 2056 tantorum
4195 2002 4364 2059 atro-

721 2098 981 2163 citatem
1031 2122 1417 2165 excessuum
1466 2102 1775 2166 adversus
1833 2102 2073 2166 dietam
2130 2102 2491 2166 Ecclesiam
2553 2108 2989 2187 patratorum,
3038 2120 3112 2163 ac
3176 2098 3528 2162 violentam
3589 2098 4014 2182 dejectionem
4073 2101 4364 2185 ejusdem

722 2204 959 2291 Legati
1006 2208 1084 2271 de
1135 2209 1396 2273 civitate
1444 2215 1664 2273 nostra
1711 2210 2093 2274 bononiensi
2128 2231 2203 2273 ac
2251 2210 2555 2273 comitatu
2607 2216 2671 2271 et
2710 2207 3003 2271 districtu
3043 2206 3347 2292 predictis
3393 2205 3475 2268 ad
3518 2227 3633 2269 nos
3665 2213 3728 2269 et
3761 2206 3999 2270 dictam
4031 2229 4366 2274 romanam

724 2312 1085 2379 Ecclesiam
1148 2317 1515 2381 immediate
1580 2338 1654 2382 ac
1707 2318 1899 2404 pleno
1942 2318 2089 2401 jure
2138 2317 2613 2403 spectantibus,
2662 2322 2734 2379 ut
2780 2314 3119 2400 prefertur,
3167 2334 3243 2376 ac
3303 2313 3497 2376 etiam
3559 2313 3937 2397 expulsione
3992 2315 4361 2381 officialium

725 2442 842 2505 pro
890 2422 1117 2487 eadem
1164 2423 1458 2489 Ecclesia
1506 2425 1571 2489 in
1624 2425 1905 2507 civitate,
1941 2424 2250 2489 comitatu
2298 2432 2363 2488 et
2409 2423 2701 2487 districtu
2750 2422 3052 2508 predictis
3099 2429 3249 2484 tunc
3292 2421 3796 2503 consistentium,
3831 2428 3894 2485 et
3926 2424 4366 2489 exercentium

723 2529 789 2592 in
840 2529 995 2615 ipsis
1046 2531 1254 2596 officia
1301 2533 1394 2595 eis
1442 2533 1783 2596 commissa
1830 2532 2088 2596 nomine
2136 2542 2200 2596 et
2246 2553 2363 2617 pro
2410 2538 2594 2617 parte
2640 2529 2931 2594 Ecclesie
2977 2534 3361 2609 memorate,
3412 2527 3860 2613 spollationem
3907 2551 4159 2615 quoque
4215 2553 4362 2617 pos-

717 2637 1045 2719 sessionis,
1081 2638 1185 2703 vel
1219 2639 1423 2724 quasi,
1459 2639 1618 2702 meri
1662 2661 1737 2704 ac
1786 2639 1959 2703 misti
2005 2639 2256 2725 imperii
2303 2647 2367 2703 et
2414 2637 2776 2702 omnimode
2817 2635 3281 2721 jurisdictionis
3329 2635 3627 2718 civitatis,
3661 2635 4021 2719 comitatus,
4055 2639 4361 2726 territorij

718 2752 782 2806 et
815 2743 1143 2809 districtus
1190 2745 1645 2832 predictorum,
1682 2746 1745 2809 in
1780 2768 1907 2832 qua
1941 2746 2149 2811 dictus
2180 2746 2489 2831 Legatus,
2525 2745 2779 2809 nomine
2822 2743 3113 2827 ejusdem
3145 2742 3453 2825 Ecclesie,
3486 2742 3726 2806 diutius
3759 2742 3970 2806 fuerat
4000 2745 4264 2829 pacifice
4297 2756 4361 2812 et

716 2851 952 2935 quiete,
1003 2860 1069 2915 et
1116 2860 1268 2917 tunc
1316 2853 1511 2917 etiam
1559 2854 2079 2947 existebat,·per
2126 2853 2332 2917 dictos
2380 2852 2825 2917 Bononienses
2872 2851 3207 2931 violenter,
3254 2857 3318 2913 et
3366 2850 3658 2935 nequiter
3703 2858 4126 2936 perpetratas,
4176 2875 4361 2918 occu·

718 2959 1046 3043 pationem
1094 2960 1290 3024 etiam
1337 2959 1653 3024 dictorum
1696 2961 2164 3045 jurisdictionis
2211 2968 2275 3024 et
2317 2960 2561 3045 jurium
2609 2959 2691 3023 ab
2724 2958 2967 3022 eisdem
3006 2956 3523 3021 Bononiensibus
3554 2964 3992 3042 presumptam
4025 2967 4090 3023 et
4123 2961 4361 3027 factam

724 3064 787 3127 in
837 3066 1117 3149 civitate,
1153 3067 1461 3131 comitatu
1508 3074 1573 3131 et
1620 3068 1916 3133 districtu
1964 3068 2274 3154 predictis
2322 3068 2384 3130 in
2434 3075 2723 3130 nostrum
2769 3074 2835 3130 et
2882 3064 3170 3149 ejusdem
3216 3063 3506 3128 Ecclesie
3552 3064 4000 3150 prejudicium,
4034 3066 4359 3152 damnum,

718 3172 1021 3257 injuriam
1070 3181 1134 3238 et
1183 3180 1622 3261 contemptum
1669 3176 1993 3240 sustinere
2040 3176 2343 3257 ulterius,
2393 3174 2577 3237 salva
2623 3173 3050 3255 conscientia,
3100 3178 3531 3257 nequeuntes,
3580 3192 3725 3234 cum
3789 3193 3914 3236 non
3971 3173 4196 3239 deceat
4244 3198 4359 3241 nos

711 3280 1031 3363 justitiam
1067 3289 1353 3345 nostram
1380 3288 1443 3345 et
1478 3282 1766 3347 Ecclesie
1802 3303 2043 3368 sponse
2077 3289 2293 3346 nostre
2327 3282 2679 3366 negligere,
2707 3281 2818 3366 qui
2850 3280 3011 3343 alios
3041 3279 3106 3341 in
3139 3299 3256 3342 sua
3282 3278 3534 3362 justitia
3567 3280 4002 3364 confovemus,
4029 3280 4359 3369 dictosque

718 3388 1000 3453 notorios
1049 3396 1113 3452 et
1160 3389 1554 3475 perniciosos
1603 3412 1910 3455 excessus
1958 3392 2096 3455 sine
2153 3390 2577 3475 castigatione
2636 3389 2855 3452 debita
2916 3387 3259 3474 preterire,
3309 3407 3388 3449 ne
3449 3407 3565 3472 per
3626 3387 4074 3473 impunitatem
4134 3412 4358 3456 eorum

714 3504 1029 3560 cresceret
1079 3497 1144 3560 in
1191 3497 1340 3581 alijs
1390 3497 1702 3562 adversus
1752 3498 2002 3562 dictam
2050 3498 2409 3563 Ecclesiam
2468 3496 2870 3561 detestabilis
2931 3494 3429 3581 presumptionis
3488 3484 3760 3559 audacia
3818 3517 3935 3582 per
3989 3499 4358 3584 exemplum

710 3602 890 3686 visa,
940 3603 1088 3668 licet
1138 3626 1222 3668 ex
1270 3604 1625 3669 abundanti
1673 3614 1736 3670 et
1784 3606 2159 3690 diligentius
2212 3605 2537 3670 recensita
2584 3604 3035 3668 informatione
3082 3622 3275 3688 super
3319 3602 3645 3687 premissis
3701 3603 3923 3666 habita
3969 3626 4085 3690 per
4129 3607 4357 3692 prede-

713 3731 1033 3774 cessorem
1080 3711 1397 3793 eumdem,
1432 3720 1493 3775 et
1544 3734 1738 3799 super
1786 3714 1869 3798 ijs
1924 3714 2220 3778 omnibus
2268 3721 2333 3777 et
2378 3712 2651 3798 singulis
2698 3732 2845 3775 cum
2874 3709 3213 3774 Fratribus
3248 3709 3483 3773 nostris
3522 3709 3984 3775 deliberatione
4016 3714 4357 3797 prehabita

711 3816 1029 3902 diligenti,
1063 3839 1207 3882 cum
1253 3828 1518 3907 propter
1564 3826 1934 3907 pretactam
1983 3821 2355 3886 eorumdem
2400 3818 2892 3884 bononiensium
2938 3817 3233 3881 sevitiam
3280 3816 3709 3901 manifestam,
3742 3824 3805 3880 et
3838 3818 4164 3883 faventem
4205 3828 4355 3888 tunc

711 3925 803 3988 eis
852 3926 1273 4011 quorumdam
1322 3928 1769 3993 indevotorum
1820 3929 2112 4014 ejusdem
2161 3929 2454 3993 Ecclesia
2502 3927 2839 4007 malitiam,
2873 3946 3212 4012 processus
3251 3931 3403 3988 tunc
3450 3931 3674 3988 contra
3707 3926 3878 4010 ipsos
3912 3926 4211 4011 habendi,
4246 3952 4355 3994 ve·

708 4032 1060 4097 risimiliter
1107 4034 1170 4097 in
1218 4033 1390 4098 dieta
1437 4035 1696 4100 civitate
1749 4036 2134 4101 bononiensi
2186 4037 2328 4100 fieri
2374 4057 2501 4100 non
2548 4040 2811 4121 possent
2851 4033 3072 4116 libere,
3106 4032 3242 4096 sive
3274 4039 3430 4114 tute,
3466 4039 3736 4117 cogente
3764 4034 4037 4118 justitia,
4071 4035 4150 4099 de
4186 4037 4353 4123 ipso·

711 4161 853 4203 rum
898 4140 1201 4204 Fratrum
1251 4142 1541 4224 consilio,
1588 4150 1898 4229 presente
1956 4142 2366 4208 multitudine
2414 4143 2673 4229 copiosa
2720 4140 3042 4222 fidelium,
3091 4139 3473 4204 auctoritate
3536 4139 3888 4225 apostolica
3934 4140 4353 4229 Potestatem,

715 4245 1161 4331 Capitaneum,
1209 4247 1624 4332 Barisellum,
1666 4250 1958 4333 Judiees,
2003 4250 2441 4332 Consiliarios,
2474 4249 2809 4330 Rectores,
2844 4246 3177 4329 Consules,
3209 4246 3529 4310 Antianos
3577 4253 3642 4309 et
3687 4247 4006 4332 quoslibet
4052 4251 4356 4316 officiales

707 4354 986 4417 civitatis
1043 4354 1333 4438 ejusdem
1397 4378 1800 4442 quocumque
1850 4359 2107 4422 nomine
2156 4365 2591 4440 censerentur,
2640 4356 2747 4420 vel
2792 4377 2908 4442 pro
2958 4355 3338 4420 officialibus
3385 4376 3453 4417 se
3500 4363 3826 4440 gerentes,
3876 4377 3992 4442 per
4038 4359 4356 4424 solemnes

705 4483 1042 4548 processus
1106 4470 1357 4527 nostros
1406 4464 1471 4527 in
1519 4466 1773 4550 scriptis
1822 4467 2126 4531 redactos
2175 4474 2239 4531 et
2285 4466 2541 4553 publice
2589 4474 2741 4530 tunc
2804 4464 3155 4551 perlectos,
3203 4464 3600 4546 monuimus,
3648 4465 4098 4550 requisivimus
4146 4479 4210 4532 et
4257 4476 4353 4533 at-

706 4575 881 4634 tente
928 4570 1168 4634 hortati
1214 4569 1451 4635 fuimus
1499 4572 1618 4636 sub
1668 4573 2100 4660 infrascriptis
2149 4575 2361 4660 penis3
2396 4573 2682 4638 districte
2730 4580 2883 4637 tunc
2930 4572 3310 4635 mandantes
3357 4571 3628 4653 eisdem,
3663 4580 3734 4635 ut
3779 4574 4180 4659 corporalem
4212 4599 4355 4663 pos-

705 4677 1056 4741 sessionem
1104 4677 1394 4762 ejusdem
1442 4679 1722 4745 civitatis
1772 4682 2187 4746 bononiensis
2227 4703 2346 4746 nec
2393 4703 2521 4746 non
2571 4680 2933 4762 comitatae,
2968 4679 3274 4764 territorij
3322 4687 3387 4743 et
3429 4678 3738 4762 distritus,
3773 4701 3848 4743 ac
3888 4682 4352 4765 jurisdictionis

706 4791 769 4846 et
810 4784 1055 4868 jurium
1114 4784 1549 4871 predictorum
1607 4788 1903 4873 plenam,
1956 4790 2228 4854 liberam
2277 4797 2340 4854 et
2389 4789 2760 4875 expeditam
2821 4809 2896 4852 ac
2944 4787 3312 4873 pacificam,
3361 4787 3527 4851 sicut
3595 4809 3737 4851 eam
3802 4790 4009 4862 tenuit
4062 4791 4352 4876 prefatus

705 4889 1107 4956 Bertrandus
1154 4893 1492 4978 episcopus
1541 4896 1840 4959 ostiensis
1888 4897 2144 4960 nomine
2191 4896 2481 4982 ejusdem
2528 4918 2792 4960 romane
2839 4895 3128 4960 Ecclesia
3177 4905 3326 4959 ante
3374 4895 3791 4981 irruptionem
3838 4905 3903 4961 et
3943 4899 4340 4965 obsidionem

703 4998 1025 5082 predictas
1074 5021 1218 5064 cum
1267 5001 1658 5084 quibuslibet
1705 5004 1852 5087 alijs
1900 5004 2084 5068 bonis
2132 5013 2196 5069 et
2235 5005 2520 5089 juribus,
2569 5026 2692 5090 que
2739 5004 2979 5068 dictam
3026 5002 3352 5068 civitatem
3399 5003 3877 5087 bononiensem,
3919 5007 4187 5094 ejusque
4235 5030 4339 5074 co-

704 5104 1035 5188 mitatum,
1084 5107 1476 5171 territorium
1523 5117 1587 5172 et
1637 5110 1997 5174 districtum
2047 5111 2528 5196 quomodolibet
2574 5112 2947 5196 contingere
3013 5119 3448 5194 noscerentur,
3495 5113 3973 5178 venerabilibus
4033 5116 4340 5180 fratribus

702 5213 935 5275 nostris
984 5213 1323 5277 florentino
1371 5222 1435 5279 et
1483 5215 1780 5280 imolensi
1829 5219 2148 5304 episcopis
2195 5227 2260 5284 et
2305 5218 2552 5284 delecto
2599 5219 2730 5282 filio
2779 5219 3012 5282 rectori
3059 5219 3387 5305 provincie
3433 5220 3880 5305 Romandiole,
3915 5223 4017 5286 vel
4066 5223 4337 5308 duobus,

703 5325 815 5382 aut
861 5319 974 5383 uni
1019 5341 1275 5404 eorum,
1324 5329 1436 5386 aut
1483 5322 1632 5406 alii,
1682 5324 1786 5388 vel
1834 5326 1981 5409 alijs
2039 5326 2122 5390 ad
2169 5327 2543 5390 mandatum
2590 5326 2875 5413 ipsorum
2922 5333 2986 5389 et
3034 5326 3378 5411 cujuslibet
3425 5328 3816 5411 eorumdem,
3860 5332 4177 5395 revocatis
4223 5354 4339 5419 per

701 5425 943 5490 dietum
992 5427 1345 5493 Commune
1393 5451 1698 5516 expresse
1746 5441 1810 5497 et
1860 5434 2090 5496 amotis
2139 5434 2433 5498 omnibus
2481 5433 2932 5498 exercentibus
2979 5435 3045 5496 in
3093 5434 3264 5497 dicta
3311 5435 3591 5517 civitate,
3639 5437 3966 5519 comitatu,
4015 5438 4337 5504 territorio

700 5539 763 5595 et
810 5531 1106 5598 districtu
1153 5536 1378 5621 quevis
1425 5537 1671 5621 officia,
1719 5560 1835 5625 per
1881 5561 2040 5624 quos
2088 5541 2557 5625 possessionem
2602 5540 2979 5627 predictam,
3027 5540 3131 5604 vel
3181 5542 3385 5627 quasi,
3447 5541 3774 5606 faciebant
3818 5543 4120 5628 detineri,
4170 5547 4338 5611 infra

700 5638 973 5704 duorum
1022 5642 1339 5707 mensium
1387 5665 1471 5708 ex
1518 5652 1669 5710 tunc
1718 5648 2296 5733 computandorum
2343 5649 2642 5734 spatium,
2678 5648 2848 5734 quod
2881 5649 2973 5712 eis
3021 5670 3136 5735 pro
3183 5650 3613 5735 peremptorio
3661 5651 3933 5715 termino
3981 5654 4337 5738 assignavi·

699 5767 861 5829 inus,
896 5748 1310 5814 restituerent
1357 5760 1421 5815 et
1469 5752 1878 5838 assignarent
1928 5755 2293 5838 efficaciter,
2328 5756 2584 5820 nomine
2633 5763 2851 5820 nostro
2899 5764 2964 5820 et
3009 5756 3298 5840 ejusdem
3346 5778 3608 5821 romane
3639 5757 3928 5823 Ecclesie
3961 5761 4241 5824 tenenda
4273 5773 4336 5825 et

698 5854 1106 5939 possidenda,
1155 5865 1219 5921 et
1265 5857 1332 5920 in
1380 5880 1542 5944 paee
1591 5859 2005 5944 dimitterent,
2057 5884 2133 5927 ac
2181 5863 2597 5928 nihilominus
2644 5863 3036 5949 quibuslibet
3084 5865 3631 5950 occupationibus,
3672 5866 3944 5950 injuriis,
3990 5867 4334 5953 violentijs,

700 5966 894 6044 atque
942 5962 1193 6028 damnis
1238 5966 1472 6036 nostris
1522 5975 1585 6032 et
1635 5969 1927 6053 ejusdem
1974 5992 2238 6034 romane
2285 5970 2573 6035 Ecclesie
2621 5972 3021 6035 abstinerent
3066 5977 3132 6035 et
3178 5978 3503 6035 cessarent
3536 5974 3815 6056 omnino,
3851 5974 4095 6037 nullam
4144 5997 4337 6061 super

699 6066 827 6131 illis
875 6069 1058 6134 nobis
1106 6079 1171 6136 et
1218 6074 1428 6137 eidem
1473 6074 1764 6141 Ecclesie
1825 6099 1901 6141 ac
1964 6079 2232 6164 prefatis
2290 6080 2628 6143 florentino
2676 6088 2740 6143 et
2789 6080 3082 6144 imolensi
3147 6081 3499 6166 episeopis,
3550 6102 3624 6144 ac
3673 6082 3940 6165 rectori,
3988 6083 4092 6147 vel
4141 6083 4336 6147 alicui

696 6176 1090 6261 eorumdem,
1132 6180 1237 6244 vel
1285 6181 1609 6268 deputatis
1658 6185 1740 6248 ab
1788 6185 1881 6249 eis
1928 6186 2156 6250 eodem
2203 6186 2459 6252 nomine
2507 6194 2726 6251 nostro
2775 6194 2840 6251 et
2893 6187 3182 6272 ejusdem
3231 6209 3493 6252 romane
3541 6188 3830 6253 Ecclesie
3877 6189 4334 6277 recipientibus

696 6289 758 6345 ct
794 6285 1181 6370 tenentibus,
1216 6288 1575 6354 molestiam
1610 6290 1887 6374 illaturi3
1925 6294 2275 6378 quinimmo
2317 6296 2808 6381 possessionem,
2835 6297 2940 6361 vel
2973 6298 3177 6383 quasi,
3205 6300 3503 6381 civitatiS,
3533 6300 3893 6381 comitatus,
3928 6301 4234 6384 territorij
4268 6308 4331 6364 et

696 6389 1043 6476 districtus,
1077 6416 1191 6459 nec
1241 6418 1370 6461 non
1411 6397 1876 6482 jurisdictionis
1924 6409 1989 6465 et
2029 6402 2272 6485 jurium
2320 6402 2775 6489 predictorum,
2809 6405 3024 6469 claves
3059 6427 3312 6491 quoque
3345 6415 3677 6492 portarum
3710 6407 3987 6471 civitatis
4021 6407 4344 6491 ejusdem,

695 6500 983 6585 quolibet
1028 6501 1486 6588 impedimento
1533 6505 1811 6590 sublato,
1845 6508 2107 6573 eosdem
2148 6510 2559 6575 florentinum
2604 6520 2668 6576 et
2717 6512 3090 6577 imolensem
3137 6514 3471 6600 episcopos
3511 6523 3573 6579 et
3609 6523 3940 6597 rectorem,
3975 6515 4077 6578 vel
4112 6535 4331 6600 quem-
