5542 7775
1572 665 2037 717 SPEOTANTIA
2094 668 2196 717 AD
2252 667 2763 718 Pnornssonns
2820 669 3031 719 sums
3088 668 3441 719 cxxomm
4170 653 4317 725 163

690 823 755 881 et
799 818 1120 883 modicam
1164 819 1434 906 habeat,
1482 842 1597 886 vos
1645 821 1706 885 ei
1754 821 1820 884 in
1866 821 2102 887 scholis
2145 823 2282 907 jam
2328 843 2444 908 per
2486 822 2833 887 triennium
2880 830 2944 888 et
2990 844 3067 888 eo
3115 824 3390 910 amplius
3440 825 3895 908 commoranti,
3943 833 4196 912 partem
4241 827 4321 893 de

688 926 1073 1009 communia,
1123 948 1246 1013 que
1294 949 1498 1015 parva
1545 928 1798 1011 dicitur,
1833 929 1994 993 duas
2042 929 2286 994 scilicet
2332 951 2583 994 marcas
2631 938 2696 994 et
2743 929 3077 994 dimidium
3126 930 3209 994 ad
3257 930 3466 995 minus
3515 932 3700 996 annis
3747 932 4018 1017 singulis
4065 934 4320 999 subtra-

686 1032 895 1116 xistis,
929 1054 1048 1099 nec
1091 1034 1300 1120 ipsam
1346 1035 1408 1099 ei
1453 1036 1671 1123 sepius
1717 1057 1835 1122 per
1880 1035 2065 1101 illum
2111 1044 2176 1101 et
2222 1038 2461 1102 amicos
2508 1059 2658 1101 suos
2706 1038 2942 1102 exinde
2990 1038 3300 1123 requisiti,
3334 1038 3603 1104 reddere
3651 1039 3975 1123 voluistis3
4021 1040 4174 1106 licet
4204 1063 4321 1108 vos

687 1138 813 1225 ipsi
859 1140 1123 1205 obtentu
1172 1141 1575 1208 discretionis
1623 1149 1688 1207 et
1732 1143 2090 1208 honestatis
2137 1165 2251 1208 sue
2298 1144 2377 1208 de
2424 1152 2661 1227 vestro,
2694 1144 2933 1209 nedum
2980 1144 3060 1209 de
3103 1166 3240 1227 suo,
3274 1144 3595 1210 deberetis
3635 1148 3917 1212 maxime
3950 1146 4102 1212 dum
4135 1149 4318 1214 scho-

686 1247 930 1312 lasticis
978 1247 1332 1335 disciplinis
1381 1249 1675 1333 intendit,
1709 1271 1827 1314 nec
1874 1250 2147 1313 multum
2196 1250 2500 1333 abundet,
2533 1273 2663 1316 non
2709 1253 2911 1316 semel
2943 1252 3056 1316 sed
3089 1252 3304 1339 sepius
3337 1252 3692 1318 liberaliter
3730 1256 4114 1339 contulisse3
4149 1257 4320 1321 unde

686 1356 991 1440 quoniam
1038 1356 1389 1422 commodis
1436 1363 1502 1421 et
1548 1358 1958 1423 incrementis
1991 1358 2132 1443 ejus
2166 1366 2345 1422 tanto
2378 1359 2760 1445 propensius
2792 1360 3112 1441 volumus,
3145 1358 3311 1424 sicut
3342 1366 3655 1443 tenemur,
3688 1361 4042 1445 intendere,
4078 1370 4320 1448 quanto

684 1461 795 1526 ille
842 1462 1175 1527 literarum
1223 1463 1452 1528 studiis
1501 1471 1566 1528 et
1613 1464 1776 1529 alios
1823 1465 1994 1528 ultra
2039 1466 2210 1530 vires
2259 1473 2324 1529 ct
2369 1465 2713 1530 facultates
2760 1487 2911 1530 suas
2959 1465 3245 1530 noscitur
3292 1466 3645 1531 ferventius
3697 1468 4020 1554 aspirare3
4063 1470 4319 1534 univer-

686 1569 863 1633 sitati
906 1575 1120 1634 vestre
1168 1591 1286 1658 per
1322 1572 1688 1658 xapostolica
1734 1572 1975 1658 scripta
2021 1572 2402 1636 mandamus
2451 1580 2644 1658 atque
2693 1573 3115 1659 precipimus,
3166 1579 3482 1659 quatenus
3531 1596 3609 1638 ea
3655 1595 3779 1661 que
3835 1583 4187 1641 memorato
4235 1576 4318 1642 D.

688 1676 767 1741 de
813 1677 1171 1764 prescripta
1219 1679 1607 1762 communia,
1654 1700 1739 1743 ex
1786 1700 1911 1765 quo
1958 1679 2080 1743 hac
2128 1679 2409 1744 secunda
2456 1680 2594 1745 vice
2642 1680 2935 1745 Bononie
2984 1680 3383 1745 scholasticis
3431 1681 3786 1768 disciplinis
3833 1683 4126 1766 intendit,
4169 1685 4321 1749 sub·

685 1784 961 1848 traxisse
1010 1784 1366 1868 noscimini,
1416 1786 1647 1869 eidem,
1696 1786 1803 1851 vel
1851 1786 1964 1871 alij
2012 1787 2268 1851 nomine
2318 1808 2455 1869 su0,
2506 1788 2609 1851 cui
2653 1787 2792 1874 ipse
2839 1787 3264 1870 mandaverit,
3314 1788 3487 1852 omni
3535 1809 3743 1871 mora,
3793 1791 4209 1856 excusatione
4256 1800 4321 1856 et

687 1891 1126 1978 appellatione
1192 1900 1520 1975 cessante,
1569 1894 1891 1978 reddatis3
1940 1900 2005 1958 et
2067 1894 2239 1980 quod
2300 1916 2445 1958 cum
2507 1894 2586 1959 de
2648 1902 2862 1960 cetero
2926 1895 3289 1979 continget,
3337 1894 3489 1982 ipsi,
3538 1895 3642 1960 vel
3688 1897 3802 1981 alij
3864 1898 4119 1962 nomine
4183 1920 4320 1981 su0,

686 1998 930 2085 absque
978 1998 1403 2064 diminutione
1450 2000 1739 2083 solvatis,
1774 2008 1839 2064 et
1886 2001 1976 2065 ita
2024 2001 2259 2066 nostris
2310 2001 2375 2065 in
2421 2002 2544 2066 hac
2589 2010 2773 2088 parte
2823 2001 3142 2066 mandatis
3191 2008 3384 2088 atque
3424 2004 3744 2089 preceptis
3778 2003 4029 2069 deferre
4062 2006 4320 2089 curetis,

685 2106 856 2191 quod
903 2105 1249 2171 adversum
1296 2128 1411 2173 vos
1461 2129 1590 2173 non
1637 2108 1986 2173 debeamus
2033 2110 2264 2175 merito
2327 2110 2756 2193 commoveri,
2809 2132 2924 2174 nec
2984 2117 3249 2197 propter
3307 2111 3430 2175 hoc
3492 2111 3993 2177 inobedientiam
4039 2121 4322 2178 vestram

684 2214 935 2299 punire,
982 2213 1098 2279 sed
1143 2214 1357 2300 potius
1406 2215 1842 2280 obedientiam
1887 2217 2357 2282 commendare.
2409 2216 2479 2281 Si
2524 2217 2716 2300 enim,
2765 2218 2932 2281 sicut
2978 2218 3328 2304 aliquando
3376 2219 3826 2303 consuevistis,
3874 2221 4059 2286 nobis
4108 2222 4173 2285 in
4219 2222 4320 2286 his

682 2322 1204 2408 presumpseritis
1252 2322 1539 2406 obviare,
1588 2345 1704 2410 pro
1753 2331 1926 2389 certo
1977 2324 2193 2389 sciatis
2242 2324 2412 2410 quod
2461 2347 2576 2390 nos
2623 2324 2688 2389 id
2736 2326 3162 2390 incorrectum
3210 2333 3274 2390 et
3316 2326 3700 2412 impunitum
3732 2328 4100 2392 nullatenus
4135 2329 4320 2393 omit-

684 2436 913 2511 temus,
963 2450 1109 2493 cum
1155 2429 1339 2495 vobis
1386 2453 1504 2517 pro
1566 2438 1750 2495 tanta
1814 2430 2089 2495 honesta
2154 2452 2350 2496 causa
2413 2439 2478 2495 et
2538 2454 2656 2519 pro
2718 2433 2858 2497 viro
2923 2439 3054 2496 tam
3119 2432 3347 2498 idoneo
3412 2435 3652 2520 scripta
3712 2442 3932 2499 nostra
3993 2437 4322 2500 mittamus

2441 2752 2560 2817 VI.

2287 2967 2482 3031 Anno
2532 2968 2724 3032 1163.

1804 3179 1911 3244 Ex
1958 3180 2185 3246 eodem
2234 3188 2430 3263 tomo,
2480 3183 2599 3247 doc
2647 3182 2777 3267 II.,
2826 3206 2878 3248 c.
2926 3183 3100 3249 XIII
3149 3207 3199 3249 r.

857 3394 1237 3459 Alexander
1281 3415 1454 3481 papa
1500 3394 1735 3461 111.(1)
1784 3395 2018 3459 illustri
2064 3396 2431 3481 Anglorum
2476 3398 2637 3483 regi.

862 3501 1043 3566 Inter
1091 3509 1339 3566 ceteros
1395 3501 1874 3587 magnificentie
1938 3509 2047 3567 tue
2110 3504 2378 3569 nuncios
2440 3505 2550 3590 qui
2613 3505 2697 3569 ad
2750 3512 3037 3570 nostram
3097 3506 3491 3593 presentiam
3552 3512 3996 3588 accesserunt,
4046 3505 4318 3570 dilectus

682 3609 851 3673 filius
898 3616 1118 3674 noster
1164 3608 1475 3693 magister
1517 3608 1600 3673 D.
1649 3609 2049 3674 scholasticis
2097 3610 2453 3696 disciplinis
2501 3617 2566 3676 et
2612 3612 2861 3695 studiis,
2912 3613 3144 3699 quibus
3190 3612 3483 3677 Bononie
3529 3613 3839 3695 vacabat,
3888 3613 4159 3695 relictis,
4207 3634 4318 3676 no-

682 3723 815 3783 stro
863 3738 932 3782 se
981 3717 1354 3803 conspectui
1414 3718 1834 3803 presentavit.
1880 3717 1968 3781 Et
2029 3717 2112 3781 ad
2172 3719 2612 3804 promovenda
2659 3721 2921 3805 negotia
2969 3727 3083 3784 tua
3146 3720 3309 3786 sicut
3368 3720 3468 3784 vir
3523 3721 3852 3803 literatus,
3899 3720 4207 3807 providus
4253 3727 4317 3785 et

683 3825 1031 3908 discretus,
1081 3823 1365 3889 studium
1414 3831 1480 3889 et
1526 3846 1791 3912 operam
1837 3832 2145 3912 quantam
2194 3826 2400 3913 potuit
2446 3826 2754 3893 adhibere
2802 3829 3088 3912 curavit,
3138 3835 3202 3893 et
3248 3850 3316 3894 se
3363 3828 3746 3893 excellentie
3794 3836 3902 3893 tue
3948 3828 4207 3894 fidelem
4252 3829 4318 3893 in

683 3933 980 3999 omnibus
1024 3939 1089 3997 et
1135 3932 1441 3997 devotum
1487 3934 1766 3998 existere
1815 3934 2006 3998 certis
2049 3934 2308 4019 judiciis
2357 3935 2820 4021 comprobavit.
2867 3937 3002 4001 Nos
3051 3944 3302 4020 autem,
3353 3936 3462 4022 qui
3522 3937 3678 4000 viris
3742 3937 4192 4002 ecclesiasticis
4254 3944 4320 4002 et

681 4041 809 4105 illis
856 4041 1174 4122 maxime,
1224 4040 1334 4125 qui
1397 4041 1566 4104 inter
1627 4047 1876 4104 ceteros
1936 4040 2309 4124 literatura,
2356 4042 2694 4107 honestate
2742 4050 2807 4107 et
2852 4043 3235 4109 discretione
3282 4045 3687 4131 prefulgent,
3738 4066 3820 4109 ex
3869 4044 4072 4109 nostri
4128 4044 4317 4109 officii

683 4148 900 4213 debito
949 4147 1293 4212 subvenire
1341 4147 1671 4231 debemus,
1706 4155 1771 4211 et
1817 4170 2040 4212 eorum
2088 4149 2438 4214 commodis
2480 4171 2633 4214 cura
2664 4151 3069 4237 propensiori
3102 4152 3456 4236 intendere,
3485 4154 3624 4237 jam
3655 4152 3809 4216 dicti
3841 4151 3924 4215 D.
3958 4152 4314 4234 scientiam,

683 4261 1040 4341 egestatem
1085 4261 1150 4319 et
1197 4254 1609 4341 prudentiam
1656 4255 1737 4319 ad
1787 4255 2073 4319 animum
2120 4257 2392 4322 sollicite
2440 4267 2840 4342 revocantes,
2876 4259 3085 4346 ipsum
3125 4260 3559 4324 munificentie
3600 4267 3708 4324 tue
3742 4259 4043 4323 duximus
4075 4259 4316 4323 studio-

682 4364 814 4428 sius
862 4361 1463 4428 commendandum.
1512 4362 1699 4427 Licet
1745 4363 1919 4427 enim
1965 4384 2080 4428 nos
2126 4386 2244 4450 pro
2293 4386 2368 4430 eo
2419 4373 2531 4430 tua
2579 4366 2921 4430 clementia
2969 4366 3316 4431 sollicitare
3363 4367 3661 4449 deberet,
3712 4367 3862 4452 quia
3907 4376 4124 4430 tamen
4171 4388 4317 4452 per·

681 4492 906 4537 sonam
976 4471 1154 4554 ejus,
1204 4475 1445 4533 statum
1508 4491 1763 4556 quoque
1830 4478 1895 4535 et
1958 4471 2335 4536 facultatem
2398 4474 2599 4559 ipsius
2662 4473 2916 4560 plenius
2963 4475 3291 4558 novimus,
3343 4483 3521 4539 tuam
3567 4496 3683 4562 pro
3731 4496 3807 4539 eo
3856 4474 4317 4538 sublimitatem

682 4578 917 4644 nostris
962 4577 1263 4663 precibus
1312 4577 1745 4663 prevenimus.
1794 4577 1985 4642 Unde
2034 4580 2338 4664 quoniam
2388 4581 2453 4644 in
2502 4602 2701 4666 regno
2749 4589 2890 4664 tuo,
2941 4582 3020 4645 de
3068 4603 3193 4667 quo
3242 4583 3457 4647 extitit
3504 4582 3848 4664 oriundus,
3900 4582 4133 4645 natalis
4196 4581 4318 4644 soli

683 4684 1019 4751 dulcedine
1069 4691 1318 4771 captuS,
1366 4685 1580 4771 potius
1628 4707 1823 4772 quam
1872 4687 1938 4750 in
1987 4696 2213 4752 extera
2261 4688 2524 4774 regione
2573 4689 2898 4753 desiderat
2957 4711 3375 4776 permanere,
3426 4712 3540 4755 nos
3588 4690 3683 4754 illi
3732 4691 3796 4754 in
3843 4690 4068 4784 eodem
4115 4711 4317 4773 regno

681 4792 1048 4858 curavimus
1093 4792 1461 4878 providere.
1511 4792 1863 4857 Credentes
1910 4794 2228 4880 siquidem
2277 4803 2342 4859 et
2388 4804 2722 4881 sperantes
2772 4797 2943 4882 quod
3005 4798 3437 4861 munificentie
3483 4806 3593 4863 tue
3641 4819 3767 4861 non
3815 4796 4316 4882 debeat-displi-

686 4921 869 4983 cere,
918 4900 975 4964 si
1022 4900 1163 4984 ejus
1210 4899 1581 4965 necessitati
1624 4920 1742 4987 pro
1790 4901 2112 4966 commissi
2160 4903 2343 4967 nobis
2390 4903 2730 4989 ministerij
2783 4905 3166 4969 auctoritate
3229 4906 3726 4992 proxpeximus,
3775 4905 3983 4969 eidem
4046 4903 4320 4990 primam

686 5007 1103 5094 prebendam,
1139 5027 1333 5092 quam
1380 5007 1446 5071 in
1491 5006 1787 5072 Ecclesia
1833 5008 2238 5074 lincolniensi
2270 5031 2503 5075 vacare
2537 5012 2901 5096 contigerit,
2935 5012 3043 5098 pia
3076 5012 3459 5077 discretione
3492 5013 3943 5095 concessimus,
3978 5010 4317 5097 presertim

686 5136 832 5180 cum
879 5136 1026 5178 eum
1073 5134 1203 5178 non
1249 5113 1460 5178 solum
1506 5115 1889 5179 canonicatu
1934 5115 2049 5180 sed
2097 5123 2161 5180 et
2208 5118 2583 5204 episcopatu
2629 5116 2899 5202 dignum
2944 5140 3085 5183 esse
3141 5119 3512 5202 credamus,
3560 5126 3626 5183 et
3672 5118 3753 5182 ad
3801 5119 3956 5201 hec,
4006 5124 4318 5205 quantum

686 5243 804 5287 nos
851 5221 1395 5307 comprehendere
1441 5222 1787 5308 potuimus,
1820 5222 2122 5288 idoneum
2165 5225 2549 5308 judicemus.
2592 5225 2753 5290 Cum
2801 5226 2974 5291 enim
3018 5226 3314 5291 Ecclesia
3354 5227 3494 5311 jam
3542 5226 3714 5290 dicta
3759 5228 4020 5313 proprio
4067 5227 4150 5290 sit
4194 5225 4317 5289 hoc

686 5337 974 5417 tempore
1024 5328 1332 5393 destituta
1378 5337 1676 5416 pastore,
1719 5331 1913 5415 juxta
1960 5331 2165 5396 nostri
2229 5332 2419 5397 officii
2466 5335 2918 5399 auctoritatem
2964 5335 3138 5399 vices
3187 5335 3470 5421 episcopi
3517 5335 3583 5398 in
3631 5356 3729 5418 ea,
3770 5335 3849 5399 de
3896 5336 4077 5420 regia
4123 5335 4317 5399 devo-

684 5438 859 5502 tione
893 5457 968 5501 ac
1001 5436 1369 5501 sinceritate
1402 5437 1645 5520 confisi,
1680 5437 2142 5524 supplevimus,
2177 5448 2241 5504 et
2273 5448 2696 5505 memoratum
2743 5441 2827 5506 D.
2861 5441 2940 5506 de
2980 5442 3188 5528 prima
3219 5442 3569 5528 prebenda,
3605 5462 3729 5527 que
3770 5442 4006 5507 ibidem
4038 5442 4316 5527 vacabit,

687 5544 1067 5610 canonicum
1112 5543 1505 5609 instituimus
1550 5566 1631 5609 ne
1678 5544 1866 5628 forte,
1916 5546 2135 5632 aliquo
2182 5568 2334 5611 casu
2383 5548 2873 5633 interveniente,
2908 5556 3125 5615 nostre
3165 5550 3548 5636 provisionis
3581 5549 3999 5636 impediretur
4029 5549 4316 5633 effectus,

686 5657 751 5716 et
798 5651 967 5716 idem
1014 5650 1380 5717 desiderato
1427 5652 1637 5738 gratie
1683 5659 1794 5718 tue
1849 5675 2115 5719 munere
2177 5655 2616 5722 frustraretur.
2664 5656 2771 5721 Ad
2837 5657 3013 5743 regie
3076 5656 3393 5743 siquidem
3454 5657 3930 5742 magnificentie
3991 5658 4318 5722 cumulum

686 5780 816 5824 non
863 5765 960 5823 est
1006 5757 1275 5822 dubium
1319 5760 1645 5845 pertinere
1693 5761 1867 5826 viros
1916 5762 2253 5827 literatura
2300 5770 2365 5828 et
2408 5764 2747 5828 honestate
2793 5764 3188 5852 perspicuos,
3228 5772 3293 5829 et
3346 5785 3456 5828 eos
3502 5765 3784 5828 maxime
3833 5764 3942 5850 qui
3989 5765 4069 5830 de
4119 5787 4317 5850 regno

686 5873 798 5931 tuo
846 5864 1103 5930 oriundi
1146 5866 1452 5949 existunt,
1489 5867 1578 5931 ita
1624 5868 1953 5934 beneficiis
2000 5876 2066 5933 et
2112 5870 2255 5933 aliis
2302 5871 2512 5956 gratie
2560 5871 2933 5936 muneribus
2981 5873 3281 5954 retinere,
3317 5893 3396 5935 ne
3441 5873 3843 5958 paupertatis
3882 5872 4216 5937 occasione
4250 5895 4319 5937 se

686 5972 770 6037 ad
820 5979 1192 6038 exterorum
1237 5993 1442 6058 regna
1489 5981 1806 6059 cogantur
1852 5976 2225 6041 transferre.
2275 5977 2437 6041 Inde
2484 5977 2802 6064 siquidem
2849 5986 2948 6043 est
2997 5978 3168 6064 quod
3213 5980 3627 6043 serenitatem
3674 5985 3853 6042 tuam
3898 6001 4016 6065 per
4062 5987 4317 6066 aposto-

685 6080 813 6144 lica
859 6080 1101 6167 scripta
1150 6101 1475 6166 rogamus,
1523 6103 1858 6146 monemus
1906 6091 1971 6147 et
2016 6083 2437 6149 exhortamur
2482 6086 2549 6149 in
2595 6085 2913 6169 Domino,
2962 6094 3035 6150 ut
3095 6086 3266 6172 quod
3327 6107 3367 6150 a
3428 6086 3613 6151 nobis
3669 6107 3862 6172 super
3907 6086 4030 6151 hoc
4078 6087 4321 6151 factum

689 6194 806 6271 est,
843 6195 1158 6274 quantum
1204 6189 1288 6253 ad
1334 6197 1515 6254 tuam
1563 6190 2005 6256 celsitudinem
2056 6200 2324 6278 spectat,
2359 6199 2572 6257 ratum
2619 6194 2781 6258 velis
2828 6200 2893 6259 et
2939 6195 3191 6258 firmum
3237 6193 3466 6259 haberi
3512 6200 3576 6258 et
3621 6194 3713 6258 ita
3744 6195 4109 6259 executioni
4141 6216 4320 6259 man-

686 6295 848 6378 dari,
882 6303 954 6361 ut
1000 6296 1170 6361 idem
1215 6297 1301 6361 ab
1350 6298 1567 6384 aliquo
1615 6299 1933 6364 malitiose
1980 6300 2229 6364 turbari
2277 6321 2687 6386 nequaquam
2733 6302 3073 6385 sustineas,
3106 6323 3223 6366 nec
3272 6302 3605 6367 occasione
3639 6302 4002 6366 donationis
4036 6303 4138 6366 vel
4171 6324 4317 6388 pro-

847 6528 925 6594 (1)
963 6527 1048 6579 Ex
1084 6529 1203 6581 cod.
1241 6529 1405 6582 vatic.
1440 6546 1493 6581 n.
1534 6532 1691 6598 6024,
1732 6530 1831 6583 fol.
1871 6533 1988 6584 152.
