5542 7775
2176 670 2556 721 APPENDIX
2607 670 2918 720 ALTERA

842 824 998 911 Cap.
1033 824 1184 888 XX.
1234 823 1334 889 De
1381 823 1665 887 adventu
1709 823 2092 909 Radalgasii
2138 824 2483 910 gothorum
2591 893 2601 902 ‚

715 933 888 1018 regis
936 934 1001 997 in
1048 933 1330 1014 Italiam,
1363 940 1429 996 et
1473 931 1792 1017 quomodo
1840 938 2180 1018 superatus
2222 938 2483 996 6111161·-

715 1047 865 1104 tuus
907 1048 1023 1123 est,
1058 1049 1122 1106 et
1153 1043 1295 1125 ejus
1329 1040 1817 1105 innumerabilis
1849 1039 2172 1104 exercitus
2204 1040 2269 1102 in
2302 1060 2482 1103 mon-

713 1149 887 1213 tibus
933 1149 1245 1214 fesulanis
1293 1148 1464 1213 fame
1512 1149 1835 1213 extinctus
1880 1154 1997 1212 est.

842 1257 998 1343 Cap.
1033 1256 1221 1320 XXI.
1256 1255 1357 1319 De
1404 1256 1602 1341 longa
1648 1255 1981 1320 obsidione
2021 1254 2300 1318 civitatis
2332 1255 2481 1320 Flo-

714 1365 919 1429 rentie
968 1364 1141 1429 facta
1188 1385 1304 1449 per
1350 1362 1674 1446 Athilam,
1725 1370 1788 1427 et
1836 1364 1976 1448 ejus
2024 1362 2479 1427 destructione.

836 1526 1009 1591 He’nc
1056 1528 1268 1611 incipit
1314 1528 1511 1611 operis
1544 1528 1908 1610 prosecutio

838 1634 979 1698 Post
1026 1635 1325 1718 epiloyum
1371 1635 1761 1718 superiorum
1792 1634 1877 1697 ad
1904 1634 2033 1697 alia
2052 1655 2310 1718 perqere
2328 1655 2480 1718 pro-

700 1744 900 1827 ponit.

839 1903 995 1989 Cap.
1043 1902 1267 1966 XXII.
1319 1901 1686 1967 Cumulatio
1734 1902 2008 1987 quedam
2058 1902 2483 1987 quorumdam

714 2010 1164 2075 historicorum
1212 2009 1533 2095 gallorum
1580 2008 1659 2073 de
1708 2010 1956 2095 origine
2004 2030 2232 2095 regum
2275 2008 2482 2073 Fran-

719 2139 940 2184 corum
984 2140 1100 2205 per
1144 2118 1550 2183 Franconem
1596 2118 1909 2183 Hethoris
1955 2118 2179 2181 filium.

838 2227 995 2312 Cap.
1044 2225 1305 2290 XXIII.
1354 2226 1455 2291 De
1505 2226 1753 2312 origine
1814 2233 1879 2290 et
1937 2225 2323 2311 genealogia
2382 2245 2482 2288 re-

717 2355 872 2419 gum
910 2334 1311 2397 Francorum
1342 2354 1458 2418 per
1489 2332 1824 2396 Priamum
1856 2332 2084 2397 ducem
2119 2331 2482 2397 Sicambro-

714 2463 876 2505 rum.
910 2440 1011 2505 De
1059 2440 1257 2526 stirpe
1303 2439 1662 2503 Franconis
1707 2439 2020 2505 Hethoris
2066 2440 2202 2522 filii,
2237 2461 2321 2503 ex
2354 2461 2481 2525 quo

713 2546 1006 2631 Carolus,
1055 2548 1163 2633 qui
1211 2547 1436 2611 urbem
1484 2546 1884 2611 Florentiam
1930 2547 2346 2612 reedificavit.

836 2710 934 2774 De
978 2710 1238 2794 sinyulis
1284 2708 1526 2794 reyibus
1569 2709 1715 2795 ayit.

833 2870 876 2935 J
881 2892 1121 2935 oannes
1156 2871 1246 2935 II.
1269 2920 1285 2952 ,
1319 2870 1607 2957 Philippi
1652 2870 1845 2954 filius,
1884 2893 2176 2956 regnum,
2223 2878 2478 2936 mortuo

712 2985 918 3066 patre,
954 2979 1215 3065 recepit,
1250 2979 1316 3041 in
1364 2999 1490 3063 quo
1539 2999 1655 3064 per
1688 2999 1890 3042 annos
1921 2977 2152 3060 XIII.‚
2188 3000 2347 3064 quos
2378 2999 2479 3042 re-

708 3087 954 3172 gnavit,
1003 3108 1146 3149 cum
1195 3108 1351 3171 rege
1403 3085 1752 3151 Odovardo
1799 3108 1952 3172 sepe
1999 3086 2268 3151 bellavit
2313 3094 2416 3152 etc.

833 3195 1103 3259 Carolus
1150 3193 1304 3258 VII.
1358 3201 1503 3281 post
1549 3203 1819 3257 mortem
1867 3192 2140 3258 Joannis
2186 3193 2334 3258 XV.
2377 3216 2477 3259 re-

710 3302 936 3388 gnavit
983 3310 1085 3366 etc.

832 3408 1103 3474 Carolus
1134 3409 1327 3473 VIII.
1356 3408 1614 3493 juvenis
1660 3409 1871 3473 adhuc
1909 3416 1974 3473 et
2013 3409 2245 3473 indolis
2292 3431 2478 3495 egre-

707 3517 812 3603 gie
861 3526 1054 3602 atque
1095 3518 1442 3600 animosus,
1469 3517 1573 3580 vel
1605 3516 1685 3581 de
1719 3538 1888 3581 anno
1921 3518 2111 3581 etatis
2143 3539 2257 3581 sue
2290 3517 2477 3582 XIV.

709 3646 840 3688 non
899 3624 1187 3710 impleto,
1237 3631 1581 3689 coronatus
1644 3631 1776 3707 est,
1825 3631 1889 3688 et
1930 3625 2069 3708 jam
2114 3646 2231 3711 per
2278 3639 2482 3689 annos

711 3731 963 3796 circiter
1006 3731 1156 3796 XV.
1207 3753 1408 3817 regno
1454 3731 1730 3817 prefuit3
1766 3732 1950 3816 cujus
1996 3732 2154 3815 vita,
2193 3754 2366 3796 mors
2412 3740 2480 3797 et

706 3847 891 3926 gesta
935 3839 1269 3905 honestius
1317 3840 1458 3923 erit,
1493 3845 1837 3925 postquam
1868 3839 2007 3903 fata
2038 3861 2157 3904 sua
2195 3840 2476 3927 comple·

706 3947 891 4029 verit,
937 3947 1342 4034 pertractari.

832 4053 989 4139 Cap.
1037 4053 1290 4118 XXIV.
1340 4052 1500 4128 Quis
1561 4053 1739 4138 prior
1799 4053 1987 4139 signa
2032 4054 2303 4137 bellica,
2352 4076 2477 4140 que

706 4162 943 4247 vulgus
990 4183 1171 4225 arma
1218 4169 1428 4244 vocat,
1463 4160 1802 4244 invenerit,
1837 4169 1902 4226 et
1934 4183 2048 4226 cur
2094 4162 2233 4226 lilia
2275 4184 2478 4226 aurea

711 4268 900 4354 signa
944 4270 1072 4332 sint
1117 4290 1345 4354 regum
1390 4268 1813 4333 Francorum.
2292 4322 2300 4330 .

831 4375 987 4461 Cap.
1022 4374 1237 4440 XXV.
1273 4375 1671 4439 Testimonia
1711 4375 1988 4460 quedam
2018 4375 2254 4440 Dantis
2284 4382 2475 4462 poete

704 4483 784 4548 de
832 4483 1244 4547 demolitione
1293 4481 1571 4546 civitatis
1619 4482 2025 4547 Fesularum.

828 4590 984 4677 Cap.
1032 4589 1285 4654 XXVI.
1332 4589 1433 4654 De
1479 4590 1709 4654 ultima
1765 4590 2044 4655 civitatis
2089 4590 2475 4656 Fesularum

702 4697 1121 4784 depositione.

829 4805 988 4891 Cap.
1036 4804 1326 4870 XXVII.
1375 4805 1753 4889 Digressio,
1802 4827 1931 4891 qua
1977 4806 2195 4891 agitur
2240 4806 2320 4871 de
2362 4828 2476 4870 na-

701 4919 848 4976 tura
881 4920 945 4976 et
976 4913 1261 4977 moribus
1295 4918 1573 4998 quatour
1605 4913 1939 4977 civitatum
1972 4913 2287 4978 Thuscie:
2320 4913 2474 4978 Flo-

703 5020 929 5102 rentio,
977 5020 1298 5103 Pisarum‚
1346 5019 1601 5083 Perusii
1648 5025 1714 5084 et
1763 5019 2099 5084 Senarum.

702 5341 992 5429 Philippi
1064 5341 1313 5406 Villani
1394 5341 1683 5406 Solitarii
1748 5341 1849 5407 De
1914 5344 2150 5427 oriqine
2216 5344 2474 5408 civitatis

826 5449 1148 5514 Florentie
1193 5458 1258 5513 et
1304 5448 1384 5513 de
1433 5449 1724 5532 ejusdem
1770 5449 2035 5514 famosis
2083 5450 2332 5514 civibus
2387 5449 2471 5514 ad

824 5557 1142 5620 illustrem
1190 5556 1517 5620 dominum
1566 5555 1937 5642 Philippum
1975 5557 2054 5621 de
2087 5557 2469 5642 Alenconio,

826 5664 1199 5750 episcopum
1245 5664 1612 5745 ostiensem,
1647 5685 1912 5729 romane
1966 5664 2259 5729 Ecclesie
2315 5664 2471 5730 Car-

825 5770 1143 5854 dinalem,
1191 5770 1357 5836 liber
1411 5772 1656 5858 primus
1718 5771 1994 5837 feliciter
2054 5772 2358 5858 explicit,
2406 5779 2474 5837 et

825 5877 1144 5942 sccundus
1205 5876 1285 5942 de
1349 5877 1707 5943 illustribus
1768 5879 2125 5943 florentinis
2193 5879 2472 5944 feliciter

824 5985 1069 6071 incipit.

1394 6163 1786 6230 Proemium.

824 6308 1181 6394 Postquam
1243 6308 1427 6372 brevi
1485 6329 1683 6372 manu
1728 6309 1899 6374 libro
1945 6311 2277 6396 superiore
2322 6331 2469 6398 per-

703 6414 937 6479 strinxi
996 6437 1122 6502 que
1184 6415 1263 6480 de
1325 6415 1604 6481 civitatis
1659 6416 1989 6483 Florentie
2045 6418 2244 6483 initiis
2291 6418 2470 6504 potui

702 6520 990 6587 invenire
1036 6530 1142 6588 etc.

4218 648 4370 720 293

2736 823 2893 910 Cap.
2929 824 2982 888 I.
3032 824 3132 889 De
3179 825 3315 888 vita
3363 831 3428 887 et
3472 824 3757 888 moribus
3791 822 4133 887 Claudiani
4164 829 4374 910 poete,

2608 941 2673 995 et
2720 953 2847 1016 quo
2894 938 3181 1018 tempore
3227 930 3537 996 floruerit.

2734 1039 2892 1125 Cap.
2943 1039 3033 1103 11.
3083 1039 3182 1103 De
3247 1040 3380 1103 vita
3441 1046 3507 1103 et
3566 1039 3849 1103 moribus
3906 1039 4142 1103 Dantis
4187 1047 4376 1125 poete

2608 1147 2835 1212 comici
2881 1147 3173 1232 insignis.

2734 1255 2891 1340 Cap.
2928 1253 3054 1318 III.
3103 1254 3204 1318 De
3251 1255 3386 1319 vita
3431 1261 3496 1318 et
3543 1255 3828 1318 moribus
3874 1254 4205 1319 Francisci
4250 1254 4375 1318 Pe-

2608 1369 2840 1444 trarce,
2888 1368 3076 1447 poete
3124 1362 3419 1426 laureati.

2735 1469 2893 1554 Cap.
2942 1468 3060 1533 IV.
3109 1468 3211 1533 De
3284 1470 3421 1534 vita
3490 1476 3555 1533 et
3617 1470 3903 1534 moribus
3972 1471 4242 1535 Zenobii
4297 1470 4376 1536 de

2614 1575 2854 1658 Strata,
2904 1583 3091 1662 poete
3142 1576 3440 1659 laureati,
3489 1583 3554 1640 et
3598 1578 3740 1661 ejus
3787 1576 4023 1641 indole.

2733 1683 2891 1769 Cap.
2942 1683 3021 1748 V.
3070 1683 3172 1747 De
3218 1684 3474 1749 Joanne
3520 1684 3837 1749 Bocaccio
3883 1693 4076 1770 poeta
4122 1693 4226 1751 εἰσ.

2733 1789 2892 1876 Cap.
2941 1790 3059 1854 VI.
3108 1789 3209 1855 De
3259 1790 3522 1856 Colucio
3568 1790 3808 1877 Pyerio
3855 1799 4049 1878 poeta
4096 1800 4200 1857 etc.

2733 1896 2891 1984 Cap.
2939 1897 3094 1962 VII.
3143 1897 3245 1962 De
3306 1897 3596 1963 Roberto
3644 1898 3928 1983 eleganti
3974 1909 4038 1962 et
4084 1900 4376 1985 preclaro

2607 2004 2914 2090 theologo
2961 2026 3077 2069 suo
3123 2012 3412 2091 tempore
3460 2006 3846 2070 cancellario
3891 2006 4181 2071 Parisiis.

2734 2112 2892 2198 Cap.
2925 2111 3116 2177 VIII.
3163 2113 3264 2178 De
3313 2111 3658 2199 Cypriano.
3705 2113 3806 2178 De
3847 2115 4169 2201 primariis
4201 2114 4372 2200 glos·

2608 2218 2931 2284 satoribus
2974 2220 3414 2306 juris-civilis,
3462 2227 3565 2284 etc.

2736 2435 2895 2521 Cap.
2945 2434 3064 2498 IX.
3112 2434 3213 2498 De
3261 2434 3595 2499 Accursio.

2759 2597 2860 2662 De
2908 2598 3221 2663 Accursio
3269 2598 3627 2683 glossatore
3674 2606 3739 2663 et
3785 2598 4219 2663 illuminatore

3272 2707 3438 2790 juris
3485 2706 3712 2770 civilis.

2733 2866 2894 2930 Cum
2942 2874 3088 2953 post
3135 2867 3531 2954 Cyprianum
3577 2867 4094 2953 antiquissimum
4125 2869 4372 2953 glossa-

2607 2981 2814 3039 torem
2856 2975 3022 3058 juris
3068 2975 3275 3039 civilis
3320 2976 3527 3059 multi,
3561 2975 3749 3040 factis
3781 2997 3898 3061 per
3929 2997 4076 3039 eum
4109 2976 4371 3060 semitis,

2605 3081 2926 3146 discendis
2974 3082 3227 3167 legibus
3293 3104 3558 3168 operam
3616 3084 4081 3169 prestitisseut,
4129 3091 4194 3148 et
4257 3104 4374 3170 per

2602 3189 2777 3252 idem
2837 3189 3128 3254 seculum
3188 3197 3332 3275 post
3398 3190 3850 3254 Placentinum
3920 3199 4374 3255 concurrerent

2604 3295 2934 3382 Bulgarus
2982 3303 3046 3361 et
3090 3296 3409 3361 Martinus
3458 3297 3665 3379 Gose,
3714 3298 3823 3383 qui
3869 3297 4166 3362 Foderici
4208 3299 4372 3363 Bar-

2606 3404 2871 3468 barosse
2940 3405 3347 3490 imperatoris
3415 3404 3813 3490 temporibus
3868 3406 4034 3489 juris
4096 3407 4372 3471 consulti

2607 3511 3106 3597 prestantissimi
3150 3511 3354 3576 habiti
3403 3511 3613 3595 fuere,
3661 3513 3856 3598 hique
3904 3514 3970 3576 in
4013 3513 4234 3598 legum
4280 3513 4372 3577 in-

2596 3619 2860 3683 tellectu
2905 3619 3071 3683 sicut
3117 3627 3182 3684 et
3209 3618 3294 3682 ‘in
3341 3620 3625 3684 moribus
3673 3620 4019 3706 plurimum
4052 3621 4373 3708 discrepa-

2604 3733 2766 3809 rent,
2816 3733 3025 3790 sectas
3072 3726 3283 3791 fecere
3332 3727 3651 3810 diversas3
3700 3734 3766 3791 et
3818 3728 3927 3813 qni
3975 3729 4175 3792 secuti
4225 3736 4374 3793 sunt

2602 3833 2967 3920 Bulgarum
3013 3834 3079 3899 111
3128 3834 3536 3921 opinionibus
3582 3835 3735 3920 suis,
3776 3837 4133 3922 bulgariste
4176 3836 4372 3923 vulgo

2605 3942 2758 4006 dicti
2821 3950 3004 4026 sunt,
3054 3944 3164 4028 qui
3225 3965 3379 4009 vero
3442 3943 3828 4028 Martinum,
3876 3945 4149 4030 gosiani.
4213 3944 4373 4010 Post

2604 4071 2766 4136 quos
2812 4072 2896 4115 ex
2935 4072 3158 4115 eorum
3190 4051 3591 4116 auditoribus
3623 4051 3666 4116 J
3670 4052 3978 4136 ohannes,
4013 4052 4203 4117 homo
4238 4074 4371 4117 om-

2607 4157 2786 4221 nium
2818 4157 3320 4244 interpretandis
3352 4159 3605 4244 legibus
3637 4158 4064 4243 acutissimus,
4113 4166 4177 4224 et
4231 4160 4371 4226 Azo

2603 4265 2869 4329 scientie
2916 4287 3152 4351 magne
3199 4266 3481 4349 fuerunt,
3525 4267 3764 4352 aliique
3811 4267 4193 4354 complures.
4245 4267 4373 4332 Sed

2604 4394 2748 4437 cum
2798 4393 3019 4443 omnes
3066 4373 3130 4436 in
3176 4373 3335 4437 locis
3383 4374 3603 4437 multis
3643 4395 3839 4460 super
3867 4374 4087 4460 legum
4121 4375 4372 4441 intelle-

2603 4486 2710 4544 ctu
2755 4479 2941 4543 vanis
2988 4480 3396 4566 opinionibus
3442 4503 3560 4567 per
3604 4482 3810 4545 multa
3856 4481 4373 4552 discordantibus

2596 4588 2750 4671 jura
2797 4586 3014 4650 civilia
3058 4588 3531 4673 exposuissent,
3566 4610 3839 4674 cumque
3887 4597 4231 4676 propterea
4277 4590 4373 4676 ip-

2602 4717 2745 4759 sum
2787 4696 2895 4779 jus
2944 4696 3062 4759 sub
3109 4696 3314 4760 multa
3362 4696 3786 4782 ambiguitate
3833 4697 4176 4783 caligaret,
4225 4697 4371 4781 Dei,

2600 4809 2674 4867 ut
2734 4810 2926 4890 puto,
2977 4803 3354 4887 clementia,
3403 4803 3647 4868 factum
3714 4811 3813 4868 est
3881 4812 3952 4869 ut
4016 4806 4373 4870 tenebrosis

2601 4911 2814 4974 adhuc
2856 4910 3112 4994 juribus
3160 4910 3465 4997 splendor
3511 4911 3764 4975 debitus
3811 4911 4207 4996 redderetur,
4251 4913 4374 4978 hoc

2600 5024 2699 5082 est
2732 5024 2803 5081 ut
2836 5039 3059 5082 eorum
3102 5018 3499 5082 illuminator
3529 5019 3881 5083 Accursius
3914 5020 4209 5084 oriretur.
4243 5019 4374 5085 Hic

2599 5125 2679 5191 de
2721 5126 2900 5211 justo
2948 5134 3128 5191 ortus
3176 5132 3276 5190 est
3321 5125 3587 5207 semine,
3627 5125 3913 5191 moribus
3959 5134 4178 5190 tamen
4223 5148 4370 5213 pro-

2597 5233 2946 5319 pemodum
2993 5233 3166 5298 civili
3199 5238 3264 5296 et
3296 5232 3572 5297 delicato
3605 5232 3670 5296 in
3704 5233 3860 5297 villa
3891 5218 4213 5316 Balneoli,
4247 5255 4372 5319 que

2597 5340 2861 5427 publica
2906 5341 3337 5405 intersecante
3383 5339 3491 5403 via
3538 5362 3622 5404 ex
3669 5339 3964 5426 opposito
3995 5340 4374 5407 Monteboni

2598 5454 2991 5534 prospectat,
3018 5453 3082 5511 et
3112 5469 3151 5510 a
3184 5447 3382 5533 plaga
3417 5447 3822 5512 meridionali
3855 5468 3892 5510 a
3927 5447 4187 5512 civitate
4221 5448 4372 5514 Flo-

2598 5556 2806 5619 rentie
2851 5577 2968 5641 per
3013 5561 3316 5640 quartum
3365 5554 3470 5618 vel
3516 5554 3770 5619 circiter
3826 5554 4110 5641 lapidem
4155 5555 4372 5621 distat.

2596 5663 2729 5728 Ubi
2778 5661 3011 5745 adhuc,
3066 5662 3290 5748 paucis
3347 5661 3632 5726 decursis
3679 5663 3886 5746 annis,
3936 5663 4162 5727 domus
4210 5671 4371 5748 erat,

2599 5792 2723 5858 que
2756 5770 3158 5855 negligentia
3188 5777 3254 5834 et
3292 5770 3773 5834 inaccuratione
3805 5772 4202 5858 posteritatis
4235 5794 4372 5855 sue,

2599 5878 2783 5962 cujus
2809 5878 3021 5942 adhuc
3050 5877 3373 5963 ignobiles
3397 5877 3690 5964 plerique
3717 5885 4082 5964 supersunt,
4109 5880 4370 5962 corruit,

2597 6008 2723 6073 que
2768 5986 2968 6071 vulgo
3017 5985 3300 6050 studium
3345 5986 3642 6051 Accursii
3675 5987 4190 6072 nuncupabatur,
4225 6008 4373 6073 pro-

2597 6101 2824 6181 pterea
2869 6091 3043 6178 quod
3090 6092 3178 6157 ibi
3227 6092 3337 6156 diu
3384 6093 3742 6157 solitariam
3774 6093 4132 6179 perducens
4170 6094 4375 6158 vitam

2598 6202 3108 6268 commentandis
3156 6202 3410 6287 legibus
3457 6202 3754 6266 civilibus
3801 6201 4193 6288 invigilaret.
4242 6203 4373 6269 Hie

2596 6317 2942 6398 postquam
2981 6310 3218 6373 artium
3248 6308 3568 6396 principia
3599 6308 3968 6373 liberalium
4001 6310 4373 6397 plenissime

2598 6417 3039 6504 cognovisset,
3088 6417 3416 6503 extemplo
3465 6439 3610 6482 611111
3658 6427 3829 6484 esset
3874 6440 4172 6484 emensus
4217 6440 4373 6504 pue-

2474 6558 2481 6563 ·
2596 6526 2811 6590 ritiam
2859 6523 3164 6590 discendo
3205 6526 3353 6609 jure
3397 6524 3571 6590 civili
3602 6548 3719 6612 per
3750 6527 3886 6591 dies
3922 6534 4115 6613 atque
4149 6536 4372 6590 noctes
