5542 7775
1256 547 1355 617 34
2772 617 2780 623 ,
2841 564 3318 617 Mommsx'm

2874 957 2888 967 ·
2981 933 3168 998 XIX.

2768 1149 2963 1230 1226,
3010 1150 3099 1212 20
3142 1151 3374 1213 martii.

1866 1360 1971 1425 Ex
2014 1368 2188 1426 tomo
2235 1360 2554 1426 XXXVI.
2607 1359 2844 1426 Codicis
2889 1362 3287 1448 Defplomate‘ci
3331 1362 3755 1447 Bononiensis,
3802 1385 3977 1428 num.
4025 1362 4270 1427 LXIX.

1426 1575 1761 1641 Honorius
1817 1575 1945 1640 III.
1981 1575 2060 1638 (1)
2106 1574 2408 1640 Alatrino
2470 1575 2866 1641 subdiacono
2928 1583 2994 1640 et
3055 1577 3393 1663 capellano
3454 1587 3696 1642 nostro.
3745 1577 4184 1665 Conquerenti
4245 1578 4397 1643 olim
4461 1578 4696 1644 dilecto
4757 1578 4889 1642 filio

1250 1684 1453 1749 nobili
1498 1685 1638 1748 viro
1685 1683 1959 1748 Alberto
2007 1682 2238 1747 comite
2285 1682 2365 1747 de
2410 1682 2758 1768 Mangone,
2803 1683 2974 1769 quod
3023 1682 3376 1748 Commune
3422 1684 3816 1750 bononiense
3865 1686 3930 1750 in
3978 1685 4410 1772 prejudicium
4457 1686 4600 1770 ejus
4644 1685 4888 1751 detinet

1250 1799 1533 1856 castrum
1581 1790 1764 1856 Cassi
1828 1797 1892 1854 et
1936 1788 2171 1873 Barci,
2220 1795 2284 1852 et
2330 1789 2609 1875 quedam
2669 1789 2800 1854 alia
2863 1797 3078 1854 castra
3122 1811 3269 1854 cum
3315 1791 3717 1877 pertinentiis
3765 1792 3935 1874 suis,
3984 1814 4108 1879 que
4171 1792 4342 1857 idem
4399 1814 4611 1857 comes
4658 1794 4888 1857 asserit

1249 1919 1391 1962 esse
1439 1897 1518 1963 de
1565 1905 1741 1962 terra
1787 1897 2108 1962 comitisse
2156 1895 2510 1978 Mathildis,
2545 1904 2609 1960 et
2657 1896 2740 1960 ad
2789 1896 3072 1979 feudum,
3107 1896 3278 1984 quod
3325 1897 3494 1961 idem
3542 1919 3755 1962 comes
3803 1920 3842 1961 a
3882 1920 4153 1964 romana
4189 1906 4366 1964 tenet
4397 1898 4710 1982 Ecclesia,
4743 1921 4887 1986 per-

1249 2004 1491 2088 tinere,
1540 2013 1686 2091 post
1746 2004 1961 2068 varias
2025 2004 2248 2068 literas
2305 2025 2499 2090 super
2544 2003 2667 2068 hoc
2713 2023 2752 2066 a
2803 2003 2970 2068 Sede
3032 2004 3388 2090 apostolica
3445 2004 3856 2091 impetratas,
3904 2006 4164 2071 demum
4211 2006 4580 2091 hujusmodi
4625 2027 4888 2071 causam

1251 2112 1684 2177 commisimus
1732 2111 2090 2176 venerabili
2138 2111 2325 2175 fratri
2372 2118 2591 2175 nostro
2639 2110 3125 2197 archiepiscopo
3173 2112 3534 2176 florentino,
3567 2112 3791 2199 Nuper
3838 2112 4037 2199 igitur
4083 2114 4316 2178 comite
4349 2113 4489 2199 ipso
4540 2135 4615 2178 ac
4653 2114 4886 2180 dilecto

1248 2219 1382 2284 filio
1432 2218 1920 2307 Semfprebene]
1967 2218 2229 2284 doctore
2276 2219 2550 2304 Legum,
2584 2228 3001 2304 procuratore
3050 2218 3204 2283 dicti
3252 2217 3645 2301 Communis,
3696 2228 3959 2306 propter
4002 2220 4124 2284 hoc
4181 2220 4242 2284 in
4295 2229 4515 2286 nostra
4562 2221 4889 2307 presentia

1250 2325 1635 2409 constitutis,
1661 2325 1833 2390 idem
1866 2346 2080 2389 comes
2106 2325 2403 2388 exhibuit
2434 2324 2869 2411 depositiones
2896 2325 3321 2410 quorumdam
3352 2326 3634 2410 testium,
3661 2347 3820 2412 quos
3846 2348 4040 2413 super
4064 2326 4144 2390 iis
4175 2335 4509 2413 receperat
4531 2326 4889 2414 Episcopus

1248 2432 1632 2515 antedictus,
1665 2438 1893 2518 petens
1941 2431 2373 2517 depositiones
2421 2431 2616 2516 ipsas,
2651 2451 2813 2516 quas
2861 2430 3032 2494 idem
3071 2431 3432 2518 Episcopus
3465 2431 3719 2496 clausas
3767 2430 3888 2495 sub
3934 2431 4149 2517 sigillo
4197 2454 4314 2497 suo
4362 2433 4547 2497 nobis
4590 2435 4888 2498 transmi-

1249 2546 1444 2622 serat,
1488 2538 1726 2625 aperiri
1772 2545 1838 2602 et
1878 2538 1943 2601 in
1991 2559 2188 2602 causa
2230 2539 2371 2622 jam
2416 2559 2533 2624 per
2579 2536 3076 2623 quadriennium
3123 2537 3189 2601 in
3235 2538 3664 2624 prejudicium
3710 2539 3853 2623 ejus
3900 2560 4017 2625 per
4064 2546 4127 2604 te
4166 2539 4302 2603 lata
4344 2541 4628 2626 procedi.
4661 2541 4890 2605 Dictus

1248 2667 1403 2712 vero
1451 2653 1830 2733 procurator
1878 2667 1953 2710 ac
2001 2645 2273 2710 dilectus
2320 2645 2490 2708 filius
2538 2644 2847 2730 magister
2893 2645 3288 2728 Tancredus,
3323 2645 3739 2710 bononiensis
3780 2645 4292 2730 archidiaconus,
4328 2647 4748 2734 responderet
4776 2671 4893 2735 pro

1249 2752 1590 2818 Communi
1637 2753 1946 2839 predicte,
1981 2758 2179 2816 testes
2226 2752 2401 2838 ipsos
2444 2758 2591 2838 post
2637 2751 2962 2837 legitimas
3010 2752 3481 2838 appellationes
3529 2774 3568 2816 a
3602 2752 3862 2816 Sindico
3895 2752 4052 2817 dicti
4084 2752 4457 2818 Communis
4489 2755 4572 2820 ad
4604 2763 4892 2820 nostram

1248 2860 1647 2925 audientiam
1693 2860 2087 2944 interjectas,
2121 2859 2235 2923 lite
2282 2880 2410 2924 non
2456 2864 2819 2923 contestata
2865 2866 2930 2923 et
2978 2859 3172 2923 etiam
3221 2880 3348 2924 non
3395 2866 3691 2945 porrecto
3739 2859 3982 2942 libello,
4016 2860 4213 2925 fuisse
4261 2860 4344 2925 ab
4387 2862 4526 2947 ipso
4567 2861 4889 2949 Episcopo

1247 2974 1473 3033 contra
1513 2967 1681 3052 juris
1730 2966 2023 3032 ordinem
2070 2966 2602 3052 incircumspecte
2650 2973 2965 3052 receptos,
3015 2988 3092 3031 ac
3138 2966 3283 3031 ideo
3329 2966 3761 3053 depositiones
3809 2967 4094 3054 ipsorum
4140 2968 4523 3054 aperiendas
4565 2990 4693 3034 non
4725 2990 4887 3053 esse,

1250 3074 1365 3140 sed
1398 3075 1614 3139 irritas
1649 3074 2061 3139 nuntiandas.
2107 3074 2299 3138 Dicto
2333 3082 2551 3137 autem
2584 3073 2838 3157 comite,
2871 3073 3113 3138 relictis
3144 3073 3672 3160 procuratoribus
3703 3075 3858 3158 suis,
3892 3074 3975 3138 ad
4007 3075 4270 3162 propria
4301 3075 4632 3160 redeunte,
4663 3098 4893 3164 procu-

1247 3182 1573 3247 ratoribus
1607 3182 1763 3268 ipsis
1796 3202 1871 3247 ac
1903 3181 2157 3267 prefato
2191 3181 2595 3267 procuratori
2627 3181 2936 3267 sepedicti
2971 3180 3343 3246 Communis
3376 3181 3814 3246 venerabilem
3853 3182 4123 3247 fratrem
4153 3191 4442 3247 nostrum
4474 3183 4888 3270 P[elagium],

1247 3290 1671 3354 albanensem
1714 3288 2131 3376 Episcopum,
2180 3288 2472 3352 dedimus
2519 3288 2899 3353 auditorem.
2951 3288 3240 3375 Cumque
3288 3289 3413 3375 ipsi
3459 3297 3910 3375 procuratores
3957 3311 4175 3355 coram
4222 3312 4297 3354 eo
4346 3312 4538 3377 super
4583 3313 4888 3377 processu

1243 3396 1448 3483 ipsius
1495 3396 1805 3483 Episcopi
1850 3395 2175 3461 florentini
2221 3395 2461 3459 diutius
2509 3395 2968 3482 disputassent,
3004 3402 3069 3460 et
3115 3396 3254 3482 ipse
3301 3395 3558 3460 auditor
3604 3417 3704 3480 ea,
3738 3418 3863 3484 que
3911 3397 4170 3461 fuerant
4200 3418 4419 3462 coram
4450 3419 4526 3462 eo
4558 3399 4890 3485 proposita

1243 3511 1310 3568 et
1356 3511 1635 3586 ostensa,
1684 3503 1872 3569 uobis
1917 3503 2194 3567 fideliter
2238 3503 2596 3586 retulisset,
2645 3524 2763 3567 nos
2809 3503 2938 3567 illis
2998 3503 3252 3589 plenius
3312 3504 3688 3587 intellectis,
3737 3503 3817 3568 de
3865 3504 4140 3568 fratrum
4186 3513 4553 3569 nostrorum
4599 3505 4887 3587 consilio,

1244 3613 1663 3696 cassavimus,
1691 3612 1947 3696 justitia
1994 3611 2320 3698 exigente,
2353 3633 2744 3698 processum.
2792 3611 2856 3675 N
2860 3611 3106 3676 olentes
3153 3620 3398 3694 autem,
3432 3612 3603 3697 quod
3654 3612 3852 3698 ipsius
3899 3633 4092 3677 cause
4138 3612 4377 3678 decisio
4425 3613 4694 3678 ulterius
4740 3635 4889 3700 pro·

1241 3727 1529 3806 rogetur,
1577 3719 1950 3785 discretioni
2007 3726 2116 3783 tue
2176 3741 2293 3805 per
2341 3719 2696 3805 apostolica
2756 3718 2998 3805 scripta
3058 3718 3473 3802 mandamus,
3523 3725 3841 3804 quatenus
3888 3718 4130 3784 dictum
4178 3719 4530 3785 Commune
4577 3719 4663 3784 ad
4707 3719 4889 3786 litem

1242 3849 1438 3916 super
1485 3827 1564 3892 iis
1611 3849 1758 3893 cum
1805 3827 1944 3914 ipso
1992 3825 2224 3892 comite
2286 3826 2390 3892 vel
2452 3827 2594 3911 ejus
2642 3832 3095 3913 procuratore,
3143 3826 3631 3912 exceptionibus
3680 3848 3808 3892 non
3854 3826 4289 3911 obstantibus,
4336 3827 4624 3913 legitime
4670 3835 4887 3894 conte-

1244 3936 1546 4001 standam
1591 3935 1763 3999 infra
1810 3940 2282 4022 competentem
2328 3934 2712 4016 terminum,
2762 3955 2956 4020 quem
3001 3934 3094 3998 eis
3160 3933 3425 3997 duxeris
3489 3934 3964 4020 prefigendum,
4011 3935 4364 4000 monitione
4413 3935 4728 4022 premissa
4770 3958 4888 4023 per

1245 4064 1552 4109 censuras
1594 4042 2089 4124 ecclesiasticas,
2126 4042 2563 4128 appellatione
2595 4049 2864 4123 remota,
2899 4062 3289 4127 compescas,
3324 4063 3400 4106 ac
3432 4041 3692 4105 demum
3723 4042 3778 4105 si
3809 4042 3928 4105 tibi
3967 4043 4318 4125 vacaverit,
4352 4042 4579 4107 audias
4626 4064 4889 4108 causam

1242 4157 1329 4235 et,
1365 4151 1802 4237 appellatione
1837 4157 2106 4233 remota,
2141 4149 2357 4213 debito
2403 4149 2529 4213 fine
2578 4147 2859 4231 decidas,
2894 4148 3180 4234 alioquin
3226 4148 3496 4213 inducas
3542 4155 3760 4235 partes
3808 4149 3889 4213 ad
3924 4149 4445 4213 concordandum
4477 4149 4543 4214 in
4575 4172 4885 4236 personas

1241 4258 1532 4340 idoneas,
1582 4257 1815 4344 quibus
1862 4278 2060 4321 causa
2107 4256 2336 4321 eadem
2382 4255 2840 4338 committatur,
2887 4262 2951 4319 et
2998 4256 3133 4321 sive
3179 4256 3508 4342 potuerint
3569 4256 3704 4320 sive
3770 4278 3900 4321 non
3955 4256 4282 4342 potuerint
4327 4257 4394 4320 in
4435 4256 4689 4341 judices
4736 4279 4885 4322 con-

1243 4365 1534 4449 cordare,
1568 4386 1833 4429 causam
1879 4364 2089 4451 ipsam
2134 4363 2291 4427 viris
2336 4363 2629 4427 discretis
2662 4371 2727 4427 et
2772 4363 3135 4449 suspicione
3185 4364 3575 4445 carentibus,
3616 4363 4002 4428 auctoritate
4048 4370 4291 4446 nostra,
4326 4363 4689 4428 committas
4728 4386 4884 4428 exa·

1242 4472 1617 4537 minandam
1664 4472 1937 4537 sollicite
1984 4492 2061 4536 ac
2094 4471 2218 4534 fine
2252 4470 2490 4552 debito,
2526 4470 2961 4556 appellatione
2992 4471 3371 4557 postposita,
3406 4470 3896 4553 terminandam,
3932 4469 4084 4534 data
4115 4470 4208 4534 eis
4239 4470 4534 4557 plenaria
4566 4476 4884 4557 potestate

1243 4580 1519 4666 cogendi
1566 4586 1764 4644 testes
1811 4585 1877 4643 et
1924 4578 2205 4642 faciendi
2250 4577 2401 4660 alia,
2451 4598 2575 4663 que
2622 4576 2824 4663 ipsius
2871 4578 3117 4663 negotii
3163 4578 3401 4642 decisio
3449 4577 3774 4641 videbitur
3819 4577 4169 4664 postulare.

1419 4688 1665 4752 Datum
1709 4686 2021 4751 Laterani
2068 4685 2511 4750 tertiodecimo
2558 4684 2875 4749 kalendas
2923 4685 3168 4771 aprilis,
3216 4686 3626 4772 pontificatus
3675 4685 3876 4750 nostri
3921 4706 4090 4749 anno
4124 4674 4407 4749 decimo.

2985 5007 3138 5071 XX.

2699 5221 2874 5285 1226
2875 5271 2894 5304 ,
2941 5221 3028 5283 21
3075 5218 3430 5285 novembris,

2215 5433 2323 5499 Ex
2368 5434 2596 5499 eodem
2643 5440 2816 5499 tomo
2863 5434 3215 5516 XXXVI„
3264 5456 3438 5498 num.
3486 5432 3805 5500 LXXIII.
3841 5435 3919 5499 (2)

1419 5649 1614 5715 Anno
1660 5648 1928 5714 Domini
1972 5649 2310 5715 millesimo
2359 5649 2797 5715 ducentesimo
2853 5649 3168 5735 vigesimo
3216 5657 3438 5733 sexto,
3487 5648 3832 5714 indictione
3879 5648 4396 5735 quartadecima,
4445 5649 4548 5714 die
4594 5650 4882 5734 sabatbi,

1240 5757 1490 5823 decimo
1538 5758 1836 5823 exeuntis
1882 5758 2120 5822 mensis
2167 5756 2556 5841 novembris,
2589 5756 2657 5821 in
2701 5757 2961 5822 civitate
3008 5756 3323 5839 Bononie,
3357 5756 3423 5821 in
3470 5756 3713 5843 palatio
3745 5755 4197 5842 Episcopatus,
4231 5756 4527 5822 dominus
4573 5758 4883 5822 Bocatius

1240 5864 1501 5949 Brema,
1535 5865 1832 5931 dominus
1864 5864 2190 5930 Robertus
2222 5865 2303 5930 de
2337 5863 2695 5929 Concolezo
2723 5863 2823 5946 (3),
2858 5863 3154 5929 dominus
3186 5864 3473 5929 Ubertus
3506 5862 3586 5927 de
3617 5863 3938 5945 Marnate,
3972 5862 4269 5928 domiuus
4303 5864 4565 5929 Ardicio
4598 5865 4677 5928 de
4710 5865 4882 5929 Pon-

1401 6223 1482 6289 (1)
1520 6220 1606 6274 Ex
1643 6220 1881 6292 Registr.
1907 6220 1978 6274 V.
2004 6220 2230 6274 Honorii
2272 6220 2405 6287 111.,
2432 6221 2592 6289 epist.
2618 6222 2740 6287 238,
2765 6221 2862 6273 fol.
2893 6223 3011 6285 119,
3049 6218 3439 6286 MOCXXVI„
3477 6218 3601 6270 XX.
3640 6219 3840 6272 martii.

1403 6313 1482 6379 (2)
1519 6311 1606 6364 Ex
1642 6312 1781 6381 Reg.
1817 6310 1889 6364 V.
1925 6310 2154 6363 Honorii
2189 6310 2325 6377 111.,
2352 6310 2449 6363 fol.
2482 6312 2600 6375 156,
2624 6308 3011 6377 MOCXXVL,
3051 6308 3208 6361 XXI.
3246 6308 3571 6361 novembris.

1402 6404 1482 6469 (3)
1522 6401 1627 6455 Sic.
