5542 7775
1180 659 1329 731 308

1174 836 1352 922 Mag.
1400 836 1755 918 Johannes,
1804 834 2027 899 doctor
2076 834 2501 899 decretorum.

1174 943 1350 1029 Mag.
1400 943 1734 1008 ‚Iohannes
1789 941 1869 1005 de
1941 941 2222 1006 Meduno
2300 940 2625 1027 quondam
2701 940 2944 1004 domini

1389 1049 1709 1115 Johannis
1756 1049 1997 1132 militis,
2047 1048 2514 1112 aurelianensis
2561 1047 2854 1112 diocesis.

1174 1157 1351 1243 Mag.
1396 1158 1736 1222 ,Iohannes
1783 1156 1862 1220 de
1904 1156 2165 1241 Bajoeis
2199 1155 2522 1242 quondam
2555 1154 2800 1219 domini
2829 1153 2944 1219 Ri-

1390 1264 1633 1346 chardi,
1683 1262 2170 1328 cenomanensis
2218 1261 2510 1326 diocesis.

1178 1372 1353 1458 Mag.
1403 1373 1444 1438 J
1452 1372 1739 1436 ohannes
1773 1372 1852 1435 de
1903 1370 2178 1457 Sepibus
2224 1370 2394 1434 filius
2428 1368 2753 1456 quondam
2788 1368 2945 1433 Gui-

1388 1481 1555 1544 berti
1601 1479 1681 1543 de
1730 1478 2026 1566 Sepibus.
2064 1483 2075 1493 “

1174 1588 1257 1653 D.
1310 1588 1644 1653 Johannes
1690 1585 1962 1668 Marchi,
2011 1585 2442 1673 portionarius
2490 1583 2853 1669 burgensis.

1173 1696 1258 1761 D.
1308 1696 1642 1762 Johannes
1690 1693 2235 1776 Lemovincensis,
2270 1701 2481 1756 rector
2526 1691 2945 1756 ecclesiarum

1388 1802 1468 1867 de
1517 1801 1821 1887 Cobgiac.

1175 1911 1257 1976 D.
1306 1911 1643 1976 ‚Iohannes
1688 1909 1929 1995 Egidii,
1978 1908 2326 1972 canonicus
2374 1904 2839 1993 ghievarensis.

1174 2018 1257 2083 D.
1307 2017 1642 2084 Johannes
1689 2016 1768 2081 de
1816 2016 2037 2081 Aurea
2078 2015 2291 2097 Valle,
2329 2013 2655 2100 quondam
2702 2011 2946 2077 domini

1391 2124 1775 2206 Cleacentis,
1823 2123 2232 2188 bituricensis
2280 2121 2573 2186 diocesis.

1173 2231 1255 2297 D.
1291 2233 1333 2298 J
1338 2232 1609 2296 ohannis
1642 2229 2017 2312 Rencensis,
2053 2229 2220 2293 filius
2253 2228 2495 2292 domini
2528 2227 2816 2291 Thomas
2850 2226 2944 2290 di-

1388 2340 1473 2404 cti
1519 2339 1718 2404 Bovis
1766 2337 1845 2402 de
1894 2338 2154 2402 civitate
2201 2335 2528 2400 Remensi.

1172 2446 1256 2514 D.
1306 2446 1640 2513 Johannes
1688 2447 1767 2510 de
1815 2453 2037 2510 sancto
2081 2443 2383 2526 Martino,
2416 2443 2585 2507 filius
2618 2440 2943 2528 quondam

1388 2554 1631 2619 domini
1676 2553 1857 2617 Petri
1905 2552 2146 2634 militis,
2196 2551 2504 2615 trecensis
2550 2549 2843 2615 diocesis.

1171 2661 1255 2727 D.
1305 2662 1646 2748 Jospertus
1693 2661 1772 2725 (le
1818 2660 2188 2742 BritonacO,
2226 2658 2428 2722 abbas
2468 2657 2674 2722 sancti
2704 2656 2943 2721 Felicis

1389 2769 1851 2834 Gerundensis.

1170 2877 1255 2941 D.
1304 2876 1584 2940 Michael
1632 2876 1711 2938 de
1760 2874 1989 2939 Curbis
2041 2873 2119 2938 de
2169 2872 2758 2958 MontepessulauO.

1173 2984 1255 3049 D.
1304 2983 1613 3047 Nicolaus
1661 2982 1740 3046 de
1788 2982 2062 3066 Sansejo
2111 2980 2435 3067 quondam
2480 2979 2721 3044 domini
2767 2978 2941 3043 Mar-

1390 3091 1509 3155 tini
1554 3089 1837 3172 Mesarii,
1888 3087 2373 3153 cenomanensis
2419 3086 2709 3150 diocesis.

1172 3198 1349 3285 Mag.
1398 3198 1632 3263 Petrus
1695 3196 1773 3261 de
1834 3197 2029 3280 Fara,
2080 3194 2404 3281 quondam
2453 3194 2695 3258 domini
2739 3193 2940 3276 Petri,

1387 3306 1815 3371 bituricensis.

1172 3415 1255 3480 D.
1305 3416 1539 3480 Petrus
1586 3414 1665 3478 de
1714 3412 2118 3478 Tornamira.

1172 3523 1256 3588 D.
1302 3523 1538 3587 Petrus
1584 3521 1917 3585 Lamberti
1963 3520 2043 3584 de
2092 3517 2683 3605 Montepessulano.

1171 3630 1254 3695 D.
1305 3631 1538 3695 Petrus
1587 3628 1666 3693 de
1713 3627 1981 3712 Bocoj0,
2031 3626 2378 3691 canonicus
2424 3624 2887 3690 nemausensis.

1172 3736 1254 3802 D.
1304 3738 1539 3802 Petrus
1588 3734 2004 3817 Gondesalvi,
2053 3733 2399 3798 canonicus
2447 3732 2806 3817 burgensis.

1171 3845 1257 3911 D.
1306 3844 1540 3910 Petrus
1588 3844 1757 3909 filius
1790 3842 2031 3907 domini
2062 3841 2262 3925 Petri,
2297 3839 2547 3906 comitis
2580 3839 2661 3905 de
2695 3838 2942 3904 Vindo-

1384 3953 1547 4034 cim,
1597 3958 1841 4016 cantor.
1892 3949 2399 4015 cenomanensis.

1171 4060 1253 4125 D.
1303 4060 1536 4125 Petrus
1586 4059 1665 4123 de
1716 4058 1986 4123 Sanseio
2028 4056 2353 4143 quondam
2385 4054 2627 4119 domini
2662 4053 2938 4139 l‘golini,

1388 4167 1786 4253 lingonensis
1831 4165 2124 4231 diocesis.

1168 4275 1347 4362 Mag.
1396 4274 1739 4362 Philippus
1804 4273 1999 4338 Suart
2044 4271 2286 4337 domini
2336 4269 2705 4352 Guillelrni,
2755 4290 2942 4333 ceno·

1390 4382 1713 4447 manensis
1760 4380 2053 4445 diocesis.

1169 4492 1251 4557 D.
1300 4490 1684 4571 Rainaldns,
1732 4489 1868 4553 sive
1916 4485 2349 4572 Reginaldus,
2398 4484 2742 4550 canonicus
2790 4484 2942 4548 bur·

1383 4597 1773 4683 degalensis.

1170 4706 1255 4774 D.
1304 4705 1638 4771 Rodaldus
1683 4703 1763 4767 de
1812 4702 2145 4783 Pontiaco‚
2195 4708 2419 4766 cantor
2464 4699 2765 4764 dolensis.

1169 4814 1347 4900 Mag.
1400 4814 1620 4878 Simon
1666 4810 2020 4893 Matifardi,
2054 4810 2223 4873 filius
2266 4808 2589 4894 quondam
2620 4806 2939 4873 Johannis

1384 4919 1721 4986 Matifardi
1767 4919 1847 4982 de
1894 4918 2190 4982 ButiacO.

1167 5029 1251 5095 D.
1306 5029 1674 5115 Stephanus
1721 5026 2018 5108 Joannis,
2068 5024 2415 5089 canonicus
2461 5022 2888 5087 bracarensis.

1168 5137 1252 5202 D.
1306 5137 1676 5222 Stephanus
1723 5134 1803 5199 de
1852 5132 2079 5198 Insula
2125 5130 2450 5218 quondam
2481 5130 2723 5195 domini
2757 5129 2941 5194 Guil-

1384 5243 1586 5307 lielmi
1634 5241 2008 5323 Castellani,
2056 5239 2453 5305 tornacensis
2500 5237 2792 5302 diocesis.

1167 5350 1251 5417 D.
1279 5351 1654 5416 Thebaldus
1687 5349 1767 5414 de
1796 5348 2109 5414 Pontiaco
2149 5346 2319 5411 filius
2352 5345 2594 5411 domini
2626 5343 2940 5429 Goffredi,

1379 5466 1605 5524 cantor
1652 5456 1956 5523 dolensis.

1848 5724 2273 5791 MCCLXVI.

1165 5999 1249 6065 D.
1298 5997 1673 6063 Bernardus
1724 5995 2059 6083 Stephani,
2094 5993 2583 6059 archidiaconus
2626 6015 2933 6058 carcaxo-

1385 6105 1623 6170 nensis.

1167 6212 1253 6278 D.
1302 6212 1714 6278 Guillielmus
1760 6210 2066 6276 Brunitti.

1167 6319 1252 6385 D.
1301 6318 1729 6407 Raymundus
1776 6317 2053 6402 Alfredi,
2101 6338 2301 6404 nepos
2349 6315 2697 6381 Clementis
2742 6315 2863 6381 IV.

1165 6427 1253 6495 D.
1304 6427 1636 6509 Sanctius,
1685 6426 1891 6513 prior,
1924 6424 2131 6489 sancti
2192 6423 2511 6489 Johannis
2572 6422 2653 6488 de
2716 6422 2937 6509 Virgi-

1380 6535 1592 6599 nibus.

2569 678 2996 731 SOHOLARES

3051 677 3457 729 ILLUSTRES

3730 940 4190 1008 MCCLXVII.

3073 1155 3157 1220 D.
3206 1153 3531 1219 Henricus
3580 1153 3658 1218 de
3705 1153 4065 1219 Belmonte.

3713 1365 4211 1434 MOCLXVIII.

3073 1584 3156 1649 D.
3207 1583 3543 1649 Alfonsius
3592 1583 3876 1648 Martini.

3075 1692 3157 1758 D.
3186 1692 3431 1757 Ameus
3464 1690 3787 1778 quondam
3820 1690 4062 1755 domini
4092 1688 4445 1755 Rolandini
4468 1689 4547 1754 de
4570 1688 4833 1754 Azonis.

3076 1801 3160 1867 D.
3210 1800 3504 1886 Angelus
3552 1800 3632 1864 de
3675 1799 3907 1865 Roma.

3072 1907 3157 1975 D.
3207 1908 3599 1994 Angelerius
3646 1906 3726 1972 de
3774 1907 3996 1991 Prato,
4039 1906 4349 1993 magister
4392 1912 4457 1970 et
4501 1904 4723 1970 doctor
4769 1905 4834 1969 in

3287 2015 3624 2080 medicina.

3073 2124 3155 2189 D.
3207 2124 3634 2209 Augustinus,
3684 2122 4175 2188 archidiaconus
4221 2120 4717 2187 domblavensis.

3073 2232 3249 2317 Mag.
3284 2232 3590 2314 Baeolea,
3619 2231 3870 2314 fixicus,
3891 2230 4060 2294 filius
4093 2229 4332 2295 domini
4360 2228 4403 2294 J
4408 2228 4679 2294 ohannis
4708 2228 4840 2293 Pa-

3286 2340 3494 2425 squal,
3537 2339 3825 2404 notarius
3867 2337 4286 2426 pistoriensis,
4334 2358 4481 2401 cnm
4528 2336 4838 2422 magistro

3284 2446 3553 2530 Jacob0,
3604 2447 3816 2529 fixico,
3865 2445 3944 2510 de
3993 2445 4173 2510 Urbe
4216 2444 4463 2510 Veteri.

3068 2554 3245 2640 Mag.
3281 2553 3763 2637 Bonaventura,
3795 2552 4121 2640 professor
4151 2551 4310 2616 artis
4349 2551 4787 2637 grammatice.

3069 2663 3247 2748 Mag.
3298 2661 3758 2726 Bonaventura
3805 2660 3885 2725 de
3930 2660 4241 2742 Mantua,
4290 2658 4615 2746 professor
4677 2659 4836 2723 artis

3285 2769 3726 2854 grammatice.

3069 2874 3248 2962 Mag.
3296 2876 3518 2941 Bonus
3564 2876 3864 2958 lucensis,
3911 2874 4135 2940 doctor
4181 2873 4621 2960 grammatice.

3069 2983 3152 3048 D.
3202 2984 3694 3070 Bonrecuperus
3741 2982 3950 3066 Porri,
3998 2982 4222 3046 doctor
4268 2981 4507 3066 legum.

3070 3090 3330 3155 Brunus
3376 3090 3701 3177 quondam
3748 3089 4013 3155 Martini
4059 3088 4140 3153 de
4185 3088 4468 3153 Arretio.

3071 3197 3248 3283 Mag.
3297 3199 3694 3282 Dominicus,
3743 3197 4049 3262 medicus.

3069 3304 3246 3390 Mag.
3296 3304 3696 3388 Dominicus,
3744 3305 3969 3370 doctor
4001 3311 4066 3368 et
4098 3310 4310 3369 rector
4341 3303 4406 3367 in
4439 3302 4639 3386 fisica,
4671 3302 4844 3367 filius

3286 3412 3611 3498 quondam
3659 3412 3902 3477 domini
3947 3411 4057 3476 Fr.
4103 3410 4395 3476 Henrici.

3069 3519 3152 3585 D.
3199 3520 3576 3585 Dominicus
3626 3519 3959 3607 Stephani.

3070 3629 3153 3694 D.
3202 3628 3581 3693 Dominicus
3630 3629 3878 3693 Marcii.

3067 3734 3247 3822 Mag.
3297 3736 3570 3820 Egidius
3619 3735 3790 3801 filius
3844 3734 4172 3822 quondam
4219 3732 4461 3798 domini
4507 3731 4848 3799 Gaalberii

3284 3843 3363 3909 de
3413 3843 3754 3910 Cremona.

3066 3950 3243 4037 Mag.
3293 3951 3475 4015 Elias
3521 3952 3601 4015 de
3652 3951 4019 4033 Chintonia‚
4067 3950 4382 4036 anglicus.

3066 4058 3242 4144 Mag.
3291 4058 3692 4140 Fernandus,
3743 4059 4091 4123 canonicus
4138 4057 4471 4122 aretensis.

3067 4164 3150 4230 D.
3197 4165 3579 4230 Fernandus
3625 4166 3959 4230 Antonini.

3067 4271 3153 4337 D.
3202 4272 3604 4354 Fernandus,
3654 4272 4001 4337 canonicus
4050 4271 4382 4336 aretensis.

3070 4379 3152 4444 D.
3203 4380 3584 4445 Fernandns
3633 4379 3912 4466 Sugerii.

3069 4488 3152 4553 D.
3199 4488 3408 4552 Fidet.
3458 4487 3537 4551 de
3584 4488 3867 4571 Arretio,
3916 4487 4210 4574 scriptor.

3066 4595 3150 4661 D.
3200 4595 3586 4661 Franciscus
3633 4596 3802 4660 filius
3851 4594 4178 4681 quondam
4229 4594 4601 4660 Cavaturte.

3065 4702 3149 4768 D.
3200 4702 3439 4767 Fulcus
3471 4703 3640 4767 filius
3673 4703 3916 4769 domini
3947 4701 4210 4768 Rodulfi
4241 4700 4567 4788 quondam
4596 4699 4844 4766 domini

3283 4809 3543 4874 Rodulfi
3589 4810 3800 4875 Pacis.

3066 4918 3148 4982 D.
3202 4916 3483 4981 Garxias
3530 4917 3720 5004 Lupi.

3066 5024 3242 5110 Mag.
3294 5023 3664 5089 Gaufredus
3710 5024 3791 5089 de
3839 5024 4271 5108 Bellomonte,
4317 5022 4669 5110 apostolice
4725 5021 4846 5087 Se-

3280 5131 3379 5194 dis
3424 5131 3735 5216 Legatus,
3788 5152 3938 5196 cum
3985 5131 4132 5195 aliis
4178 5129 4600 5196 scholaribus.

3069 5238 3246 5324 Mag.
3319 5238 3649 5303 Gerardus
3719 5237 3800 5303 de
3874 5238 4196 5303 Cremona
4220 5287 4238 5322 ,
4286 5237 4616 5325 professor
4682 5237 4848 5301 artis

3281 5347 3722 5431 grammatice.

3065 5451 3243 5539 Mag.
3294 5454 3624 5519 Gerardus
3670 5454 3750 5518 de
3797 5453 4058 5537 Valeto,
4107 5452 4335 5519 doctor
4380 5451 4806 5517 decretorum.

3064 5560 3148 5626 D.
3199 5561 3647 5626 Gondesalvus
3695 5561 3895 5626 Petri.

3062 5668 3146 5734 D.
3196 5668 3646 5735 Gondesalvus
3693 5668 3982 5733 Martini.

3062 5775 3239 5862 Mag.
3288 5776 3641 5841 Gottardus
3690 5776 3770 5841 de
3819 5776 4088 5859 Valoto,
4137 5774 4544 5840 decretorum
4581 5774 4841 5840 doctor.

3061 5882 3144 5947 D.
3194 5883 3440 5948 Grillus
3495 5883 3664 5947 filius
3727 5883 4052 5969 quondam
4103 5881 4490 5966 Oavaturte,
4554 5881 4844 5955 civitatis

3280 5991 3658 6076 parmensis.

3062 6096 3240 6182 Mag.
3290 6097 3524 6180 Gnido,
3574 6098 3684 6184 qui
3731 6096 3854 6161 fuit
3898 6096 3979 6161 de
4025 6095 4417 6162 Mediolano.

3064 6203 3240 6290 Mag.
3292 6204 3676 6269 Guillelmus
3718 6203 3961 6269 domini
3992 6204 4192 6287 Petri,
4226 6203 4448 6268 militis
4480 6202 4559 6268 de
4594 6202 4846 6270 Staffis.

3067 6311 3242 6397 Mag.
3276 6311 3600 6376 Henricus
3639 6310 3809 6375 filius
3841 6310 4012 6376 dom.
4040 6310 4376 6377 Guillelmi
4404 6310 4485 6375 de
4517 6309 4848 6396 BojachO.

3062 6417 3148 6484 D.
3195 6418 3652 6502 Heverardus,
3701 6418 4039 6482 familiaris
4083 6424 4150 6482 et
4195 6417 4483 6484 serviens
4539 6418 4852 6505 magistri

3281 6525 3642 6591 Marcualdi
3689 6525 3768 6590 de
3815 6525 4089 6590 Mutina.
