5542 7775
1198 610 1351 682 304

1317 785 1419 851 De
1467 786 1645 850 lucro
1692 792 1908 850 autem
1962 783 2197 849 dicitnr
2243 781 2413 869 quod
2461 803 2586 846 non
2636 786 2957 864 tenentur,

1191 894 1315 957 nisi
1362 893 1441 957 de
1488 892 1654 958 falso
1701 892 2037 979 acquisito,
2085 891 2251 955 sicut
2295 889 2541 955 taxillis
2595 888 2780 953 falsis
2843 908 2959 952 seu

1190 1002 1390 1084 alias3
1446 1023 1671 1065 verum
1716 1000 2084 1086 suggeratis
2131 1000 2254 1064 sibi
2300 1005 2372 1063 ut
2418 997 2588 1084 quod
2635 997 2805 1061 male
2853 1017 2958 1060 ac-

1191 1109 1452 1196 quisivit
1497 1110 1563 1173 in
1608 1108 1793 1173 bonis
1839 1107 2185 1194 expendat,
2225 1105 2619 1193 pauperibus
2666 1125 2958 1190 erogare.

1317 1217 1391 1281 G.
1424 1238 1540 1303 pro
1588 1216 1762 1281 socio
1808 1216 1853 1280 1.
1887 1215 1980 1280 I.:
2031 1214 2420 1279 Societatem
2453 1234 2581 1277 uno
2614 1212 2958 1299 pecuniam

1187 1324 1558 1389 conferente
1593 1324 1719 1387 alio
1760 1344 2023 1409 operam
2060 1328 2387 1408 prestante
2420 1320 2713 1386 contrahi
2746 1319 2954 1404 magis

1187 1432 1484 1519 optinuit,
1519 1431 1671 1517 qnia
1703 1452 1855 1517 sepe
1889 1451 2087 1517 opera
2130 1429 2405 1514 alicujus
2453 1428 2796 1514 plusquam
2844 1449 2956 1514 pe·

1185 1541 1377 1605 cunia
1410 1540 1603 1621 valet,
1637 1546 1707 1603 ut
1740 1540 1806 1603 in
1839 1538 2021 1603 Iusti.
2057 1537 2286 1602 eodem
2318 1537 2353 1620 ξ
2386 1536 2477 1601 ΙΙ.
2498 1586 2515 1619 ,
2549 1543 2613 1600 et
2647 1537 2700 1600 si
2734 1543 2954 1622 partes

1184 1648 1437 1733 adjecto
1486 1669 1613 1712 non
1659 1646 1900 1712 fuerint
1944 1646 2208 1732 equales
2256 1645 2319 1709 in
2364 1646 2541 1709 lucro
2575 1651 2639 1708 et
2671 1644 2952 1730 dampno

1187 1762 1561 1843 spectantur
1606 1762 1677 1819 ιιι
1723 1754 1873 1841 Dig.
1914 1753 2141 1819 eodem
2188 1753 2241 1818 si
2288 1774 2417 1816 non
2463 1750 2773 1835 fueri[n]t.
2825 1750 2954 1815 Sed

1186 1886 1386 1951 quero
1419 1885 1503 1927 an
1535 1864 1644 1928 ille
1677 1862 1787 1949 qui
1812 1863 2152 1949 pecuniam
2177 1860 2467 1943 contulit,
2494 1859 2727 1924 debeat
2752 1859 2951 1924 habe-

1186 1994 1255 2036 re
1304 1971 1514 2057 capud
1541 1971 1619 2034 (1)
1650 1971 1901 2035 salvum
1941 1970 2005 2033 in
2047 1969 2359 2033 divisione
2406 1967 2753 2048 societatis,
2786 1966 2954 2031 idest

1186 2087 1445 2161 sortem,
1472 2085 1537 2142 et
1561 2079 1809 2142 lucrum
1834 2099 1918 2142 ex
1943 2099 2019 2141 ea
2047 2077 2429 2163 proveniens
2455 2074 2949 2139 communicare.

1182 2187 1227 2253 ‚J
1231 2208 1472 2252 oannes
1514 2185 1873 2270 distinguit,
1906 2206 1990 2248 an
2023 2183 2105 2249 ab
2138 2184 2321 2248 initio
2354 2183 2444 2247 sic
2478 2182 2727 2247 dederit
2760 2203 2952 2268 pecu-

1185 2296 1359 2359 niam
1407 2292 1527 2377 [ut]
1576 2293 2097 2375 communicaret,
2146 2299 2209 2355 et
2235 2291 2313 2356 (2)
2346 2312 2429 2354 an
2477 2298 2549 2354 ιιι
2594 2311 2711 2353 sua
2745 2310 2952 2353 rema-

1191 2409 1393 2468 neret.
1429 2402 1507 2466 In
1540 2401 1746 2488 primo
1792 2422 1946 2465 casu
1994 2399 2421 2464 communicat
2445 2398 2544 2480 (3),
2579 2398 2643 2461 in
2675 2396 2957 2461 secundo

1185 2531 1334 2575 non.
1372 2509 1498 2574 Sed
1532 2508 1706 2595 quid,
1749 2508 1804 2572 si
1836 2508 1957 2573 hoc
1997 2529 2123 2572 non
2158 2506 2519 2593 appareat?
2549 2503 2950 2591 Responsio:

1184 2618 1263 2682 In
1302 2618 1497 2683 dubio
1544 2617 1936 2705 presumitur
1981 2615 2473 2696 communicata,
2522 2619 2594 2677 ut
2640 2612 2792 2698 Dig.
2841 2633 2949 2676 eo-

1186 2725 1333 2791 dem
1376 2725 1419 2790 l.
1468 2724 1560 2808 1.‚
1609 2725 1645 2807 ξ
1690 2725 1799 2789 fin.
1853 2731 1919 2789 et
1964 2724 2007 2787 l.
2055 2722 2185 2806 11.,
2236 2723 2385 2787 licet
2446 2722 2577 2786 alia
2623 2721 2706 2785 sit
2752 2720 2946 2805 hujus

1186 2834 1465 2899 civitatis
1526 2840 1590 2897 et
1650 2831 2075 2919 quarumdam
2135 2832 2467 2896 civitatum
2530 2828 2948 2894 consuetudo.

1187 2942 1223 3024 ξ
1268 2940 1437 3005 Item
1478 2940 1634 3026 quid
1678 2941 1732 3004 si
1779 2940 1898 3004 hec
1944 2962 2083 3004 sors
2115 2940 2198 3003 sit
2244 2939 2501 3021 amissa,
2537 2958 2619 3001 an
2665 2943 2949 3001 tantum-

1186 3048 1334 3113 dem
1365 3048 1599 3112 debeat
1633 3068 1976 3134 reponere,
2011 3054 2076 3111 et
2123 3068 2205 3110 an
2252 3047 2335 3110 sit
2384 3067 2652 3110 comune
2698 3044 2949 3131 pericu-

1185 3155 1321 3220 lum
1367 3155 1802 3242 [Responsio:
1852 3176 1980 3220 non
2028 3161 2125 3219 est
2170 3175 2506 3219 commune
2552 3151 2948 3239 periculum]

1185 3270 1257 3328 ut
1288 3263 1397 3328 ille
1439 3264 1549 3349 qui
1587 3285 1849 3350 operam
1896 3262 2177 3349 ponebat
2215 3261 2457 3347 aliquid
2490 3260 2800 3343 conferat,
2835 3260 2948 3324 sed

1181 3375 1364 3439 finita
1411 3382 1509 3438 est
1539 3372 1865 3457 [societas]
1897 3370 2389 3457 interemptione
2422 3391 2659 3449 rerum,
2693 3375 2763 3432 ut
2796 3367 2948 3453 Dig.

1191 3483 1417 3549 eodem
1466 3483 1507 3546 1.
1542 3502 1802 3564 verum,
1852 3480 1887 3563 ξ
1934 3480 2277 3561 intereunt,
2320 3499 2468 3542 nam
2517 3483 2581 3540 et
2627 3476 2797 3541 circa
2843 3497 2951 3562 pe-

1189 3592 1446 3658 cuniam
1491 3588 1824 3655 consuevit
1870 3608 2134 3674 operam
2173 3585 2502 3667 exhibere,
2536 3605 2729 3670 quam
2762 3582 2952 3648 modo

1189 3722 1318 3766 non
1379 3699 1642 3763 habent.
1691 3696 2063 3762 Accursius.

1312 3807 1465 3893 Dig.
1493 3828 1610 3894 pro
1645 3806 1817 3871 socio
1847 3804 1892 3869 l.
1918 3804 1974 3868 si
2005 3824 2131 3868 non
2164 3801 2477 3887 fueri[n]t‚
2503 3800 2849 3888 Ulpianus:
2881 3798 2952 3863 Si

1188 3939 1316 3983 non
1365 3917 1605 3981 fuerint
1645 3921 1861 4000 partes
1908 3911 2233 3978 societatis
2280 3910 2553 3996 adjecte,
2593 3930 2793 3995 equas
2841 3929 2951 3972 eas

1187 4048 1327 4091 esse
1373 4031 1658 4107 constat:
1693 4024 1748 4087 si
1777 4042 1933 4087 vero
1977 4020 2297 4108 placuerit
2327 4025 2398 4083 ιιι
2431 4018 2572 4105 quis
2604 4016 2766 4080 duas
2804 4037 2952 4103 par-

1187 4140 1284 4199 tes
1330 4134 1435 4197 vel
1481 4140 1612 4197 tres
1657 4130 1916 4213 habeat,
1965 4129 2133 4192 alins
2179 4148 2397 4209 unam,
2447 4148 2531 4190 an
2575 4125 2844 4190 valeat?
2887 4130 2953 4188 et

1186 4242 1401 4328 placet
1438 4241 1691 4323 valere,
1739 4239 1793 4303 si
1848 4237 2038 4302 modo
2085 4236 2167 4301 ad
2214 4235 2278 4300 id
2305 4234 2384 4299 (4)
2410 4234 2555 4321 plus
2609 4231 2954 4297 contulerit

1187 4349 1479 4414 societati
1513 4349 1615 4412 vel
1648 4347 1937 4435 pecunie,
1971 4345 2076 4410 vel
2109 4366 2324 4432 opere,
2349 4344 2455 4408 vel
2488 4343 2951 4428 cujuscumque

1188 4456 1452 4520 alterius
1484 4456 1579 4520 rei
1610 4476 1806 4520 causa
1837 4454 1873 4537 ἓ
1905 4454 2009 4519 Ita
2039 4454 2195 4518 coiri
2228 4452 2604 4517 societatem
2634 4470 2845 4536 posse,
2881 4453 2952 4511 ut

1187 4564 1433 4627 nullam
1491 4570 1741 4650 partem
1804 4562 2068 4648 dampni
2129 4562 2296 4625 alter
2356 4557 2637 4640 senciat,
2697 4555 2952 4620 lucrum

1188 4693 1340 4736 vero
1391 4692 1726 4736 commune
1774 4671 1877 4754 sit,
1913 4669 2172 4735 Cassius
2217 4674 2443 4755 putat:
2492 4664 2662 4752 quod
2702 4665 2794 4729 ita
2840 4663 2950 4727 de-

1186 4801 1363 4844 mum
1424 4779 1698 4862 valebit,
1748 4784 1820 4844 ut
1881 4777 2160 4843 Sabinus
2215 4775 2505 4862 scripsit,
2554 4773 2611 4838 si
2654 4774 2822 4837 tanti
2868 4772 2951 4835 sit

1185 4909 1416 4975 opera,
1465 4888 1691 4974 quanti
1743 4886 2094 4973 dampnum
2150 4890 2284 4968 est:
2337 4883 2718 4970 plerumque
2775 4880 2949 4945 enim

1186 5003 1367 5061 tanta
1412 5003 1511 5061 est
1555 4995 1874 5060 industria
1919 4994 2097 5077 socii,
2147 5000 2218 5057 ut
2262 4992 2409 5079 plus
2459 4989 2750 5055 societati
2799 5010 2949 5053 con·

1184 5104 1353 5169 ferat
1384 5126 1577 5191 quam
1624 5103 1933 5190 pecunia:
1982 5102 2137 5166 item
2197 5099 2253 5164 si
2309 5099 2483 5163 solus
2545 5097 2846 5183 naviget,
2894 5096 2948 5160 si

1183 5213 1357 5278 solus
1401 5212 1870 5299 peregrinetur,
1902 5209 2194 5296 pericula
2224 5208 2455 5271 subeat
2494 5205 2691 5271 solus.
2725 5204 2949 5269 Aristo

1184 5320 1381 5386 refert
1412 5320 1708 5385 Cassium
1748 5317 2174 5404 respondisse,
2209 5315 2583 5381 societatem
2627 5321 2845 5378 tamen
2872 5312 2950 5377 (5)

1183 5428 1340 5494 coiri
1387 5449 1517 5492 non
1572 5448 1796 5514 posse,
1844 5432 1915 5489 ut
1962 5425 2127 5490 alter
2170 5423 2422 5487 lucrum
2466 5427 2738 5503 tantum,
2783 5419 2949 5484 alter

1182 5536 1535 5621 dampnum
1580 5534 1881 5616 sentiret,
1928 5539 1992 5597 et
2048 5531 2210 5595 alias
2232 5530 2310 5593 (6)
2341 5529 2510 5594 hanc
2570 5527 2946 5592 societatem

1179 5643 1506 5708 leoninam
1546 5642 1808 5708 solitum
1846 5662 1994 5705 eum
2026 5640 2104 5705 (Ἰ)
2150 5639 2515 5725 appellare3
2550 5643 2615 5701 et
2646 5658 2761 5701 nos
2796 5657 2945 5700 con·

1180 5753 1492 5817 sentimus
1539 5751 1735 5815 talem
1782 5748 2157 5813 societatem
2196 5746 2442 5810 nullam
2480 5766 2642 5827 esse,
2677 5752 2749 5808 ut
2781 5743 2946 5807 alter

1178 5861 1431 5926 lucrum
1479 5858 1726 5923 senciat
1771 5856 1937 5920 alter
1973 5876 2128 5920 vero
2176 5853 2528 5939 dampnum
2573 5852 2843 5916 sentiret
2883 5858 2949 5915 et

1306 6075 1385 6140 (1)
1427 6071 1672 6139 Capitale
1707 6070 1764 6121 in
1804 6068 1892 6121 Gl.

1305 6165 1384 6230 (2)
1424 6163 1529 6214 Sic.

1305 6254 1384 6321 (8)
1425 6251 1868 6304 Communicatur
1903 6250 1960 6300 in
2000 6247 2089 6300 Gl.

1305 6347 1385 6413 (4)
1422 6343 1652 6411 Aliquid
1688 6343 1743 6394 in
1782 6341 1978 6394 Textu.

1305 6435 1383 6501 (5)
1432 6431 1616 6483 Talem
1653 6432 1711 6482 in
1752 6430 1953 6484 Textu.

1306 6526 1384 6591 (6)
1423 6523 1530 6575 Sic.

2694 624 3341 676 MONUMENTOBUM

3088 780 3336 844 nullum
3396 779 3681 863 lucrum:
3729 778 4202 864 iniquissimum
4262 777 4434 842 enim
4489 799 4694 862 genus
4751 800 4854 843 so-

3087 887 3337 952 cietatis
3378 895 3494 969 est,
3530 887 3591 951 iu
3629 909 3757 973 qua
3790 887 3932 973 quis
3964 886 4316 972 dampnum
4349 893 4414 950 et
4445 907 4572 950 non
4604 886 4858 950 lucrum

3086 1002 3351 1081 spectet.

3211 1102 3491 1166 Paulus:
3526 1102 3777 1166 Mucius
3816 1101 4039 1166 scribit
4082 1122 4212 1166 non
4259 1122 4448 1188 posse
4480 1101 4856 1166 societatem

3088 1210 3264 1293 coiri,
3314 1218 3384 1274 ut
3431 1210 3625 1274 aliam
3672 1209 3955 1297 dampni,
4005 1209 4202 1275 aliam
4247 1210 4409 1275 lucri
4455 1217 4706 1296 partem
4752 1232 4855 1275 so·

3087 1317 3224 1383 cius
3271 1318 3472 1402 ferat:

3213 1426 3513 1510 Servius,
3564 1448 3680 1491 nec
3727 1448 3916 1513 posse
3962 1427 4337 1492 societatem
4385 1426 4476 1491 ita
4530 1427 4846 1509 contrahi,

3082 1555 3292 1620 neque
3338 1535 3705 1618 lucrumffl),
3732 1534 3856 1598 nisi
3887 1535 4062 1599 omni
4095 1535 4375 1621 dampno
4409 1534 4704 1619 deducto,
4741 1556 4851 1600 ne-

3083 1663 3207 1728 que
3254 1642 3625 1729 dampnum,
3675 1642 3799 1706 nisi
3846 1642 4020 1708 omni
4068 1643 4247 1707 lucro
4294 1641 4592 1707 deducto.

3206 1749 3333 1814 Sed
3366 1755 3580 1836 potest
3611 1751 3884 1815 societas
3918 1750 4211 1815 contrahi
4246 1751 4356 1834 ita,
4385 1758 4458 1814 nt
4488 1752 4630 1835 ejus
4663 1751 4848 1836 lucri,

3079 1857 3250 1944 quod
3300 1858 3618 1944 reliquum
3673 1857 3740 1922 in
3801 1859 4108 1923 societate
4163 1858 4281 1942 sit,
4332 1859 4507 1923 omni
4567 1858 4848 1947 dampno

3078 1963 3374 2049 deducto,
3408 1987 3558 2052 pars
3598 1967 3818 2052 aliqua
3836 1967 3916 2032 (9)
3943 1967 4332 2050 conferatur,
4370 1975 4436 2031 et
4482 1968 4624 2052 ejus
4671 1967 4850 2032 darn-

3080 2073 3221 2158 pni,
3271 2074 3441 2159 quod
3489 2074 3782 2138 similiter
3829 2073 4315 2161 relinqu[a]tur,
4363 2096 4514 2161 pars
4570 2075 4699 2139 alia
4744 2097 4852 2141 ca-

3079 2179 3317 2266 piatur.

3205 2288 3364 2352 Plus
3397 2288 3740 2354 contulerit
3771 2288 4096 2354 societati:
4140 2289 4210 2354 Si
4258 2297 4476 2355 autem
4523 2312 4654 2355 non
4698 2314 4851 2357 con-

3083 2396 3304 2460 tulerit
3364 2396 3546 2483 plus,
3596 2396 3904 2483 numquid
3965 2398 4088 2462 hoc
4136 2406 4398 2485 pactum
4445 2399 4664 2464 valet?
4709 2400 4851 2485 qui-

3081 2502 3251 2585 dam,
3285 2511 3357 2568 nt
3401 2506 3598 2589 Azo.‚
3631 2505 3802 2591 quod
3835 2527 3982 2588 non,
4017 2513 4089 2570 ut
4125 2506 4259 2588 hic,
4292 2512 4359 2571 et
4397 2506 4567 2571 infra
4612 2507 4842 2572 eodem

3080 2610 3235 2697 quid
3295 2611 3466 2676 enim
3512 2613 3548 2695 ξ
3601 2612 3782 2677 illud.
3831 2612 3917 2677 Et
3963 2621 4062 2678 est
4108 2614 4310 2697 ratio,
4360 2616 4512 2700 quia
4574 2615 4852 2679 societas

3075 2719 3273 2784 habet
3315 2721 3423 2806 jus
3469 2721 3915 2805 fraternitatis,
3947 2721 4120 2787 unde
4166 2723 4319 2787 licet
4365 2721 4580 2806 alia[s]
4620 2723 4846 2808 hujus-

3077 2828 3249 2892 modi
3283 2837 3474 2914 pacta
3503 2838 3843 2894 serventur
3872 2830 4118 2895 scilicet
4144 2830 4259 2894 (10)
4284 2830 4559 2918 depositi
4592 2832 4634 2895 l.
4669 2835 4694 2896 1
4735 2832 4770 2914 ξ
4811 2836 4864 2896 1·

3077 2936 3132 3000 si
3178 2937 3496 3020 convenit,
3529 2937 3634 3002 hic
3679 2945 3897 3001 tamen
3945 2959 4073 3002 non
4115 2938 4398 3021 valeant,
4432 2948 4502 3003 ut
4533 2939 4706 3003 infra
4737 2961 4848 3003 ea-

3078 3043 3223 3108 dem
3271 3044 3313 3108 l.
3360 3044 3396 3127 ἓ
3441 3045 3590 3129 fin.,
3638 3053 3704 3109 et
3748 3044 3919 3109 infra
3978 3045 4206 3110 eodem
4260 3046 4305 3110 l.
4352 3067 4576 3110 verum
4639 3047 4693 3111 Ι.
4741 3069 4846 3112 re-

3079 3172 3337 3237 sponso.

3200 3261 3333 3325 Alii
3381 3261 3634 3344 dicunt,
3683 3269 3754 3327 ιιι
3799 3262 4123 3346 Joannes,
4172 3263 4344 3350 qnod
4391 3263 4600 3347 valet,
4651 3271 4716 3328 et
4768 3265 4849 3328 li-

3076 3368 3304 3434 benter
3350 3369 3895 3435 audiunt(¹¹)hic
3949 3371 4264 3453 maxime:
4301 3392 4450 3434 nam
4504 3371 4626 3436 hoc
4680 3372 4847 3458 ipso,

3080 3477 3250 3564 quod
3297 3477 3508 3541 socius
3553 3478 3655 3560 sit,
3703 3477 3924 3542 dicunt
3985 3479 4096 3542 alii
4160 3478 4379 3543 afferri
4440 3478 4850 3543 commodum

3080 3584 3362 3670 aliquod,
3411 3592 3484 3649 ut
3529 3593 4019 3671 argumentatur
4063 3585 4233 3651 infra
4278 3586 4359 3651 de
4404 3586 4851 3651 contrahenda

3079 3694 3423 3779 emptione,
3458 3693 3499 3757 l.
3534 3693 3719 3757 fundi
3755 3701 4026 3781 partem.
4061 3694 4284 3777 Tertii,
4316 3702 4389 3758 nt
4420 3694 4527 3759 Al.
4550 3744 4566 3777 ,
4601 3694 4847 3777 dicunt,

3080 3800 3251 3888 quod
3295 3801 3471 3865 valet
3510 3802 3658 3887 jure
3703 3801 3897 3889 pacti,
3947 3823 4074 3866 non
4117 3802 4265 3887 jure
4314 3801 4661 3866 societatis.
4712 3801 4849 3865 Sed

3079 3909 3288 3996 prima
3334 3910 3548 3975 verior
3593 3917 3710 3975 est.

3206 4018 3399 4083 Tanti
3445 4019 3529 4083 sit
3575 4040 3807 4106 opera:
3859 4019 4118 4084 Scilicet
4164 4019 4558 4085 extimanda.

3206 4126 3449 4201 Quanti
3493 4127 3843 4214 dampnum
3892 4134 4022 4192 est:
4058 4127 4237 4192 Idest
4267 4128 4625 4214 periculum
4662 4127 4848 4191 dam-

3077 4233 3189 4320 pni
3236 4234 3572 4299 subeundi.

3205 4342 3273 4406 Si
3320 4343 3495 4408 solus
3527 4344 4011 4430 peregrinetur:
4047 4343 4225 4409 Idest
4267 4344 4404 4408 sine
4447 4343 4647 4408 socio.
4677 4343 4848 4410 Azo.

3080 4450 3210 4515 Sed
3257 4452 3411 4538 quid
3456 4452 3513 4517 si
3553 4451 3863 4540 perdatur
3893 4452 4167 4539 pecunia
4198 4453 4397 4517 talis?
4430 4473 4513 4516 an
4553 4453 4638 4516 sit
4672 4453 4847 4538 peri-

3079 4559 3296 4623 culum
3342 4561 3726 4625 commune?
3771 4561 3815 4625 J
3819 4582 4095 4625 oannes:
4136 4582 4284 4644 non,
4318 4560 4440 4623 nisi
4471 4561 4593 4624 hoc
4626 4568 4848 4623 actum

3078 4673 3211 4751 est3
3245 4668 3410 4732 sicut
3447 4667 3502 4732 si
3533 4668 3699 4732 alter
3730 4669 3840 4754 qui
3887 4689 4115 4754 operas
4162 4674 4428 4754 prestat,
4460 4674 4844 4750 moreretur,

3076 4797 3206 4840 non
3251 4783 3422 4840 esset
3467 4797 3826 4840 commune.
3877 4775 4006 4840 Sed
4051 4797 4135 4840 an
4183 4783 4401 4862 posset
4438 4796 4606 4840 unus
4638 4774 4845 4839 alium

3077 4883 3463 4969 compellere
3488 4883 3592 4947 vel
3617 4884 3733 4949 (12)
3758 4883 4033 4970 operari,
4058 4883 4163 4948 vel
4196 4890 4268 4947 ut
4299 4882 4698 4947 tantumdem
4729 4904 4845 4968 pe-

3076 4990 3263 5055 cunie
3317 4992 3648 5077 reportet?
3692 4990 4083 5077 Responsio:
4117 4990 4286 5074 Non,
4313 4990 4466 5076 quia
4499 4990 4710 5055 soluta
4741 4998 4844 5055 est

3076 5099 3350 5164 societas
3413 5098 3903 5185 interemptione
3953 5120 4204 5182 rernm,
4252 5103 4325 5162 ut
4376 5097 4546 5161 infra
4608 5098 4838 5162 eodem

3076 5228 3303 5272 verum
3351 5206 3386 5289 ξ
3431 5206 3541 5271 fin.

3202 5314 3289 5379 Et
3334 5316 3501 5380 alter
3545 5335 3700 5379 vero
3747 5314 4131 5401 dampnum:
4181 5313 4440 5379 Scilicet
4493 5320 4719 5395 totum,
4769 5320 4844 5377 ut

3075 5422 3575 5507 subjicit3idem
3620 5429 3719 5487 est
3765 5422 3820 5486 si
3866 5429 4118 5508 partem
4164 5421 4426 5508 dampni
4473 5421 4739 5503 senciat,
4775 5429 4844 5486 et

3074 5529 3271 5594 nichil
3304 5530 3485 5594 lucri.
3518 5528 3678 5594 Azo.
3716 5528 3844 5593 Sed
3892 5551 4037 5594 cum
4082 5529 4398 5614 majorem
4441 5536 4693 5615 partem
4739 5527 4844 5592 lu-

3073 5638 3194 5722 cri,
3228 5645 3294 5702 et
3339 5638 3655 5703 minorem
3701 5636 4015 5724 [dampni]
4055 5658 4143 5703 ex
4174 5644 4365 5723 pacto
4397 5644 4666 5723 possunt
4696 5659 4844 5723 per—

3073 5748 3307 5832 cipere,
3341 5753 3413 5810 ut
3455 5767 3651 5832 supra
3690 5745 3918 5810 eadem
3949 5746 4015 5809 in
4061 5745 4369 5832 princip.‚
4406 5745 4547 5830 quis
4595 5746 4717 5809 erit
4768 5745 4846 5808 fi-

3073 5854 3221 5918 nis?
3245 5853 3520 5917 Videtur
3551 5852 3723 5917 enim
3756 5852 3926 5938 quod
3958 5852 4013 5916 si
4044 5852 4241 5918 etiam
4272 5873 4472 5917 unum
4504 5849 4844 5917 nummum

3201 6071 3279 6136 (Ἰ)
3317 6069 3383 6121 In
3422 6069 3540 6121 cod.
3577 6065 3621 6121 ἒ.

3202 6161 3279 6226 (8)
3318 6158 3459 6212 Vide
3498 6159 3661 6211 infra.

3201 6252 3280 6316 (9)
3318 6249 3452 6300 Alia
3487 6250 3544 6300 in
3582 6248 3670 6300 Gl.

3166 6343 3282 6409 (10)
3329 6340 3393 6392 Ut
3427 6356 3599 6407 cupra
3636 6339 3692 6391 in
3733 6339 3821 6391 Gl.

3167 6432 3282 6496 (11)
3319 6430 3665 6483 Subaudiunt
3700 6430 3757 6481 in
3796 6428 3884 6481 Gl.

3167 6523 3281 6589 (12)
3320 6521 3427 6574 Sic.
