5542 7775
1628 580 2091 632 SPEOTAN'HA
2146 581 2249 632 AD
2304 580 2816 632 PROFESSORES
2872 580 3085 632 JURIS
3140 580 3409 631 01V1L1s
4231 561 4327 632 75

877 732 964 798 Et
1010 755 1133 820 ego
1177 725 1349 799 idem
1395 733 1753 799 Jacobinus
1801 733 2119 799 Guidonis
2165 734 2534 817 Francholi‚
2582 734 2874 799 notarius
2918 734 3266 820 predictae,
3316 732 3579 798 interfui
3624 739 3690 799 et
3733 733 4026 820 predicta
4070 740 4338 820 rogatus

698 840 955 926 publice
1001 841 1230 928 scripsi
1274 848 1341 907 et
1383 842 1755 929 subscripsi,
1803 849 1870 908 et
1914 843 2334 908 constitutum
2378 849 2444 908 et
2489 843 2986 908 constituentem
3031 842 3329 929 cognovi.

875 948 1071 1015 Anno
1119 950 1383 1016 Domini
1441 950 1782 1016 millesimo
1844 950 2285 1016 ducentesimo
2347 951 2769 1036 nonagesimo
2833 951 3059 1033 tertio,
3106 950 3456 1016 indictione
3502 957 3724 1034 sexta,
3771 950 3875 1014 die
3920 950 4129 1037 primo
4175 950 4335 1014 iunii

695 1059 800 1131 (ῑῖ
822 1054 1032 1121 dictus
1079 1056 1376 1122 dominus
1420 1058 1746 1140 Julianus,
1793 1064 2176 1145 procurator
2220 1057 2374 1122 dicti
2422 1057 2665 1122 domini
2710 1057 3120 1141 Francischi,
3168 1057 3613 1145 procuratorio
3658 1057 3917 1123 nomine
3963 1079 4081 1144 pro
4126 1079 4205 1123 eo
4252 1057 4337 1122 ad

697 1162 1112 1251 infrascripta
1156 1170 1254 1229 est
1299 1165 1684 1229 constitutus
1732 1186 1815 1230 ex
1862 1164 2287 1229 instrumento
2334 1165 2462 1230 mei
2509 1165 2780 1249 notarii3
2814 1186 3033 1230 coram
3064 1186 3166 1230 me
3200 1164 3451 1230 notario
3494 1171 3560 1229 et
3604 1164 3877 1230 testibus
3908 1165 4336 1252 infrascriptis

696 1272 1114 1356 presentavit,
1149 1270 1328 1336 dedit
1371 1278 1437 1336 et
1482 1271 1781 1357 deposuit
1824 1271 2031 1336 dictos
2077 1270 2408 1337 codicillos
2454 1271 2642 1336 fratri
2687 1272 2975 1358 Ugolino
3022 1271 3102 1336 de
3150 1271 3456 1355 Castello,
3490 1272 3846 1337 sacristano
3893 1271 4164 1337 fratrum
4213 1272 4336 1338 Mi·

696 1398 927 1442 norum
960 1378 1039 1443 de
1085 1379 1403 1462 Bononia,
1436 1377 1792 1465 sigilandos
1840 1378 2032 1464 sigilo
2078 1379 2234 1443 dicti
2278 1386 2634 1444 conventus
2664 1379 2803 1443 sive
2836 1378 3200 1465 guardiani,
3233 1378 3587 1444 secundum
3618 1379 3893 1445 formam
3925 1386 4333 1444 statutorum.

872 1484 1113 1550 Actum
1157 1486 1453 1552 Bononie
1499 1486 1564 1550 in
1611 1485 1907 1551 sacristia
1940 1486 2256 1551 dictorum
2289 1487 2584 1570 fratrum,
2618 1487 3027 1573 presentibus
3060 1486 3260 1552 fratre
3291 1486 3656 1553 Alixandro
3689 1486 3769 1551 de
3801 1493 4025 1552 sancto
4057 1487 4100 1551 J
4104 1508 4334 1570 oanne‚

696 1591 807 1678 qui
853 1593 1097 1657 aseruit
1143 1613 1213 1657 se
1261 1613 1650 1679 cognoscere
1696 1593 1938 1658 dictum
1986 1592 2317 1658 dominum
2347 1593 2685 1657 Julianum
2732 1600 2798 1657 et
2844 1593 3271 1658 sacristanum
3317 1592 3698 1679 predictum,
3733 1600 3798 1658 et
3828 1593 4029 1658 fratre
4061 1593 4335 1659 Zuliano

695 1700 773 1764 de
819 1701 1208 1783 Britenorio,
1255 1702 1549 1766 testibus.
1599 1701 1728 1776 Qui
1773 1701 1974 1767 frater
2018 1700 2341 1787 Ugolinus
2407 1701 2879 1766 incontinenter
2938 1701 3181 1787 recepit
3227 1708 3293 1767 et
3345 1701 3519 1765 illius
3579 1701 3796 1788 sigillo
3858 1722 4004 1766 cere
4050 1701 4339 1787 sigilavit

695 1806 900 1873 dictos
947 1808 1272 1874 codicilos.
1305 1809 1392 1874 Et
1438 1830 1561 1895 ego
1609 1808 1779 1873 idem
1809 1809 1853 1874 J
1857 1808 2166 1873 acobinus
2199 1808 2514 1874 Guidonis
2547 1809 2917 1892 Francholi‚
2951 1809 3260 1892 notarius,
3295 1808 3600 1895 predictis
3649 1807 3913 1873 interfui
3951 1816 4017 1874 et
4047 1808 4338 1895 predicta

693 1914 1024 1999 publicavi
1069 1922 1137 1979 et
1181 1916 1411 2002 scripsi
1456 1922 1524 1979 et
1568 1915 1846 2001 signavi.

1089 2023 1149 2086 Α
1326 2045 1361 2086 o
1412 2046 1434 2087 .·

871 2022 1168 2193 Codiclilli
1194 2020 1454 2194 tdoymini
1497 2129 1828 2195 Francisci
1860 2129 2187 2217 quondam
2218 2129 2462 2194 domini
2746 2130 3020 2195 Lectum
3066 2137 3132 2195 et
3177 2130 3599 2215 plubicatum.

692 2235 991 2319 Accursij
1038 2236 1319 2302 doctoris
1367 2237 1607 2323 legum.

868 2342 1141 2409 Lectum
1188 2351 1254 2409 et
1299 2345 1721 2431 plubicatum.
2745 2343 3162 2408 Publicatum
3208 2345 3361 2430 quia
3406 2351 3718 2409 mortuus.

868 2450 1144 2516 Factum
1192 2460 1311 2517 est.
2744 2451 3020 2516 Factum
3067 2458 3186 2516 est.

2386 2770 2631 2836 XLVI.

2420 2986 2610 3050 1293.

1038 3199 1143 3264 Ex
1190 3200 1455 3265 archivo
1503 3200 1783 3287 publico,
1831 3201 1897 3264 in
1947 3200 2112 3264 libro
2159 3200 2567 3264 Diversorum
2619 3199 3034 3264 Consiliorum
3079 3207 3145 3263 et
3195 3199 3470 3263 aliarum
3516 3219 3730 3264 rerum
3776 3198 4000 3286 populi

2038 3313 2103 3371 et
2150 3306 2524 3372 Communis
2571 3306 2865 3371 Bononie
2890 3306 2991 3371 (1).
3417 3297 3424 3306 ⁸

872 3518 953 3584 In
1001 3519 1242 3585 Christi
1282 3520 1562 3604 nomine,
1596 3523 1806 3585 amen.
1841 3520 2248 3607 Infrascripti
2294 3527 2445 3585 sunt
2491 3520 2602 3608 qui
2647 3542 2789 3585 esse
2837 3520 3077 3585 debent
3121 3520 3201 3586 de
3250 3520 3534 3586 Consilio
3579 3521 3850 3586 duorum
3899 3521 4169 3586 millium
4215 3543 4334 3609 pro

697 3647 867 3692 anno
913 3626 1131 3692 futuro
1180 3627 1521 3692 millesimo
1568 3626 2007 3692 ducentesimo
2054 3627 2474 3713 nonagesimo
2520 3635 2771 3714 quarto,
2821 3627 3167 3694 indictione
3213 3628 3509 3714 septima.

873 3733 973 3797 De
1021 3735 1349 3819 quarterio
1397 3740 1582 3821 porte
1629 3734 2037 3799 ravennatis:

1052 3842 1370 3908 Dominus
1417 3843 1894 3909 Baxacomater
1941 3842 2021 3909 de
2066 3842 2673 3928 Baxacomatribus,
2722 3844 2948 3910 doctor
2991 3843 3232 3930 legum,

1050 3950 1368 4016 Dominus
1416 3950 1744 4016 Gardinus
1790 3951 1870 4016 de
1918 3950 2245 4035 Gardinis,
2293 3951 2517 4017 doctor
2563 3953 2804 4038 legum,

1052 4057 1372 4123 Dominus
1419 4057 1676 4122 Tadeus
1722 4057 1966 4123 domini
2009 4057 2253 4123 Ubaldi
2300 4057 2379 4122 de
2428 4057 2656 4123 Castro
2702 4058 2911 4123 sancti
2955 4056 3156 4141 Petri,
3204 4057 3427 4123 doctor
3471 4057 3690 4144 legum
3714 4056 3815 4122 (2).

1052 4212 4294 4230 0000000000000000000000000000000000000000000000000

1053 4271 1370 4337 Dominus
1417 4272 1754 4337 Zordanus
1803 4272 2048 4337 domini
2091 4271 2426 4359 Bologniti
2472 4271 2552 4337 de
2599 4272 2961 4358 Flagnano,
2996 4272 3244 4359 positus
3289 4272 3432 4337 loco
3479 4271 3634 4337 dicti
3679 4272 3922 4337 domini
3965 4271 4189 4354 Tadei,
4223 4271 4335 4357 qui

695 4399 763 4443 se
813 4379 952 4443 vult
996 4379 1076 4443 de
1123 4379 1385 4444 civitate
1430 4379 1724 4445 Bononie
1772 4387 2131 4463 ascentare,
2179 4401 2263 4444 ex
2308 4380 2733 4445 instrumento
2780 4379 3115 4465 Bologniti
3160 4379 3241 4444 de
3286 4379 3629 4465 Flagnano
3675 4380 3910 4445 notarii
3935 4378 4035 4445 (⁸).

2374 4737 2656 4803 XLVII.

2158 4970 2354 5055 1294,
2403 4971 2443 5035 4
2489 4969 2860 5055 septembris.

832 5203 937 5267 Ex
983 5201 1246 5267 archivo
1293 5201 1472 5267 Max.
1519 5201 1808 5286 Bonon.,
1857 5202 1925 5267 in
1971 5203 2461 5269 Memorialibus
2509 5203 2882 5269 Communis
2930 5203 3163 5285 (Mem.
3211 5200 3469 5266 Nicolai
3512 5200 3850 5266 Michaelis
3896 5201 4192 5284 Aimerii‚

2332 5334 2387 5378 c.
2443 5314 2523 5377 14
2572 5313 2687 5395 r.).

868 5542 1215 5608 Millesimo
1279 5542 1717 5609 ducentesimo
1778 5542 2200 5630 nonagesimo
2262 5550 2492 5630 quarto
2513 5593 2530 5627 ‚
2576 5543 2927 5609 indictione
2988 5543 3297 5630 septima,
3359 5541 3463 5607 die
3523 5541 3737 5606 sabati
3801 5547 4031 5628 quarto
4092 5540 4331 5605 mensis

691 5650 1030 5716 setenbris.

865 5762 971 5836 OE‘
1001 5758 1319 5824 Dominus
1382 5757 1747 5823 Chabrinus
1809 5758 1889 5823 de
1954 5757 2347 5844 Seregnanis
2409 5759 2489 5823 de
2552 5757 2873 5824 Cremona
2934 5757 3229 5845 promisit
3288 5756 3548 5823 domino
3610 5756 3922 5841 magistro
3988 5755 4187 5820 Petro
4250 5754 4331 5819 de

690 5867 1013 5932 Boateriis
1059 5866 1278 5952 legere
1324 5865 1561 5930 librum
1607 5864 2099 5931 Institutionum
2143 5865 2211 5930 in
2257 5872 2429 5931 testu
2476 5873 2542 5931 et
2586 5866 2819 5952 glossis
2865 5866 3097 5931 melius
3144 5887 3340 5952 quam
3385 5863 3608 5930 siverit
3655 5871 3720 5929 et
3763 5863 4000 5950 poterit
4037 5861 4332 5928 Bononie

692 5976 755 6039 in
806 5995 975 6039 anno
1022 5973 1089 6037 in
1137 5972 1377 6038 scholis
1423 5973 1579 6037 dicti
1626 5972 1921 6059 magistri
1966 5972 2183 6057 Petri,
2231 5973 2595 6039 inchoando
2655 5973 2875 6059 legere
2937 5972 3180 6037 dictum
3233 5972 3471 6036 librum
3523 5971 3591 6036 in
3643 5970 3809 6036 festo
3855 5970 4063 6035 sancti
4106 5969 4330 6034 Luche

851 6240 930 6306 (1)
969 6239 1052 6292 Ne
1091 6240 1236 6292 hunc
1274 6239 1475 6292 librum
1511 6240 1729 6309 quidem
1769 6239 1824 6292 in
1864 6239 2103 6292 Archivo
2141 6238 2381 6291 maximo
2418 6238 2663 6292 invenire
2699 6238 2872 6308 potui.
2910 6238 2985 6304 (c.
3010 6239 3096 6304 ιι.)

851 6330 930 6395 (2)
970 6328 1229 6381 Deletum
1268 6343 1469 6381 nomen
1506 6344 1672 6398 super
1710 6329 1933 6381 inducta
1971 6328 2138 6395 linea,
2178 6332 2252 6394 et,
2291 6328 2359 6380 ad
2398 6328 2543 6381 latus
2579 6328 2835 6397 paginae,
2873 6344 3015 6397 quae
3053 6330 3357 6397 sequuntur
3396 6328 3587 6381 eadem
3626 6343 3793 6379 manu
3829 6328 4105 6378 notantur.
4143 6326 4216 6390 (c.
4243 6324 4327 6391 u.)

850 6419 930 6484 (3)
971 6417 1286 6488 Sequuntur
1322 6417 1518 6470 deinde
1559 6419 1781 6470 nomina
1820 6434 2027 6484 eorum,
2062 6418 2156 6487 qui
2197 6420 2355 6469 erant
2392 6417 2449 6469 in
2487 6416 2745 6469 Consilio.
2785 6417 2859 6483 (o.
2886 6418 2972 6485 ιι.)
