5542 7775
2069 650 2500 702 SOHOLARES
2553 652 2963 704 ILLUSTRES

687 804 770 868 D.
818 803 1083 868 Boneus
1130 803 1211 868 de
1259 802 1577 868 Talamia.

686 910 795 976 Fr.
821 910 1222 996 Bonifacius,
1255 911 1457 977 abbas
1488 913 1696 978 sancti
1727 913 1992 979 Martini
2023 913 2104 979 de
2135 914 2454 979 Pollonia.

686 1018 769 1083 D.
818 1019 1216 1104 Bonifacius‚
1251 1020 1361 1107 qui
1399 1020 1634 1086 dicitur
1678 1020 2069 1105 Bonuslaus,
2102 1043 2303 1108 nepos
2342 1020 2455 1086 do·

901 1128 1059 1192 mini
1104 1127 1409 1215 Episcopi
1456 1128 1987 1193 vratislaviensis.

685 1234 767 1300 D.
817 1235 1177 1302 Consalvus
1221 1236 1547 1302 Roderici.

686 1341 769 1407 D.
817 1341 1198 1427 Consalvus,
1246 1350 1472 1409 666161
1515 1343 1962 1408 salmantinae.

683 1450 766 1514 D.
818 1449 1108 1515 Ooradus
1155 1450 1235 1515 de
1280 1450 1810 1516 Wandenbarch.

681 1558 767 1623 D.
813 1557 996 1621 Elias
1042 1557 1122 1622 de
1170 1558 1367 1641 Τ616,
1415 1559 1760 1624 666661666
1806 1558 2222 1624 16666166616.

680 1663 764 1731 D.
812 1663 1363 1749 Erchembaldus,
1428 1665 1777 1731 canonicus
1846 1665 2054 1730 sancti
2119 1665 2302 1730 Petri
2370 1664 2451 1730 de

899 1772 1261 1858 Magantia,
1309 1772 1478 1837 filius
1526 1772 1769 1837 domini
1815 1772 2156 1839 Gotifredi.

679 1880 765 1945 D.
815 1879 1196 1945 Fornandus
1245 1880 1449 1946 abbas
1496 1880 1576 1945 de
1624 1880 1878 1946 Alfaro.

682 1986 767 2051 D.
815 1987 1199 2052 Fernandus
1243 1986 1539 2070 Martini,
1588 1988 1934 2052 canonicus
1977 1986 2448 2052 bracharensis.

680 2094 765 2161 D.
814 2095 1200 2160 Franciscus
1248 2094 1328 2160 de
1377 2095 1782 2181 Caverzago,
1832 2094 2178 2160 canonicus
2241 2093 2449 2158 sancti

899 2202 1251 2288 Gangerici
1296 2203 1786 2268 cameracensis.

751 2364 766 2379 .
816 2312 1084 2378 Gabriel
1132 2312 1211 2377 de
1261 2313 1424 2377 Sora
1467 2313 1835 2398 genuensis,

816 2421 1175 2486 Gaisardus
1224 2420 1302 2485 dc
1349 2420 1589 2485 Souris.

815 2531 1160 2595 Galluxius
1208 2528 1450 2593 (1616161
1494 2527 1814 2593 Johannis
1860 2527 1941 2591 (16
1986 2527 2323 2593 Vercellis.

818 2639 1085 2704 Garsias
1131 2637 1333 2702 Petri.

813 2746 1143 2812 Gerardus
1185 2747 1264 2810 de
1296 2746 1591 2827 Plotche,
1625 2745 1972 2809 canonicus
2003 2745 2212 2808 sancti
2246 2744 2446 2809 Seba-

891 2855 1087 2919 stiani
1134 2852 1689 2938 madeburgensis.

815 2962 1146 3027 Gerardus
1192 2961 1363 3025 filius
1409 2960 1652 3025 domini
1691 2959 1925 3025 Jacobi
1970 2960 2051 3024 de
2091 2959 2449 3045 Pegoraria

888 3071 967 3135 de
1013 3070 1372 3148 Placentia,
1420 3068 1768 3134 canonicus
1816 3067 2162 3133 furnensis.

680 3179 856 3265 Mag.
908 3178 1235 3244 Giffredus
1282 3177 1811 3258 Bartivellarius,
1859 3177 2222 3264 prepositus
2283 3176 2448 3241 Nor·

899 3288 1157 3352 mandie
1202 3287 1269 3351 in
1313 3286 1609 3351 Ecclesia
1656 3286 2041 3350 carnotensi.

681 3395 764 3460 D.
817 3395 1218 3459 Glisalbinus
1265 3394 1344 3459 de
1391 3393 1830 3459 Pulcrofonte.

681 3503 764 3567 D.
816 3502 1189 3568 Glurandus
1236 3502 1316 3567 de
1363 3501 1627 3584 Plothe,
1677 3501 2022 3566 6666616116
2069 3500 2277 3565 666611
2321 3499 2449 3564 Fa·

894 3611 1073 3675 biani
1121 3618 1187 3676 61
1235 3610 1603 3675 8666611661
1650 3610 1714 3674 16
1764 3608 2216 3695 andeborgh.

677 3717 760 3783 D.
812 3717 1247 3784 Gondisalvus
1295 3717 1610 3800 Zoderici,
1659 3717 2006 3782 canonicus
2051 3716 2410 3780 leridensis.

676 3826 760 3892 D.
812 3827 1180 3893 Gonsalvus
1224 3826 1550 3910 Roderici,
1599 3826 1944 3891 6611661666
1999 3824 2445 3890 661616611666.

677 3934 758 4000 D.
810 3935 1220 4018 Guillelmus,
1268 3934 1712 4000 thesaurarius
1758 3932 2217 3998 teraconensis.

675 4042 853 4128 Mag.
905 4042 1315 4125 Guillelmus,
1364 4042 1712 4106 canonicus
1756 4040 2090 4105 remensis.

682 4148 859 4235 Mag.
909 4149 1295 4213 Guillelmus
1341 4149 1565 4213 Vitali.

683 4255 767 4321 D.
818 4255 1204 4321 Guillelmus
1265 4256 1343 4321 de
1407 4256 1854 4338 Monasteriis,
1903 4254 2250 4320 6666616116
2308 4255 2445 4319 leu-

897 4365 1104 4428 censis
1129 4365 1230 4429 (l).

681 4471 767 4537 D.
816 4472 1200 4538 Guillelmus
1248 4475 1327 4538 de
1376 4472 1675 4536 Talamia
1711 4472 1914 4536 frater
1944 4471 2187 4536 domini
2216 4470 2444 4535 Bonei.

684 4579 765 4644 D.
812 4579 1137 4645 Henricus
1182 4603 1396 4646 comes
1443 4580 1523 4645 de
1569 4578 1885 4644 Lavania.

680 4686 764 4752 D.
811 4688 1138 4754 Henricus
1187 4689 1531 4775 Sanglerii,
1580 4688 1927 4753 canonicus
1972 4687 2304 4752 remensis.

676 2963 763 3028 ψ
678 2314 764 2812 βῦψψυ

681 4795 764 4860 D.
811 4795 1319 4881 Hildebrandus‚
1367 4797 1713 4863 canonicus
1759 4796 2196 4882 hoenborgh.,
2222 4794 2446 4883 pleba-
2496 4887 2503 4895 .

895 4925 1015 4967 nus
1064 4905 1129 4969 16
1174 4904 1503 4988 Ρ1616666,
1550 4904 2039 4990 avelburgensis
2084 4903 2377 4969 diocesis.

680 5011 857 5098 Mag.
905 5012 1105 5098 Hugo
1152 5014 1498 5100 Sanglerii,
1544 5014 1890 5079 canonicus
1935 5012 2266 5078 remensis.

681 5120 859 5206 Mag.
906 5121 1240 5186 «Iohannes
1286 5122 1365 5186 (16
1412 5122 1678 5187 Rivalta
1724 5121 1804 5186 de
1849 5121 2081 5207 Regio.

681 5229 765 5294 D.
809 5229 852 5295 J
857 5229 1144 5295 ohannes
1189 5230 1269 5294 de
1315 5230 1663 5314 RoveretO,
1696 5230 2015 5317 presbiter
2054 5236 2119 5294 et
2164 5229 2445 5315 capella-

895 5359 1015 5402 nus
1048 5338 1387 5403 reverendi
1432 5339 1633 5425 patris
1673 5337 1916 5403 domini
1960 5335 2270 5424 Episcopi
2316 5335 2445 5401 cel-

895 5446 1295 5512 lamerensis.

680 5554 765 5619 D.
812 5554 1147 5620 Johannes
1206 5553 1286 5618 de
1333 5554 1718 5640 Bervuych,
1766 5560 1977 5618 rector
2037 5552 2306 5619 ecclesie
2366 5551 2446 5617 de

893 5661 1228 5749 Reynefra
1273 5662 1353 5727 de
1404 5662 1641 5727 Scotia.

680 5770 764 5835 D.
811 5771 1146 5836 16666666
1189 5771 1572 5836 Bonabroze
1618 5768 1842 5834 doctor
1884 5769 2126 5854 legum.

683 5877 765 5943 D.
813 5877 1148 5943 Johannes
1194 5878 1274 5942 (16
1320 5878 1716 5942 Altomonte.

680 5986 763 6051 D.
812 5986 1213 6069 Leonardus,
1261 5987 1608 6051 canonicus
1655 5986 2108 6050 cesenatensis.

681 6091 764 6157 D.
810 6093 1150 6175 Lutoldus,
1195 6100 1406 6158 rector
1452 6093 1721 6158 ecclesie
1768 6093 1835 6157 in
1880 6093 2145 6158 Buoria.

681 6199 764 6264 D.
812 6200 1192 6266 Manfredus
1229 6202 1309 6266 de
1342 6200 1646 6284 Mirollio‚
1680 6202 2025 6265 6611661666
2058 6199 2443 6286 urgellensis

894 6314 958 6371 et
1004 6308 1181 6394 prior
1223 6307 1535 6373 Panzani.

804 6539 883 6605 (1)
924 6539 1011 6590 An
1048 6540 1421 6594 laudunensis.

1055 6842 1192 6881 TOX.
1231 6841 1296 6879 11.

4190 635 4336 706 321

2582 804 2667 870 D.
2714 805 3035 870 Martinus
3083 806 3414 893 hispanus,
3463 806 3687 872 (166161
3732 806 4156 874 decretorum.

2581 910 2666 976 D.
2689 911 3011 977 Martinus
3035 912 3314 978 Ysimini
3339 913 3418 978 de
3444 914 3731 999 Τ616116,
3753 919 4348 1003 cesaraugustensis

2796 1019 3090 1085 diocesis.

2578 1124 2664 1190 D.
2711 1125 3032 1191 Martinus
3077 1127 3247 1192 filius
3280 1127 3521 1193 domini
3551 1129 3774 1215 Egidii
3804 1129 3884 1195 de
3918 1129 4215 1216 Seminis,
4248 1155 4349 1199 re-

2794 1242 2932 1298 ctor
2996 1235 3265 1300 ecclesie
3333 1235 3414 1301 de
3486 1235 3703 1320 0666,
3752 1242 4348 1325 6666166366166616

2795 1341 3090 1407 (11666616.

2580 1447 2663 1513 D.
2712 1447 3042 1514 Mattheus
3074 1449 3153 1513 de
3186 1449 3521 1537 Boyseria,
3556 1452 3902 1517 canonicus
3934 1454 4347 1522 novimensis.

2578 1554 2663 1620 D.
2711 1554 2867 1622 Otto
2915 1556 2994 1621 de
3041 1555 3499 1643 Revenbergh.

2576 1661 2661 1727 D.
2711 1662 3085 1729 Octobonus
3132 1665 3211 1729 de
3259 1666 3616 1751 Placentia,
3664 1675 3894 1733 rector.

2576 1772 2662 1839 D.
2711 1772 2953 1861 Opizus
3003 1775 3084 1840 de
3132 1776 3538 1842 Guallandis.

2576 1880 2660 1946 D.
2706 1880 2944 1946 Petrus
2989 1883 3175 1948 Muta
3222 1884 3302 1948 de
3352 1883 3771 1951 carcassona.

2576 1988 2661 2054 D.
2709 1990 2944 2055 Petrus
2992 1991 3406 2077 pallentinus.

2574 2096 2687 2162 Fr.
2731 2097 3143 2186 Philippinus
3190 2100 3270 2165 de
3316 2100 3621 2184 Verallis,
3653 2102 3829 2189 prior
3861 2110 4214 2169 conventus
4249 2103 4345 2168 fa·

2789 2207 3037 2272 ventini
3084 2208 3345 2273 Ordinis
3393 2209 3888 2296 predicatorum.

2573 2311 2658 2377 D.
2704 2312 3083 2402 Prepesitus
3130 2317 3536 2401 11636166616.

2573 2419 2658 2485 D.
2704 2421 3132 2507 Raymundus
3181 2423 3260 2488 de
3307 2424 3564 2489 Mortia.

2573 2527 2658 2593 D.
2707 2528 3135 2616 Raymundus
3184 2530 3263 2596 de
3315 2531 3675 2597 Muroforti.

2574 2636 2657 2702 D.
2705 2636 3044 2702 Rolandus
3089 2638 3335 2725 Lupus,
3386 2639 3732 2704 canonicus
3779 2639 4185 2705 morinensis.

2571 2742 2656 2808 D.
2707 2744 3119 2828 Savanixius,
3167 2746 3666 2831 archipresbiter
3710 2747 3948 2811 Montis
3994 2747 4231 2812 Alcini.

2572 2850 2750 2937 Mag.
2804 2851 3026 2916 Simon
3074 2853 3154 2917 de
3201 2853 3490 2918 Lixorio.

2571 2958 2655 3024 D.
2705 2958 2950 3023 Taldus
2998 2961 3344 3024 canonicus
3392 2969 3613 3026 666616
3662 2960 4008 3046 Malgarite
4067 2960 4146 3026 de
4210 2962 4345 3048 epi-

2789 3074 3059 3153 scopatu
3106 3066 3345 3132 Fixoli.
3873 3135 3881 3142 ,

2572 3173 2657 3238 D.
2704 3173 2991 3239 Ubertus
3039 3175 3345 3262 spirensis
3394 3176 3563 3239 filius
3611 3176 3853 3241 domini
3900 3175 4138 3241 Caroli.

2571 3282 2656 3347 D.
2702 3283 3048 3368 Ugolinus‚
3095 3286 3442 3350 canonicus
3492 3285 3759 3351 Cesene.

2573 3392 2656 3458 D.
2706 3391 2898 3456 Vitus
2946 3392 3152 3456 dictus
3199 3392 3522 3479 Copasino
3570 3393 3649 3457 de
3692 3393 3988 3458 Polonia.

2573 3498 2657 3564 D.
2708 3499 2989 3582 Urlicus,
3017 3500 3362 3564 canonicus
3410 3500 3738 3587 spirensis,
3787 3501 3954 3566 filins
4000 3501 4061 3566 d.
4098 3501 4334 3566 Caroli.

3175 3716 3739 3781 MCCLXXXIII.

2571 3931 2748 4018 Mag.
2798 3932 3014 3997 Adam
3059 3932 3139 3996 de
3185 3932 3469 3998 Landm.

2570 4039 2655 4105 D.
2702 4041 2920 4105 Adam
2967 4041 3245 4105 vicarius
3308 4040 3908 4106 salincherichensis
3954 4039 4033 4105 de
4083 4039 4336 4125 866116,

2787 4148 2990 4213 frater
3033 4147 3340 4235 Episcopi
3387 4148 3793 4213 catamensis.

2570 4256 2655 4321 D.
2702 4256 2918 4322 Adam
2964 4255 3045 4320 de
3091 4255 3319 4321 Laudo
3367 4256 3448 4320 de
3495 4256 3863 4320 AtrebattO.

2570 4363 2655 4428 D.
2703 4363 3121 4429 Almoravius
3170 4362 3424 4428 661616.

2570 4471 2654 4536 D.
2702 4470 2981 4535 Amatus
3027 4472 3304 4536 Armati.

2568 4579 2655 4645 D.
2702 4580 3100 4645 Amblardus
3146 4579 3226 4643 de
3272 4578 3553 4644 Arifato.

2569 4686 2748 4773 Mag.
2796 4686 3095 4752 Andreas
3139 4686 3510 4772 Megliosati
3556 4685 3636 4750 de
3683 4684 3924 4748 Firm0.

2568 4794 2653 4860 D.
2698 4794 3003 4860 Andreas
3051 4775 3356 4859 Subirani
3404 4793 3654 4880 provin.

2570 4902 2652 4971 D.
2700 4902 2996 4988 Angelus
3043 4902 3122 4966 de
3168 4901 3400 4966 Roma.

2570 5011 2655 5077 D.
2701 5011 2998 5097 Angelus
3044 5009 3381 5074 Mazolarii
3428 5008 3508 5072 de
3554 5006 3785 5071 Roma.

2568 5120 2655 5185 D.
2702 5120 3078 5185 Armannus
3127 5118 3207 5183 de
3252 5116 3623 5200 Exeborgo.

2569 5227 2656 5293 D.
2704 5226 3037 5293 Arnaldus
3087 5224 3411 5290 Subirani.

2568 5336 2655 5401 D.
2703 5333 3034 5399 Arnaldus
3083 5330 3475 5413 Carbonelli,
3510 5327 3954 5416 quaturcensis
4000 5326 4297 5392 diocesis.

2571 5441 2655 5506 D.
2703 5441 3077 5506 Artobonus
3123 5437 3454 5524 Raynaldi
3498 5437 3579 5501 de
3623 5434 3993 5501 Plaxentia.

2572 5548 2682 5614 Fr.
2731 5548 3057 5613 Antonius
3103 5546 3183 5611 de
3230 5551 3457 5610 666616
3504 5544 3809 5609 06161166
3855 5542 3934 5606 (16
3979 5541 4253 5607 Mutina.

2571 5655 2656 5721 D.
2704 5655 3202 5721 Bartholomeus
3249 5653 3330 5717 de
3367 5651 3585 5717 Labro
3616 5651 3899 5716 Alviano
3931 5649 4011 5714 de
4042 5647 4334 5713 Mantua.

2568 5765 2655 5833 D.
2699 5763 3031 5828 Beltrame
3079 5759 3404 5848 quondam
3451 5758 3734 5824 Maurini
3765 5758 3846 5823 de
3880 5756 4164 5839 0611666,
4197 5755 4334 5820 dio-

2567 5979 2653 6046 D.
2685 5869 3125 6042 Begzsdisiuffld'
3130 5889 3637 6061 ε616611116661161
3667 5971 3873 6037 sancti
3905 5971 3948 6037 J
3952 5969 4223 6036 ohannis
4256 5968 4335 6033 de

2780 6084 3074 6149 Pistoris.

2568 6195 2653 6261 D.
2691 6192 3066 6259 Bernardus
3099 6191 3177 6256 de
3210 6189 3504 6274 Foliano,
3538 6188 3883 6254 canonicus
3914 6192 4135 6251 sancte
4169 6183 4328 6250 0111-

2784 6303 2876 6368 616
2923 6299 3411 6365 aurelianensis.

4104 6813 4167 6862 41
