5542 7775
195 3844 226 4882 *mn-1.
193 2818 226 3827 ffl———u—
209 2622 224 2785 ιιι-ιιι·-

1439 629 1482 699 2
1497 628 1594 699 70
3010 646 3489 696 nosrxsxm

3124 1015 3385 1081 XXXI.

2882 1234 3074 1303 1260,
3124 1234 3211 1294 26
3256 1231 3635 1315 seldembris.

2033 1446 2134 1510 Ex
2185 1446 2412 1509 eodem
2473 1474 2500 1501 e
2553 1444 2742 1509 Libro
2786 1448 3021 1509 Axium
3074 1472 3135 1513 ι,
3182 1467 3313 1508 car.
3364 1452 3447 1507 hs
3498 1448 3577 1508 r.‘'
3624 1460 3687 1507 et
3738 1440 3863 1527 ιη’,
3910 1460 3975 1507 et
4024 1448 4108 1509 89
4158 1442 4239 1509 ι’
4284 1460 4349 1509 et
4396 1453 4485 1509 ιη·

1477 1661 1727 1725 Divisio
1763 1684 2012 1748 posses·
2145 1660 2221 1724 In
2273 1661 2526 1724 nomine
2575 1659 2859 1741 Domini,
2891 1682 3101 1723 amen.
3138 1658 3277 1723 Hec
3326 1676 3543 1746 partes
3590 1682 3665 1723 ac
3714 1660 4060 1723 divisiones
4102 1660 4573 1746 possessionum
4618 1660 4889 1747 Capitulj
4932 1665 5019 1729 bo-

1426 1769 1680 1832 sionum
1723 1768 2008 1855 Capitulj
2145 1769 2468 1832 noniensis
2517 1768 2683 1831 facte
2731 1775 2795 1830 et
2842 1767 3047 1830 divise
3108 1789 3223 1853 per
3268 1767 3561 1831 dominos
3621 1768 3981 1832 Canonicos
4040 1767 4453 1831 bononiensis
4514 1768 4799 1832 Ecclesie
4856 1772 5015 1836 infra·

1431 1916 1444 1921 -
1521 1916 1590 1921 -—
1659 1914 2058 1921 ———————-
2139 1878 2432 1963 scriptos,
2483 1897 2752 1961 quorum
2802 1875 3061 1939 nomina
3110 1875 3375 1938 inferius
3422 1875 3835 1939 declarantur
3880 1888 3945 1938 et
3992 1876 4229 1961 scripta
4280 1888 4463 1939 sunt:

1604 1984 1680 2048 In
1731 1985 1954 2072 primis
2002 1998 2066 2049 et
2117 1985 2178 2048 in
2227 1984 2434 2070 prima
2485 1992 2666 2069 parte
2713 1994 3067 2068 posuerunt
3116 2005 3337 2046 omnes
3384 1984 3841 2069 possessiones.
3890 2005 4015 2069 que
4062 1983 4143 2046 ad
4194 1983 4403 2068 ipsum
4450 1983 4817 2070 Capitulum
4858 1988 5018 2071 perti·

1425 2104 1576 2157 nent
1629 2094 1692 2156 in
1741 2094 2138 2179 pertinencia
2179 2106 2240 2155 et
2292 2091 2484 2155 Curia
2535 2091 2867 2154 Canetulis
2914 2104 2977 2154 et
3026 2090 3291 2153 Paclnlis
3342 2092 3515 2159 Sale.
3562 2108 3837 2176 excepta
3884 2090 4131 2175 brayda
4178 2090 4467 2159 Padulis.
4502 2113 4624 2176 que
4674 2092 4795 2155 suit
4838 2106 5019 2180 empta

1423 2224 1462 2261 a
1511 2200 1660 2263 filiis
1709 2200 1948 2263 domini
1997 2199 2352 2281 Bonifatij,
2398 2214 2460 2261 et
2509 2210 2716 2277 terra,
2766 2219 2891 2282 que
2940 2197 3263 2282 quondam
3312 2198 3433 2260 suit
3480 2197 3889 2265 Bernardini.
3930 2198 4139 2283 posita
4186 2196 4267 2260 ad
4314 2197 4721 2267 Canetulum.
4768 2214 4827 2262 et
4872 2222 5021 2263 casa·

1429 2318 1644 2371 menta
1693 2308 1772 2371 de
1822 2308 2158 2377 Canetulo,
2208 2330 2332 2392 que
2379 2306 2615 2368 dantur
2661 2305 2740 2367 ad
2794 2306 3187 2391 pensionem,
3236 2318 3299 2367 et
3348 2305 3607 2368 Medata
3658 2308 3793 2369 sive
3840 2306 4069 2368 domus
4116 2305 4359 2381 Pallee‚
4408 2327 4531 2391 que
4592 2318 4741 2369 sunt
4804 2308 5021 2371 labora·

1423 2426 1638 2477 torum
1703 2416 1838 2477 sive
1903 2415 2398 2491 conductorum,
2447 2414 2552 2498 qui
2603 2428 2775 2475 stant
2824 2434 3019 2498 super
3066 2412 3177 2475 illa
3223 2426 3637 2481 casamenta:
3684 2435 3809 2498 que
3856 2413 4083 2475 domus
4144 2414 4281 2475 sive
4326 2412 4585 2475 Medata
4632 2414 4730 2498 illj
4778 2413 5023 2497 domini,

1423 2524 1534 2608 qui
1585 2522 1915 2586 habebunt
1963 2522 2202 2585 dictam
2249 2536 2520 2607 partem.
2555 2532 2897 2584 teneantur
2942 2544 3155 2584 emere
3198 2522 3375 2604 justo
3428 2522 3679 2607 precio:
3714 2521 3885 2607 quod
3918 2522 3971 2584 si
4004 2544 4217 2583 emere
4262 2542 4385 2584 non
4420 2521 4657 2585 vellent
4690 2522 4841 2585 dicti
4874 2523 5025 2587 habi·

1423 2640 1692 2711 tatorcs,
1741 2631 1984 2715 possint
2034 2652 2110 2693 ea
2159 2629 2416 2691 elevare
2463 2642 2526 2690 et
2573 2642 2833 2714 portare
2882 2627 2965 2691 ad
3012 2650 3233 2691 eorum
3284 2630 3705 2692 voluntatem.

1610 2735 1774 2799 Item
1824 2736 2066 2799 addunt
2116 2736 2282 2799 dicte
2333 2737 2502 2821 partj
2552 2736 2712 2799 duas
2759 2736 3031 2820 petiolas
3080 2749 3249 2799 terre
3300 2737 3569 2821 prative,
3618 2758 3743 2822 qne
3790 2751 3937 2798 sunt
3990 2736 4051 2798 in
4102 2735 4393 2798 Guardia
4438 2735 4761 2799 Pollicini.

1603 2844 1789 2907 Sorte
1839 2845 2128 2929 projecta
2176 2844 2254 2905 de
2303 2844 2634 2907 voluntate
2681 2842 2965 2905 omnium
3028 2856 3089 2905 et
3154 2843 3555 2913 singulorum
3618 2842 4067 2911 dominorum.
4114 2842 4251 2906 sive
4306 2842 4629 2929 Capituli,
4678 2858 4741 2907 et
4806 2846 5027 2908 nemine

1423 2951 1924 3031 contradicente,
1971 2950 2230 3015 devenit
2280 2952 2342 3014 in
2391 2964 2640 3037 partem
2690 2950 3113 3036 infrascriptis
3160 2950 3466 3013 dominis:

1598 3063 1704 3133 (ἴ
1733 3058 2012 3122 Domino
2061 3059 2332 3122 Alberto
2380 3058 2833 3122 archidiacono
2880 3058 3257 3121 bononiensi

1599 3171 1704 3241 Εἴ
1733 3165 2012 3231 Domino
2063 3167 2418 3252 presbitero
2465 3166 2750 3245 I'golino

1598 3278 1702 3346 (ζ’
1737 3274 2015 3337 1)οωίηο
2063 3275 2420 3359 presbitero
2467 3274 2843 3355 Frumento,
2894 3273 3347 3353 mansionario,
3397 3288 3459 3336 ct
3509 3274 3698 3337 sociis
3747 3273 3878 3336 suis

1598 3385 1702 3455 (ζ’
1733 3381 2012 3444 Domino
2061 3381 2418 3467 presbitero
2466 3382 2738 3463 Jacobo,
2788 3382 3241 3461 mansionario,
3290 3396 3355 3444 et
3404 3382 3592 3445 sociis
3640 3382 3795 3444 suis.

1603 3488 1678 3551 In
1729 3489 2012 3551 secunda
2061 3511 2214 3551 vero
2261 3500 2444 3574 parte
2495 3500 2845 3575 posuerunt
2894 3488 3205 3574 braydam
3254 3488 3333 3551 de
3382 3488 3709 3574 Malpasso
3758 3489 4031 3575 positam
4084 3489 4147 3551 in
4196 3488 4373 3551 curia
4420 3489 4703 3569 Argelis,
4758 3491 4891 3554 sive
4936 3490 5042 3554 Ca-

1427 3594 1601 3677 nutj,
1649 3602 1714 3658 et
1759 3594 2095 3658 Decimam
2145 3595 2336 3659 Curie
2385 3608 2446 3657 et
2497 3595 2783 3659 (tuan-die
2830 3596 3091 3675 Argelis
3140 3604 3202 3658 et
3252 3617 3471 3659 omnes
3534 3597 3969 3682 possessiones
4017 3617 4179 3680 quas
4230 3594 4423 3658 habet
4472 3594 4799 3659 Canonica
4864 3596 5041 3659 bono·

1423 3701 1668 3764 nieneis
1715 3712 1776 3763 et
1825 3703 2034 3785 sanctj
2082 3702 2423 3771 Johannis,
2472 3714 2533 3765 et
2584 3724 2706 3788 que
2753 3702 3135 3765 laborantur
3181 3716 3241 3764 et
3292 3716 3591 3765 tenentur
3638 3725 3753 3789 per
3800 3702 4151 3765 Martinum
4201 3702 4671 3765 ferrariensem.

1600 3807 1765 3871 Item
1813 3818 2020 3872 terras
2068 3818 2130 3873 et
2181 3831 2442 3872 nemora
2489 3822 2554 3873 et
2599 3809 3037 3897 possessiones
3086 3832 3209 3896 que
3257 3821 3405 3873 sunt
3454 3812 3517 3872 iu
3566 3809 3958 3873 Morafusca.

1599 3916 1762 3981 Item
1811 3927 2017 3981 terras
2067 3939 2227 4003 quas
2275 3927 2494 3981 tenent
2541 3927 2606 3982 et
2660 3919 2903 3982 habent
2966 3919 3261 3982 dominus
3308 3919 3679 3992 Verardus,
3729 3921 4075 3983 canonicus
4123 3918 4343 3982 Plebis
4391 3919 4469 3982 de
4518 3918 4759 4000 Cent0,
4810 3933 4873 3982 et
4918 3920 5045 4003 ejus

1421 4025 1678 4104 fratres,
1729 4025 1808 4087 de
1855 4025 2090 4109 quibus
2137 4025 2494 4089 redduntur
2541 4049 2652 4090 xx.
2700 4027 2927 4090 corbes
2974 4028 3281 4110 frumentj
3330 4041 3393 4090 et
3441 4039 3591 4090 sunt
3638 4027 3701 4090 in
3748 4026 4117 4090 Morafusca
4164 4026 4335 4090 ultra
4382 4025 4658 4090 Renum.

1601 4131 1766 4195 Item
1813 4132 2058 4196 addunt
2106 4132 2274 4197 dicte
2321 4135 2492 4219 partj
2541 4155 2861 4220 campum,
2896 4156 3085 4219 quem
3126 4144 3301 4197 tenet
3334 4134 3629 4198 dominus
3660 4133 3906 4197 Paulus
3943 4134 4005 4197 in
4039 4133 4233 4216 lo[co]
4268 4134 4377 4219 qui
4408 4133 4643 4196 dicitur
4674 4133 5046 4217 Roncadellj

1423 4239 1486 4303 in
1535 4240 1712 4303 curia
1761 4240 2082 4305 Pollicini.

1601 4347 1766 4411 Item
1815 4347 2060 4411 addunt
2107 4348 2278 4411 dicte
2327 4350 2497 4434 partj
2545 4348 2802 4412 vineam
2850 4348 2929 4412 de
2978 4349 3413 4412 Ambroxonis
3462 4350 3735 4435 positam
3786 4349 3851 4412 in
3898 4349 4311 4428 Archovezo,
4361 4370 4553 4434 quam
4601 4360 4825 4413 tenent
4874 4371 5051 4412 vene·
5126 4420 5145 4431 ,

1424 4455 1643 4518 rabilis
1693 4465 1879 4541 pater
1925 4455 2220 4518 dominus
2270 4457 2696 4536 Octavianus,
2737 4455 3104 4538 cardinalis,
3154 4465 3217 4520 et
3265 4457 3559 4521 dominus
3607 4457 3924 4543 presbiter
3970 4456 4368 4541 I’goli[nu]s,
4410 4463 4475 4520 et
4520 4455 4821 4520 dominus
4870 4457 5051 4521 Octa-

1421 4563 1671 4644 vianus,
1721 4584 1920 4649 nepos
1967 4562 2120 4627 dicti
2168 4563 2536 4626 cardinalis.

1596 4670 1762 4733 Item
1809 4670 2054 4734 addunt
2101 4670 2268 4734 dicte
2316 4672 2488 4756 partj
2537 4693 2833 4758 campum
2882 4672 2961 4735 de
3008 4672 3407 4752 Archovem,
3444 4694 3633 4757 quem
3680 4679 3901 4736 tenent
3942 4671 4237 4735 dominus
4272 4672 4588 4758 presbiter
4620 4671 4965 4756 I'golinus,
4997 4679 5053 4735 et

1420 4775 1716 4840 dominus
1764 4777 2184 4858 Octavianus,
2234 4785 2298 4841 et
2346 4777 2642 4842 dominus
2687 4779 3005 4864 presbiter
3050 4779 3335 4843 Jacobus
3381 4787 3445 4842 et
3492 4780 3650 4863 socij
3700 4781 3826 4863 suj.

1596 4884 1763 4949 Item
1810 4884 2056 4949 addunt
2105 4886 2274 4949 dicte
2324 4887 2494 4971 partj
2544 4885 2821 4970 burgum
2870 4886 3076 4950 sancti
3122 4887 3322 4968 Petri,
3370 4895 3433 4950 et
3482 4896 3691 4950 ortum
3739 4887 3818 4950 de
3868 4886 4103 4970 Pujola
4150 4908 4375 4950 versus
4422 4887 4734 4972 Aposam.

1599 4992 1764 5055 Item
1812 4992 2056 5056 addunt
2106 4992 2274 5056 dicte
2323 4994 2495 5078 partj
2542 4993 2678 5077 viij.
2728 4993 2953 5057 corbes
3001 4993 3339 5075 frumeuti,
3389 4993 3555 5079 quod
3605 4994 3801 5058 habet
3850 4994 4220 5080 Capitulum
4270 5000 4489 5057 sancte
4536 4993 4795 5058 Helene
4847 5016 4887 5058 a
4936 5015 5057 5057 mo·

1417 5098 1771 5182 [nJasterio.

1598 5206 1762 5269 Item
1813 5205 2058 5269 addunt
2105 5206 2273 5270 dicte
2324 5208 2494 5293 partj
2543 5208 2630 5291 vj.
2680 5208 2906 5271 corbes
2939 5217 3001 5271 et
3036 5207 3365 5271 dimidiam
3400 5207 3725 5289 frumenti,
3759 5207 3929 5292 quod
3963 5208 4158 5271 habet
4193 5207 4561 5293 Capitulum
4597 5228 4637 5270 a
4670 5207 5062 5271 monasterio

1417 5322 1638 5378 sancte
1685 5313 1892 5377 Marie
1940 5314 2006 5378 in
2055 5322 2280 5378 strata.

1598 5421 1784 5484 Sorte
1833 5422 2123 5506 projecta
2173 5421 2250 5484 de
2301 5422 2634 5486 voluntate
2682 5423 2967 5485 omnium
3015 5428 3079 5486 et
3125 5423 3526 5506 singulorum
3574 5422 4010 5504 dominorum,
4060 5424 4196 5486 sive
4247 5421 4562 5509 Capituli,
4610 5422 4875 5486 nemine
4923 5442 5065 5486 con·

1417 5527 1795 5608 tradicente,
1845 5528 2106 5592 devenit
2158 5529 2220 5592 in
2269 5537 2518 5614 partem
2569 5529 2996 5615 infrascriptis
3043 5529 3317 5593 dominis
3365 5530 3645 5594 scilicet:

1594 5638 1698 5710 (L‘
1729 5634 2008 5700 Domino
2059 5636 2369 5721 magistro
2419 5636 2765 5720 Sinigardo
2813 5637 3352 5722 archipresbitero
3400 5636 3783 5700 bononiensi

1591 5746 1696 5817 εἴ
1725 5741 2107 5826 Venerabilj
2158 5744 2325 5829 patri
2375 5743 2634 5808 domino
2684 5744 3066 5826 Octaviano,
3115 5744 3430 5829 cardinalj

1592 5854 1697 5926 Q:
1728 5848 2008 5913 Domino
2055 5850 2264 5913 Paulo

1593 5960 1698 6033 (Π
1727 5956 2008 6022 Domino
2055 5956 2366 6043 Rugerio.

1594 6066 1669 6130 In
1717 6066 1908 6130 tertia
1955 6088 2106 6130 vero
2155 6075 2338 6152 parte
2387 6075 2738 6153 posuerunt
2788 6068 3125 6131 Decimam
3174 6067 3253 6132 de
3301 6069 3629 6152 Argillata
3676 6078 3741 6133 et
3787 6070 3929 6154 ejus
3977 6069 4173 6133 curie.

1596 6176 1760 6239 Item
1808 6175 2194 6240 addiderunt
2241 6176 2394 6240 dicti
2441 6177 2683 6241 domini
2728 6177 2897 6241 dicte
2946 6177 3117 6263 partj
3166 6176 3500 6241 Decimam
3550 6178 3629 6242 de
3682 6177 4104 6263 Sanguineta.

1592 6283 1756 6347 Item
1805 6283 2192 6348 addiderunt
2237 6283 2405 6348 dicte
2453 6286 2625 6371 partj
2674 6285 3013 6349 ecclesiam
3061 6286 3263 6348 sancti
3312 6284 3698 6369 [Michaelis]
3746 6286 3825 6349 de
3872 6286 4221 6371 Argillata,
4271 6291 4541 6371 excepto
4591 6284 4868 6370 populo.

1593 6390 1759 6454 Item
1807 6391 2192 6455 addiderunt
2237 6391 2406 6456 dicte
2453 6393 2625 6480 partj
2675 6392 2988 6477 braydam
3037 6392 3115 6455 de
3164 6392 3456 6457 Taviano
3504 6401 3567 6456 et
3616 6394 3830 6457 omnia
3877 6401 4247 6457 casamenta
4294 6390 4671 6476 Burgifolii.

1593 6495 1757 6560 Item
1805 6496 2192 6561 addiderunt
2238 6497 2406 6562 dicte
2453 6499 2626 6585 partj
2674 6498 2935 6562 domum
2982 6499 3045 6562 in
3096 6519 3222 6584 qua
3271 6505 3558 6562 moratur
3604 6498 3886 6563 Ursitus.
