5542 7775
1328 645 1791 696 srnc'rAN'riA
1827 645 1931 695 AD
1972 645 2302 695 anssnM
2341 645 3072 695 AncmnIAcouonnM
3112 645 3317 696 noch.
3358 645 3633 695 aenou.
4143 624 4292 695 273

841 798 1078 862 Actum
1121 800 1198 883 jn
1246 807 1385 865 orto
1433 799 1569 864 sive
1617 800 1843 886 broylo
1891 800 2065 886 apud
2111 800 2428 886 hospitale
2477 800 2975 883 Cruciferorum,
3024 802 3428 887 presentibus
3477 800 3734 865 domino
3781 801 4082 865 Johanne
4128 800 4298 865 Pici-

665 904 920 988 nagolo,
953 906 1264 990 magistro
1310 907 1544 992 Egidio
1576 906 1868 992 Yspauo,
1903 906 2209 971 familiari
2240 907 2480 971 domini
2505 907 2828 972 Bonifacii
2861 908 3151 972 canonici
3184 908 3597 972 bononiensis
3628 908 4003 993 supradictj,
4039 908 4298 972 domino

665 1011 1021 1096 presbitero
1066 1012 1440 1095 FrumentO,
1491 1014 1749 1078 domiuo
1797 1015 2153 1100 presbitero
2202 1014 2471 1097 Jacobo,
2521 1014 2780 1080 domino
2824 1015 3202 1097 Ramberto,
3237 1015 3708 1097 mansionariis,
3744 1022 3808 1079 et
3855 1015 4112 1080 domino
4160 1015 4297 1079 An·

663 1118 954 1201 selmino,
1005 1120 1236 1185 clerico
1286 1129 1350 1184 et
1397 1121 1704 1206 familiarj
1753 1121 1995 1205 dominj
2044 1122 2338 1207 magistrj
2384 1122 2705 1206 Bernardj
2754 1123 3133 1209 parmensis,
3168 1123 3439 1186 testibus
3482 1123 3727 1188 vocatis
3775 1129 3840 1186 et
3877 1123 4143 1208 rogatis,
4178 1123 4298 1187 sub

663 1246 832 1289 anno
881 1226 1142 1291 Domini
1191 1228 1531 1292 millesimo
1580 1229 2016 1293 ducentesimo
2065 1229 2494 1314 sexagesimo,
2543 1230 2890 1294 indictione
2937 1231 3158 1311 tercia,
3208 1230 3310 1293 die
3359 1229 3677 1293 dominico
3734 1230 3956 1315 quinto
4019 1237 4297 1295 exeunte

663 1334 1002 1399 setembre.

841 1441 942 1523 (L.
970 1441 1015 1524 †
1048 1440 1142 1524 S.)
1194 1442 1279 1506 Et
1324 1464 1446 1527 ego
1493 1442 1820 1508 Bolnisius
1884 1443 2209 1528 quondam
2257 1442 2563 1526 Accursi,
2614 1444 2999 1508 auctoritate
3064 1443 3383 1531 imperialj
3448 1444 3770 1525 notarius,
3819 1444 3941 1508 hiis
4004 1445 4300 1508 omuibus

662 1546 1103 1631 divisionibus,
1157 1549 1639 1631 ordinamentis,
1688 1550 1946 1614 statutis
1993 1571 2109 1636 per
2156 1551 2329 1636 ipsos
2376 1550 2668 1615 dominos
2715 1552 2926 1633 factis,
2961 1560 3025 1615 et
3073 1551 3368 1628 omnibus
3417 1558 3480 1614 et
3527 1551 3799 1636 singulis
3846 1551 4298 1637 suprascriptis

655 1654 947 1737 jnterfui,
997 1662 1080 1738 et,
1131 1655 1251 1739 [ut]
1300 1678 1496 1742 supra
1543 1657 1802 1743 legitur,
1854 1657 2158 1721 mandato
2206 1656 2519 1721 dictorum
2570 1658 2974 1723 dominorum
3024 1658 3374 1745 subscripsi
3420 1666 3540 1723 etc.

2335 1923 2626 1988 XXXII.

2125 2101 2319 2184 1270,
2369 2102 2456 2164 22
2501 2102 2849 2166 decembris

1710 2296 1814 2359 Ex
1862 2296 2089 2360 eodem
2148 2323 2174 2354 «
2227 2295 2417 2360 Libro
2463 2299 2700 2361 Axium
2753 2323 2815 2381 »,
2865 2319 2992 2362 car.
3048 2302 3127 2362 14
3176 2293 3265 2361 v.⁰

841 2509 1158 2572 Noverint
1203 2511 1488 2573 universi
1521 2518 1885 2596 presentem
1917 2512 2226 2598 paginam
2261 2512 2633 2598 inspecturj,
2667 2512 2839 2597 quod
2870 2534 2987 2577 nos
3021 2513 3437 2595 Octavianus,
3470 2512 3595 2577 Dei
3628 2513 3839 2598 gratia
3886 2513 4299 2579 bononiensis

662 2615 1062 2702 Episcopus,
1111 2618 1249 2681 viso
1298 2617 1639 2704 privilegio
1688 2640 1991 2683 concesso
2038 2620 2416 2684 bononiensi
2465 2620 2754 2684 Ecclesie
2803 2642 2918 2706 per
2965 2621 3131 2684 bone
3179 2621 3484 2684 memorie
3532 2629 3781 2706 patrem
3828 2621 4300 2685 sanctissimum

663 2722 992 2786 dominum
1040 2723 1404 2788 Honorium
1453 2725 1724 2811 Papam,
1756 2746 1832 2789 eo
1864 2726 2207 2811 diligenter
2253 2727 2331 2789 de
2380 2727 2578 2791 verbo
2628 2727 2711 2790 ad
2757 2728 3025 2791 verbum
3077 2728 3263 2808 lect0,
3312 2728 3394 2791 ad
3434 2728 3808 2814 petitionem
3858 2728 4139 2814 Capituli
4187 2727 4299 2791 bo-

667 2830 989 2894 noniensis
1022 2830 1231 2917 ipsum
1265 2831 1676 2917 privilegium
1709 2833 2104 2896 autenticum
2137 2835 2445 2919 scriptum
2480 2835 2688 2919 redigi
2721 2834 3011 2916 fecimus,
3033 2834 3162 2897 vim
3189 2835 3520 2920 originalis
3554 2834 3632 2898 de
3667 2843 3879 2898 cetero
3906 2835 4299 2916 habiturum,

663 2959 738 3000 co
787 2938 994 3024 primo
1043 2960 1159 3024 per
1207 2960 1343 3021 nos,
1394 2946 1464 3002 ut
1510 2939 1750 3003 dictum
1798 2949 1915 3023 est,
1959 2941 2097 3005 viso
2144 2950 2208 3005 et
2255 2941 2421 3006 lecto
2469 2951 2534 3006 et
2582 2943 2843 3006 invento
2891 2964 3035 3006 cum
3082 2963 3238 3006 vera
3285 2949 3350 3005 et
3395 2950 3571 3006 recta
3618 2942 3818 3024 bulla,
3866 2942 3996 3023 filo,
4045 2942 4191 3005 stilo
4239 2949 4304 3006 et

663 3053 861 3127 carta,
913 3067 1041 3108 non
1091 3068 1256 3128 raso,
1307 3069 1435 3111 non
1479 3047 1705 3111 vitiato
1754 3056 1817 3111 et
1865 3070 1992 3113 non
2041 3049 2281 3113 abolito
2330 3050 2394 3112 in
2443 3049 2662 3135 aliqua
2708 3058 2892 3135 parte
2941 3050 3070 3132 sui,
3121 3051 3305 3134 cujus
3359 3035 3684 3135 privilegij
3733 3056 3917 3113 tenor
3973 3050 4119 3112 talis
4168 3057 4299 3113 est:

853 3179 882 3210 ε
929 3154 1264 3218 Honorius
1313 3155 1690 3240 episcopus,
1740 3177 1963 3220 servus
2012 3178 2344 3221 servorum
2394 3157 2555 3239 Dei,
2605 3158 2857 3221 dilectis
2921 3158 3068 3221 filiis
3128 3158 3426 3243 Capitulo
3474 3157 3853 3222 bononiensi
3917 3159 4189 3223 salutem
4237 3164 4303 3222 et

664 3261 1084 3345 apostolicam
1130 3261 1662 3325 benedict-ionem.
1713 3263 1874 3327 Cum
1922 3285 1970 3326 a
2008 3264 2193 3327 nobis
2242 3264 2480 3350 petitur
2528 3265 2698 3349 quod
2739 3267 2987 3349 justum
3036 3272 3133 3329 est
3179 3272 3242 3329 et
3290 3266 3657 3346 honestum,
3708 3274 3841 3329 tam
3888 3266 4074 3351 vigor
4121 3266 4301 3350 equi-²

663 3369 814 3431 tatis
882 3390 1072 3453 quam
1141 3369 1296 3432 ordo
1360 3370 1564 3453 exigit
1624 3369 1891 3433 rationis
1953 3378 2024 3433 ut
2071 3370 2131 3433 id
2181 3394 2296 3457 per
2343 3371 2841 3436 sollicitudinem
2904 3372 3093 3436 officii
3153 3374 3354 3436 nostri
3417 3372 3497 3435 ad
3564 3372 3850 3435 debitum
3912 3373 4302 3457 perducatur

664 3474 982 3538 effectum.
1031 3475 1136 3538 Ex
1183 3484 1367 3561 parte
1416 3475 1728 3560 siquidem
1779 3484 1996 3540 vestra
2043 3477 2164 3540 fuit
2212 3478 2397 3542 nobis
2444 3480 2771 3543 humiliter
2819 3480 3270 3566 supplicatum,
3306 3490 3376 3543 ut
3423 3501 3568 3543 cum
3613 3501 3729 3565 pro
3762 3479 4051 3543 Ecclesie
4084 3487 4295 3543 vestre

664 3582 1001 3645 honestate
1036 3604 1111 3646 ac
1145 3590 1314 3646 statu
1367 3583 1642 3668 quedam
1691 3591 1934 3647 statuta
1984 3583 2263 3648 feceritis
2311 3594 2375 3649 et
2415 3586 2824 3650 firmaveritis
2859 3588 3228 3671 juramento
3262 3608 3340 3650 ea
3381 3586 3684 3651 roborare
3726 3587 4106 3651 auctoritate
4140 3607 4294 3671 apo-

664 3689 891 3753 stolica
937 3689 1375 3774 dignaremur,
1426 3712 1540 3754 nos
1589 3691 1806 3775 igitur,
1854 3691 2084 3755 vestris
2128 3693 2320 3776 justis
2367 3693 2665 3779 precibus
2713 3695 3043 3778 inclinatj,
3095 3694 3353 3758 Statuta
3400 3695 3574 3779 ipsa,
3621 3695 3786 3757 sicut
3831 3701 3979 3757 sunt
4026 3693 4298 3780 provida

663 3805 726 3860 et
775 3797 1064 3879 honesta,
1099 3804 1290 3882 prout
1335 3797 1400 3860 in
1451 3798 1826 3862 istrumento
1875 3799 2133 3884 publico
2182 3800 2415 3864 exinde
2450 3802 2739 3865 confecto
2773 3802 3026 3889 plenius
3060 3802 3485 3883 continentur,
3520 3800 3900 3864 auctoritate
3944 3801 4297 3887 apostolica

665 3905 1115 3969 confirmamus
1164 3913 1228 3969 et
1273 3907 1590 3992 presentis
1638 3906 1858 3992 scripti
1905 3908 2261 3992 patrocinio
2311 3910 2797 3973 communimus.
2831 3911 2935 3975 Ad
2970 3910 3065 3974 rei
3096 3917 3311 3974 autem
3343 3909 3729 3973 evidentiam
3765 3910 4120 3995 pleniorem
4155 3908 4297 3973 Sta·

659 4020 799 4076 tuta
847 4012 986 4098 ipsa
1034 4014 1440 4099 presentibus
1488 4014 1568 4077 de
1613 4014 1813 4079 verbo
1862 4015 1944 4078 ad
1991 4015 2260 4079 verbum
2309 4016 2611 4080 duximus
2658 4018 3022 4099 inserenda,
3070 4039 3192 4103 que
3244 4018 3399 4081 talia
3449 4024 3630 4081 sunt:
3692 4043 3720 4072 «
3768 4016 3901 4102 Eyo
3948 4065 4227 4081 .....
4246 4065 4294 4096 ,.

660 4120 1149 4185 Archidiaconus
1196 4120 1473 4185 Bononie
1516 4123 1769 4186 consilia
1816 4129 1869 4187 et
1912 4130 2138 4187 secreta
2190 4122 2463 4208 Capituli
2515 4124 2918 4190 Bononiensis
2937 4176 2954 4208 ,
3003 4148 3118 4210 que
3166 4133 3453 4210 precepta
3511 4133 3696 4190 erunt
3756 4147 3875 4189 esse
3918 4132 4141 4188 secreta
4178 4146 4299 4209 per

657 4227 1178 4292 Archidiaconum
1228 4236 1282 4292 et
1327 4228 1924 4314 Archipresbiterum
1973 4232 2065 4295 rel
2110 4252 2320 4296 eorum
2366 4234 2651 4316 alterum,
2689 4235 2794 4315 cel,
2844 4235 2927 4296 eis
2972 4232 3336 4314 absentibus,
3358 4255 3479 4318 per
3523 4232 3900 4318 Capitulum,
3934 4233 4096 4296 nulli
4132 4215 4295 4316 pan·

660 4334 827 4416 dam,
864 4337 1030 4399 ultra
1061 4343 1332 4399 octavum
1365 4336 1666 4400 decimum
1706 4335 2151 4401 Canonicorum
2196 4359 2526 4402 numerum
2557 4342 2624 4402 in
2655 4339 3008 4403 bononiensi
3044 4339 3315 4404 Ecclesia
3361 4342 3749 4404 constitutum
3796 4340 4041 4402 nullum
4081 4339 4299 4423 eliyam

661 4443 750 4510 rel
798 4444 1087 4526 recipiam
1131 4445 1200 4506 in
1267 4442 1645 4507 Canonicum
1705 4443 2160 4528 bononiensem,
2207 4448 2331 4510 nisi
2373 4446 2458 4509 ad
2504 4468 2642 4510 eum
2691 4468 2869 4532 quem
2912 4469 3033 4531 per
3096 4456 3344 4511 mortem
3390 4448 3656 4530 alicujus
3706 4446 4000 4510 Canonici
4046 4448 4133 4510 vel
4177 4446 4300 4509 alio

660 4549 921 4632 leyitimo
969 4551 1143 4614 modo
1198 4572 1414 4615 vacare
1465 4554 1779 4636 contiqerit
1832 4552 2107 4616 ordinem
2173 4554 2266 4616 cel
2324 4555 2717 4637 superiorem.
2767 4553 3036 4619 Nullum
3083 4575 3317 4640 quoque
3363 4555 3609 4619 electum
3660 4563 3713 4619 et
3757 4555 4185 4637 confirmatum
4230 4555 4300 4615 in

667 4655 1044 4721 Canonicum
1090 4660 1410 4722 admittam
1458 4658 1544 4722 ad
1575 4661 2022 4743 perceptionem
2066 4659 2354 4743 beneficii,
2401 4663 2524 4724 nisi
2556 4664 2768 4746 primo
2815 4664 3099 4745 receperit
3142 4662 3419 4726 ordinem
3465 4662 3549 4726 ad
3597 4683 3773 4747 quem
3816 4668 4166 4725 assumetur
4211 4660 4301 4724 vel

660 4765 934 4848 eliqetur,
975 4786 1100 4828 non
1134 4768 1494 4850 permittam
1547 4764 1924 4830 Canonicum
1970 4770 2032 4830 in
2070 4768 2281 4852 primo
2328 4769 2428 4832 sui
2464 4767 2873 4832 Canonicatus
2901 4789 3064 4832 senno
3083 4773 3401 4854 percipere
3429 4770 3777 4852 beneficium
3812 4770 3902 4833 rel
3920 4767 4297 4853 prebendam

648 4879 861 4955 preter
911 4874 1196 4936 victualia
1241 4874 1391 4956 sola,
1424 4874 1529 4937 sed
1575 4875 1744 4938 illius
1787 4875 1943 4937 anni
1978 4874 2329 4958 beneficium
2362 4877 2451 4939 vel
2471 4875 2779 4959 prebende
2812 4878 2875 4939 in
2907 4898 3188 4941 comunes
3220 4879 3511 4941 utilitates
3541 4884 3595 4941 et
3624 4878 3993 4940 necessitates
4029 4875 4302 4959 Capituli

661 4980 1109 5062 expendantur,
1135 4983 1220 5044 ita
1251 4988 1454 5044 tamen
1490 4982 1652 5065 quod
1681 4983 1844 5045 inter
1878 4981 2214 5045 Canonicos
2244 5004 2366 5046 non
2398 4982 2842 5067 dieida[n]tur
2865 4986 3287 5067 possessioneS,
3304 4985 3465 5066 jura
3497 4993 3549 5048 et
3588 4984 3865 5064 honores,
3892 4986 4301 5047 instrumenta

658 5107 761 5149 seu
809 5094 1014 5150 cartas
1057 5089 1177 5151 sive
1211 5089 1540 5173 pririleyia
1592 5086 1879 5173 Capituli.
1936 5087 2167 5152 Contra
2213 5110 2419 5154 omnes
2461 5090 2732 5154 homines
2777 5091 3029 5172 adjutor
3060 5113 3162 5156 ero
3192 5092 3277 5155 ad
3305 5092 3811 5174 conservandum,
3844 5090 4297 5173 defendendum

660 5199 714 5256 et
762 5194 1274 5278 recuperandum,
1305 5197 1459 5258 sicut
1497 5194 1782 5280 Capitulo
1813 5196 1903 5259 vel
1935 5197 2158 5278 majori
2193 5199 2370 5281 parti
2413 5198 2630 5260 melius
2677 5205 2730 5261 et
2776 5199 2993 5261 utilius
3039 5198 3372 5262 videbitur.-
3395 5201 3799 5282 possessiones
3844 5197 4172 5262 immobiles
4217 5195 4303 5259 ad

660 5299 1018 5365 bononiense
1070 5299 1427 5385 Capitulum
1462 5305 1838 5386 pertinentes
1885 5324 2006 5366 non
2051 5302 2347 5386 alienabO,
2397 5325 2503 5367 nec
2545 5305 2813 5368 alienari
2866 5308 3253 5388 consentiam,
3298 5308 3419 5393 nisi
3452 5327 3575 5390 pro
3619 5306 3987 5369 alienatione
4032 5308 4121 5369 cel
4156 5326 4300 5389 per·

661 5410 993 5472 mutatione
1037 5409 1292 5472 alterius
1326 5411 1719 5492 possessionis
1765 5409 2085 5474 immobilis
2131 5411 2394 5474 utilioris
2439 5411 2530 5474 vel
2576 5433 2722 5496 eque
2765 5413 2973 5494 utilis,
3016 5413 3105 5475 cel
3149 5415 3587 5477 constructione
3630 5413 3898 5496 alicujus
3953 5414 4174 5497 edificii
4218 5414 4303 5477 ad

615 5591 620 5596 .
658 5535 970 5578 comunem
1018 5517 1343 5580 utilitatem
1395 5501 1666 5600 Capituli
1699 5518 2087 5600 pertinentis,
2120 5518 2210 5581 vel
2238 5519 2370 5582 alia
2401 5518 2660 5582 evidenti
2691 5520 2952 5583 utilitate
2996 5521 3269 5600 comuni,
3301 5522 3385 5583 ita
3433 5528 3631 5584 tamen
3685 5521 3847 5605 quod
3894 5523 4056 5585 inter
4105 5520 4298 5584 Cano-

659 5623 824 5684 nicos
871 5642 994 5684 non
1036 5622 1150 5704 fiat
1195 5622 1410 5686 divisio
1443 5624 1637 5707 pretii
1682 5623 1757 5688 (le
1801 5627 2172 5708 possessione
2231 5628 2453 5709 recepti
2467 5649 2490 5709 ;
2536 5645 2721 5710 super
2765 5626 3019 5711 ayenclis
3066 5634 3120 5689 et
3165 5626 3424 5691 utilitate
3477 5626 3768 5711 Capituli,
3817 5649 4004 5712 quam
4049 5630 4304 5692 scienter

661 5749 782 5791 non
830 5729 1182 5813 impediam,
1218 5732 1566 5814 requisitus,
1600 5732 1763 5815 quod
1799 5734 1994 5817 mayis
2039 5733 2187 5796 utile
2230 5732 2477 5796 credam
2532 5734 2855 5797 consilium
2900 5732 3075 5816 dabo,
3108 5736 3362 5798 scienter
3408 5755 3529 5798 non
3572 5734 3887 5818 fraudabo
3923 5735 4299 5820 Capitulum,

657 5837 778 5898 sice
822 5836 1095 5918 officium
1140 5836 1394 5900 habeam
1433 5838 1557 5901 sire
1602 5859 1747 5920 non,
1794 5838 1869 5902 de
1913 5838 2033 5903 hiis
2080 5861 2194 5924 que
2239 5841 2476 5903 venient
2521 5839 2607 5902 ad
2653 5861 2875 5904 manus
2920 5861 3085 5904 meas
3118 5862 3242 5924 pro
3280 5839 3583 5925 Capitulo,
3617 5843 3707 5905 rel
3736 5843 3822 5906 ad
3858 5841 4302 5906 Comunitatem

650 5944 961 6025 pertinent
1027 5944 1116 6005 cel
1162 5943 1579 6028 pertinebunt.
1631 5942 1897 6008 Nullum
1954 5946 2200 6010 electum
2249 5953 2302 6010 et
2348 5947 2778 6029 confirmatum
2825 5949 2887 6010 in
2943 5946 3317 6011 Canonicum
3371 5949 3693 6011 acl-mittam
3738 5949 3824 6012 ad
3856 5952 4299 6033 perceptionem

660 6047 929 6132 beneficij
967 6051 1057 6113 vel
1100 6052 1352 6114 consilia
1405 6049 1697 6136 Capituli,
1745 6054 1867 6115 nisi
1905 6055 2112 6135 primo
2139 6055 2454 6136 juraverit
2499 6054 2584 6117 ad
2627 6062 2836 6118 sancta
2884 6053 3006 6118 Dei
3052 6053 3391 6138 Evcereyelia
3427 6059 3633 6119 omnia
3674 6064 3727 6120 et
3757 6058 4001 6141 sinyula
4022 6057 4301 6148 predicta

667 6155 955 6239 Capitula
1001 6155 1332 6222 observare.
1371 6157 1472 6222 Sic
1503 6179 1596 6223 me
1625 6159 1802 6224 Deus
1831 6159 2078 6242 adjuret
2109 6167 2162 6224 et
2193 6160 2297 6224 hec
2324 6170 2536 6225 sancta
2571 6161 2692 6225 Dei
2722 6161 3061 6247 Eranyelia
3087 6163 3185 6226 (1).
3223 6162 3573 6226 Secundum
3596 6166 4000 6247 prescriptam
4029 6164 4303 6245 formam

658 6264 1026 6326 iuraverunt
1074 6264 1564 6349 Arcltipresbiter
1608 6273 1662 6330 et
1706 6288 1911 6331 omnes
1959 6274 2011 6331 et
2056 6269 2289 6352 sinyuli
2332 6270 2447 6332 alii
2498 6268 2791 6332 Canonici
2839 6295 2897 6332 ».
2946 6269 3128 6332 Nulli
3178 6291 3333 6355 ergo
3397 6270 3654 6334 omnino
3717 6270 4047 6333 hominum
4111 6270 4304 6334 liceat

821 6495 899 6559 (l)
941 6494 1003 6544 In
1048 6495 1325 6563 margine:
1366 6513 1394 6544 «
1438 6494 1643 6547 Forma
1671 6497 1983 6561 juramenti
2017 6498 2268 6562 fatienda
2299 6514 2402 6564 per
2439 6515 2594 6550 novos
2625 6500 2932 6563 merconico-s,
2968 6500 3136 6565 fiendi
3171 6505 3294 6551 avite
3330 6516 3489 6566 quam
3531 6500 3894 6551 admittantur
3934 6517 3981 6551 aa.

964 6722 1100 6759 Tou.
1140 6723 1205 6760 11.
4074 6718 4139 6767 35
