5542 7775
2042 674 2207 723 σῦκ.
2272 673 2418 724 clv,
2478 674 2571 722 ΕΤ
2628 673 2799 722 CAN.
2861 672 3074 723 paor.
4221 650 4370 721 359

736 830 1019 929 publica
1090 829 1557 925 Burdigalam
1613 830 1703 902 ad
1781 828 2222 902 Clementem
2267 828 2361 900 V.
2421 827 2798 923 legatione,
2859 837 2937 900 ut
2995 853 3234 901 coram
3291 828 3443 925 ipso
3501 828 3586 901 de
3643 827 4082 924 gravissimis
4155 851 4373 922 nego-

736 955 862 1028 ciis
918 963 1186 1051 ageret.
1230 955 1343 1027 Ex
1401 954 1700 1053 publicis
1756 952 2016 1026 tabulis
2072 954 2162 1025 ad
2219 953 2407 1025 hunc
2464 977 2750 1048 annum,
2794 953 3178 1051 septembri
3217 977 3481 1047 mense,
3525 952 3981 1048 consignatiS,
4023 952 4094 1024 id
4133 959 4371 1049 patet3

737 1087 809 1153 et
867 1081 1190 1176 quamvis
1248 1081 1318 1152 in
1374 1079 1625 1153 iisdem
1684 1079 1965 1151 minime
2025 1077 2425 1150 declaretur
2482 1077 2645 1173 quid
2708 1102 2960 1150 revera
3008 1079 3281 1172 negocii
3321 1078 3689 1150 Bonifacio
3730 1078 4020 1173 eiusque
4061 1076 4373 1172 collegae

733 1204 1095 1279 Ubaldino
1171 1205 1256 1278 de
1331 1203 1741 1277 Malavoltis
1809 1203 2315 1275 demandatum
2391 1227 2518 1299 per
2587 1211 2867 1275 nostros
2924 1203 3180 1297 fuerit,
3240 1203 3709 1275 dubitandum
3767 1211 4003 1275 tamen
4063 1226 4202 1273 non
4261 1208 4375 1277 est

733 1329 901 1426 quin
960 1353 1118 1402 cum
1177 1330 1262 1402 iis
1321 1354 1502 1426 quae
1553 1329 1884 1423 diximuS,
1928 1327 2349 1423 cognatione
2390 1336 2462 1400 et
2502 1327 2850 1400 affinitate
2898 1328 3403 1400 contineretur.
3449 1327 3660 1400 Certe
3709 1327 3905 1400 cordi
3942 1350 4373 1423 magnopere

682 1454 868 1546 ‘fuit
925 1454 1198 1528 civibus
1256 1454 1516 1527 nostris
1573 1462 1653 1526 ut
1711 1452 2064 1525 duumviri
2123 1452 2239 1524 isti
2298 1452 2387 1526 ad
2444 1451 2864 1525 Pontificem
2922 1453 3226 1547 adirent,
3269 1461 3340 1525 et
3389 1476 3476 1524 ne
3534 1459 3659 1525 aut
3715 1476 3950 1524 moras
4005 1458 4377 1524 necterent

735 1587 861 1653 aut
916 1579 1199 1652 omnino
1257 1577 1687 1672 legationem
1745 1578 1815 1649 in
1874 1602 1948 1650 se
2007 1577 2364 1674 suscipere
2422 1585 2867 1672 recusarent,
2910 1577 3192 1650 eosdem
3241 1601 3500 1671 magno
3559 1600 3905 1650 consensu
3961 1584 4032 1648 et
4090 1575 4374 1673 publica

732 1702 1156 1801 interposita
1211 1702 2098 1777 auctoritate·liberandos
2153 1702 2237 1775 iis
2295 1702 2624 1774 oneribus
2700 1711 3125 1797 sanxerunt,
3185 1726 3391 1799 quae,
3452 1700 3766 1796 obligata
3822 1701 3892 1773 in
3962 1710 4231 1774 certum
4301 1708 4373 1774 et

732 1828 1196 1899 constitutum
1253 1836 1533 1923 tempus
1588 1825 1759 1922 fide,
1811 1826 1881 1898 in
1942 1850 2015 1898 se
2074 1834 2287 1898 antea
2343 1837 2828 1923 susceperant.
2886 1825 3086 1898 Inter
3141 1824 3281 1898 alia
3345 1824 3756 1898 Bonifacius
3811 1825 4067 1897 vadem
4122 1849 4197 1898 se
4254 1824 4374 1899 de·

728 1950 932 2024 derat
990 1977 1117 2048 pro
1174 1951 1538 2025 Friderico
1596 1952 1851 2025 comite
1912 1951 1997 2024 de
2040 1950 2327 2045 Panic0,
2369 1950 2591 2022 leviro
2632 1975 2783 2046 suo,
2836 1959 2907 2024 et
2945 1975 3104 2023 cum
3144 1949 3527 2023 vadimonii
3565 1948 3883 2023 solvendi
3920 1950 4069 2022 dies
4104 1951 4371 2023 adven-

732 2084 960 2173 taret,
1038 2076 1293 2150 iccirco
1363 2100 1451 2148 ne
1524 2075 1935 2149 Bonifacius
2010 2075 2267 2171 aliique
2339 2075 2459 2170 qui
2533 2099 2661 2171 pro
2734 2074 3098 2148 Friderico
3174 2075 3702 2173 spoponderant
3767 2074 4128 2169 mulctam,
4190 2098 4371 2172 quae

730 2225 955 2299 penae
994 2201 1148 2275 loco
1194 2202 1543 2298 imperata
1582 2201 1821 2297 fuerit,
1865 2198 2233 2273 exsolvere
2287 2209 2736 2296 cogerentur,
2779 2209 3105 2273 sanctum
3161 2210 3269 2273 est
3321 2225 3409 2272 ne
3467 2199 3635 2297 quid
3695 2198 4179 2273 molestiarum
4238 2200 4373 2297 ipsi

729 2325 1026 2422 aliisque
1088 2326 1332 2398 inferri
1388 2333 1628 2424 posset
1685 2350 1812 2423 per
1871 2325 1940 2398 id
2000 2324 2338 2421 temporis
2397 2323 2883 2419 intervallum,
2943 2349 3081 2422 quo
3138 2349 3266 2422 pro
3326 2324 3626 2419 negotiis
3686 2323 3986 2421 publicis
4040 2324 4373 2420 gerendis

730 2448 1055 2522 Bononia
1111 2451 1466 2524 abessent.
1528 2448 1841 2523 Tabulas
1897 2449 1967 2521 in
2035 2448 2219 2521 hanc
2296 2473 2442 2520 rem
2523 2447 3093 2521 Gherardaccius
3167 2448 3382 2545 vidit3
3443 2450 3589 2545 sed,
3651 2449 3837 2545 quod
3897 2473 4108 2547 saepe
4166 2448 4368 2546 solet,

728 2573 1056 2648 haustam
1116 2601 1207 2648 ex
1284 2575 1367 2647 iis
1439 2576 1921 2647 narrationem
2001 2574 2306 2671 turpiter
2376 2574 2756 2647 admodum
2833 2573 3280 2646 deformavit.
3342 2573 3602 2646 Scribit
3683 2574 3871 2646 enim
3944 2573 4375 2670 legationem

730 2699 1127 2773 decrevisse
1166 2700 1654 2774 Bononienses
1694 2700 1780 2773 ob
1823 2700 2201 2797 quamdam
2260 2701 2327 2771 in
2384 2699 2822 2772 Fridericum
2883 2710 2954 2772 et
3011 2698 3397 2794 Ugolinum
3448 2699 3534 2771 de
3575 2699 3864 2794 PanicO,
3907 2700 3979 2771 in
4017 2701 4374 2774 Joannem

730 2823 915 2898 della
972 2824 1288 2920 Calcina,
1349 2825 1423 2897 in
1478 2823 1885 2922 Philippum
1944 2824 2031 2897 de
2089 2825 2306 2897 Pritis
2362 2823 2677 2921 aliosque
2746 2824 2972 2898 socios
3038 2823 3256 2896 latam
3316 2824 3999 2920 condemnationem,
4046 2850 4174 2922 pro
4231 2850 4373 2923 qua

730 2948 1175 3023 fideiusserat
1233 2949 1485 3023 civitas
1534 2950 1687 3047 ipsa
1727 2949 1915 3047 apud
1956 2949 2397 3023 Pontificem.
2460 2949 2743 3022 Somnia
2803 2949 3269 3046 putridaeque
3326 2948 3649 3046 fabulae3
3710 2973 3874 3021 nam
3932 2949 4212 3023 tabulas
4266 2949 4368 3024 le-

730 3075 925 3171 genti
980 3075 1361 3148 innotescit
1418 3075 1659 3148 statim
1717 3074 1928 3147 aliam
1987 3075 2270 3147 omnino
2327 3074 2542 3147 fuisse
2599 3073 2975 3168 legationis
3032 3075 3517 3147 decernendae
3575 3098 3886 3147 causam.

941 3199 1426 3273 Bononienses
1482 3200 1701 3295 igitur
1759 3198 2014 3294 Legati
2069 3198 2534 3294 Burdigalam
2591 3199 2681 3271 ad
2740 3199 3156 3271 Pontificem
3217 3199 3516 3296 profecti
3576 3209 3778 3295 sunt3
3839 3199 3959 3272 ubi
4033 3223 4193 3271 cum
4252 3198 4373 3271 diu

730 3324 903 3397 satis
968 3324 1415 3397 substiterint
1473 3324 1901 3420 (septembri
1956 3323 2140 3396 enim
2208 3323 2360 3421 ipso
2430 3348 2670 3395 mense
2729 3324 2963 3395 itineri
3020 3347 3094 3396 se
3151 3323 3693 3418 commiserunt,
3756 3324 3885 3396 sub
3944 3322 4144 3395 initia
4200 3347 4370 3397 vero

727 3448 1070 3522 februarii
1124 3448 1561 3545 insequentis
1616 3448 1785 3522 anni
1840 3447 2236 3521 Bononiam
2295 3449 2742 3542 remearunt)
2792 3447 3186 3546 putandum
3245 3456 3351 3521 est
3410 3448 3624 3545 ipsos,
3668 3447 3945 3542 magnis
3993 3447 4372 3545 implicitos

723 3574 1054 3669 negotiiS,
1097 3584 1521 3671 exoptatum
1578 3574 1885 3646 reditum
1942 3582 2303 3646 maturare
2361 3574 2624 3645 minine
2682 3573 3019 3670 potuisse.
3076 3573 3213 3646 Sed
3270 3571 3608 3668 longioris
3645 3573 3984 3670 temporis
4021 3573 4372 3646 iacturam

725 3698 1013 3771 minime
1072 3723 1192 3772 eos
1248 3699 1498 3771 fecisse
1557 3697 1874 3771 declarat
1930 3698 2102 3772 satis
2160 3698 2472 3771 omnium
2513 3697 2824 3770 civitatis
2863 3697 3188 3770 ordinum
3230 3720 3634 3791 consensus,
3678 3721 3816 3793 quo
3855 3697 4025 3794 ipsis
4064 3698 4370 3771 reversis

726 3824 1175 3922 postmodum
1237 3824 1308 3897 in
1366 3823 1695 3922 patriam,
1739 3824 2068 3897 decretae
2117 3832 2282 3897 sunt
2338 3822 2871 3922 perhonorificis
2928 3823 3165 3897 verbis
3220 3822 3606 3921 impensae,
3651 3846 3825 3919 quas
3882 3823 4058 3897 bene
4109 3821 4369 3896 multas

729 3957 801 4022 et
855 3973 1114 4045 graves
1171 3949 1387 4022 fuisse
1444 3973 1517 4021 se
1578 3950 2066 4023 ostenderunt.

940 4073 1308 4148 Bonifacio
1367 4083 1606 4147 autem
1663 4074 1870 4146 huius
1930 4075 2056 4146 otii
2113 4099 2327 4148 usura
2382 4075 2583 4147 brevi
2650 4075 2790 4146 frui
2858 4074 3081 4147 licuit.
3141 4073 3331 4146 Nam
3397 4097 3583 4147 anno
3662 4073 3782 4169 qui
3857 4073 4179 4170 proxime
4256 4098 4367 4147 se-

725 4207 989 4296 quutus
1047 4208 1154 4272 est
1212 4208 1283 4272 et
1339 4199 1623 4296 quidem
1682 4199 1811 4271 sub
1869 4199 2019 4272 eius
2075 4200 2300 4294 initia,
2343 4200 2618 4296 patriae
2652 4224 2836 4273 suae
2894 4211 2972 4272 ut
3030 4207 3499 4293 succurreret,
3543 4222 3803 4271 novam
3840 4199 3913 4270 in
3950 4198 4373 4272 Hetruriam

728 4323 1156 4419 legationem
1208 4324 1400 4397 obire
1441 4334 1728 4396 coactus
1770 4334 1899 4396 est.
1944 4323 2127 4396 Tum
2168 4324 2329 4396 inde
2370 4325 2459 4396 ab
2500 4349 2685 4397 anno
2726 4323 3126 4397 MCCCVI.
3171 4348 3442 4396 summo
3484 4348 3642 4395 cum
3683 4323 3978 4421 imperio
4016 4323 4370 4419 Lugduno

728 4449 799 4521 in
858 4448 1141 4522 Italiam
1199 4475 1241 4522 a
1299 4447 1664 4522 Clemente
1725 4449 2068 4523 Pontifice
2127 4460 2423 4523 venerat
2481 4448 2854 4547 Napoleon
2902 4449 3211 4523 Ursinus
3251 4447 3651 4522 Cardinalis
3688 4459 3791 4545 ut,
3835 4449 4262 4523 auctoritate
4301 4455 4373 4521 et

726 4573 1019 4648 consilio
1060 4574 1149 4647 ad
1192 4582 1298 4647 tot
1333 4573 1678 4647 bellorum
1728 4575 1922 4647 faces
1972 4574 2553 4670 rextinguendas,
2596 4574 2923 4647 civitates
2961 4575 3031 4647 in
3071 4574 3520 4647 concordiam
3558 4582 3951 4647 revocaret.
3992 4573 4373 4647 Neminem

728 4697 903 4772 latet
962 4699 1411 4772 Ghibellinae
1468 4700 1763 4772 factioni
1818 4700 2049 4797 ipsum
2082 4723 2510 4797 magnopere
2550 4700 2837 4795 favisse,
2889 4709 3103 4797 atque
3142 4700 3397 4773 iccirco
3438 4724 3551 4772 res
3591 4698 3781 4772 haud
3821 4700 3992 4773 satis
4031 4722 4370 4796 prospere

728 4824 818 4897 ab
875 4823 1121 4896 eodem
1178 4832 1419 4919 gestas
1476 4824 1692 4896 fuisse
1750 4823 2032 4897 illorum
2090 4833 2488 4921 temporum
2545 4823 2860 4898 historiis
2938 4849 3196 4920 magno
3269 4848 3615 4897 consensu
3692 4832 4162 4897 memoratum
4235 4830 4367 4897 est.

732 4948 911 5022 Cum
967 4949 1398 5022 Florentinis
1456 4951 1601 5045 egit
1659 4951 1886 5047 primo
1944 4950 2029 5023 de
2089 4974 2262 5047 pace
2321 4951 2727 5024 sancienda.
2782 4950 2919 5024 Sed
2960 4951 3049 5023 ab
3089 4950 3174 5023 iis
3214 4950 3325 5022 vel
3366 4951 3456 5023 ab
3499 4950 3650 5047 ipsa
3689 4950 3998 5023 civitatis
4037 4947 4371 5023 aditus(¹)

731 5074 1015 5146 omnino
1073 5073 1493 5170 prohibitus,
1537 5073 1931 5147 Bononiam
1974 5075 2191 5168 venit,
2235 5074 2355 5147 ubi
2394 5075 2937 5148 Jeremiensium
2996 5075 3145 5148 sive
3205 5074 3624 5148 Guelforum
3664 5074 4188 5171 conspiratione
4225 5099 4368 5147 non

729 5198 940 5271 modo
998 5223 1155 5270 curn
1217 5198 1563 5293 dignitate
1624 5199 1886 5271 diutius
1942 5222 2095 5271 esse
2151 5198 2248 5270 illi
2308 5223 2447 5270 non
2491 5197 2726 5295 licuit,
2777 5199 2899 5272 sed
2940 5200 3154 5272 etiam
3194 5199 3751 5297 impendentium
3794 5198 4139 5271 maiorum
4179 5197 4371 5271 cala-

731 5323 1061 5396 mitatum
1119 5333 1336 5417 metu,
1380 5324 1669 5396 civitate
1727 5324 2072 5396 excedere
2131 5323 2561 5422 compulsus,
2610 5324 2680 5397 in
2724 5322 3427 5397 Forocorneliensem
3482 5325 3753 5420 urbem,
3813 5322 4011 5396 velut
4065 5323 4135 5395 in
4195 5322 4370 5395 Ghi·

728 5446 1146 5521 bellinorum
1197 5448 1627 5521 tutissimum
1681 5458 1987 5546 portum,
2031 5472 2105 5520 se
2155 5449 2445 5545 recepit,
2487 5449 2971 5522 Bononienses
3029 5449 3199 5521 diris
3257 5449 3545 5521 devovit
3593 5456 3806 5543 atque
3846 5447 4035 5522 illinc
4075 5473 4262 5545 aqua
4298 5455 4371 5521 et

730 5571 915 5668 igni,
979 5582 1056 5645 ut
1113 5574 1353 5669 aiunt,
1412 5572 1978 5646 Bononiensibus
2047 5573 2504 5646 interdictum
2563 5573 2810 5671 voluit,
2871 5582 2942 5646 et
2997 5574 3069 5645 in
3125 5573 3395 5671 primis,
3456 5598 3593 5670 quo
3649 5572 4036 5646 maximum
4096 5573 4372 5647 civitati

730 5696 953 5793 infligi
1011 5698 1265 5771 vulnus
1323 5699 1585 5795 optime
1642 5698 2106 5794 intelligebat,
2148 5699 2659 5772 Universitatis
2697 5698 2965 5772 honore
3022 5699 3340 5796 privatos
3389 5698 3672 5770 eosdem
3712 5697 3935 5771 voluit
3957 5696 4058 5771 (2).
4103 5698 4370 5788 Quam-

732 5847 944 5920 quam
1003 5849 1173 5896 vero
1247 5834 1371 5896 aut
1446 5823 1617 5896 nihil
1693 5833 1817 5896 aut
1894 5849 2144 5921 parum
2202 5835 2392 5896 certe
2452 5824 2850 5921 proficeret,
2912 5832 3252 5918 attamen,
3313 5823 3727 5896 instaurat-is
3784 5824 4015 5896 denuo
4071 5824 4365 5920 viribus,

733 5949 1056 6045 sequenti
1114 5973 1300 6021 anno
1358 5949 1727 6021 Arretium
1794 5949 2191 6046 profectuS,
2252 5973 2432 6044 quae
2508 5950 2718 6043 urbs,
2781 5973 2941 6021 cum
3006 5946 3572 6021 Ghibellinorum
3630 5948 3950 6043 potentia
4004 5948 4372 6021 dominatu

894 6302 943 6365 (1
988 6305 1043 6354 et
1081 6304 1136 6367 2)
1175 6300 1351 6370 Saepe
1390 6303 1444 6354 in
1486 6302 1824 6372 autographo
1863 6306 1918 6355 et
1954 6302 2057 6354 hoc
2096 6303 2313 6372 quidem
2355 6304 2492 6367 loco,
2602 6303 2909 6379 locutiones
2959 6300 3335 6368 inve‘niuntur3
3374 6318 3482 6371 qua
3531 6317 3587 6353 re
3635 6303 3768 6353 satis
3808 6305 4022 6354 constat
4057 6318 4373 6371 supremam

732 6389 901 6442 verba
938 6394 993 6442 et
1030 6390 1257 6459 phrases
1296 6392 1417 6443 aliis
1456 6396 1855 6461 supponuntur,
1882 6391 2048 6444 verba
2082 6396 2262 6443 tamen
2303 6398 2494 6444 extan·
2603 6391 2842 6443 auctoris
2881 6391 3318 6442 emendationem
3356 6389 3613 6442 defuisse.

737 6480 840 6545 tis,
878 6495 1018 6549 quae
1066 6481 1429 6550 expungenda
1487 6484 1660 6532 erant.
1700 6481 1855 6533 Alias
1903 6484 2087 6533 autem
2135 6481 2491 6549 imperfectae
4042 6482 4116 6547 (e.
4158 6486 4242 6546 u.)
