<?xml version="1.0" encoding="UTF-8"?>
<!DOCTYPE html PUBLIC "-//W3C//DTD XHTML 1.0 Transitional//EN"
    "http://www.w3.org/TR/xhtml1/DTD/xhtml1-transitional.dtd">
<html xmlns="http://www.w3.org/1999/xhtml" xml:lang="en" lang="en">
 <head>
  <title>
</title>
<meta http-equiv="Content-Type" content="text/html;charset=utf-8" />
  <meta name='ocr-system' content='tesseract 3.04.00' />
  <meta name='ocr-capabilities' content='ocr_page ocr_carea ocr_par ocr_line ocrx_word'/>
</head>
<body>
  <div class='ocr_page' id='page_1' title='image "./declarisarchigy00malagoog_0090.png"; bbox 0 0 5542 7775; ppageno 0'>
   <div class='ocr_carea' id='block_1_1' title="bbox 1704 628 4412 701">
    <p class='ocr_par' dir='ltr' id='par_1_1' title="bbox 1704 628 4412 701">
     <span class='ocr_line' id='line_1_1' title="bbox 1704 628 4412 701; baseline 0.002 -7"><span class='ocrx_word' id='word_1_1' title='bbox 1704 643 2167 695; x_wconf 77' lang='lat' dir='ltr'>SPEGTANTIA</span> <span class='ocrx_word' id='word_1_2' title='bbox 2226 644 2329 695; x_wconf 85' lang='lat' dir='ltr'>AD</span> <span class='ocrx_word' id='word_1_3' title='bbox 2385 645 2897 697; x_wconf 79' lang='lat' dir='ltr'><strong>PROFESSORES</strong></span> <span class='ocrx_word' id='word_1_4' title='bbox 2953 646 3165 698; x_wconf 78' lang='lat' dir='ltr'>JURIS</span> <span class='ocrx_word' id='word_1_5' title='bbox 3223 645 3492 697; x_wconf 80' lang='lat' dir='ltr'>CIVILIS</span> <span class='ocrx_word' id='word_1_6' title='bbox 4314 628 4412 701; x_wconf 84' lang='grc'>99</span> 
     </span>
    </p>
   </div>
   <div class='ocr_carea' id='block_1_2' title="bbox 766 796 4483 6578">
    <p class='ocr_par' dir='ltr' id='par_1_2' title="bbox 766 796 4483 6578">
     <span class='ocr_line' id='line_1_2' title="bbox 778 796 4422 887; baseline 0.003 -29"><span class='ocrx_word' id='word_1_7' title='bbox 778 801 1057 878; x_wconf 90' lang='lat' dir='ltr'>curator,</span> <span class='ocrx_word' id='word_1_8' title='bbox 1091 796 1434 863; x_wconf 88' lang='lat' dir='ltr'>sindicario</span> <span class='ocrx_word' id='word_1_9' title='bbox 1468 804 1532 862; x_wconf 90' lang='lat' dir='ltr'>et</span> <span class='ocrx_word' id='word_1_10' title='bbox 1562 799 2005 884; x_wconf 82' lang='lat' dir='ltr'>procuratorio</span> <span class='ocrx_word' id='word_1_11' title='bbox 2052 800 2310 863; x_wconf 89' lang='lat' dir='ltr'>nominc</span> <span class='ocrx_word' id='word_1_12' title='bbox 2352 799 2742 886; x_wconf 84' lang='lat' dir='ltr'>supradicto,</span> <span class='ocrx_word' id='word_1_13' title='bbox 2778 801 3036 865; x_wconf 89' lang='lat' dir='ltr'>omnino</span> <span class='ocrx_word' id='word_1_14' title='bbox 3069 800 3330 883; x_wconf 81' lang='lat' dir='ltr'><strong>dimisit,</strong></span> <span class='ocrx_word' id='word_1_15' title='bbox 3364 823 3608 887; x_wconf 90' lang='lat' dir='ltr'>nosque</span> <span class='ocrx_word' id='word_1_16' title='bbox 3641 808 3706 866; x_wconf 91' lang='lat' dir='ltr'>et</span> <span class='ocrx_word' id='word_1_17' title='bbox 3737 823 4138 867; x_wconf 78' lang='lat' dir='ltr'>successores</span> <span class='ocrx_word' id='word_1_18' title='bbox 4170 810 4422 869; x_wconf 90' lang='lat' dir='ltr'>nostros</span> 
     </span>
     <span class='ocr_line' id='line_1_3' title="bbox 776 903 4424 995; baseline 0.003 -29"><span class='ocrx_word' id='word_1_19' title='bbox 776 910 841 967; x_wconf 86' lang='lat' dir='ltr'>et</span> <span class='ocrx_word' id='word_1_20' title='bbox 886 903 1181 968; x_wconf 87' lang='lat' dir='ltr'>eamdem</span> <span class='ocrx_word' id='word_1_21' title='bbox 1224 926 1563 969; x_wconf 80' lang='lat' dir='ltr'>romanam</span> <span class='ocrx_word' id='word_1_22' title='bbox 1606 904 1967 970; x_wconf 79' lang='lat' dir='ltr'>Ecclesiam</span> <span class='ocrx_word' id='word_1_23' title='bbox 2014 906 2438 992; x_wconf 74' lang='lat' dir='ltr'>reintegravit</span> <span class='ocrx_word' id='word_1_24' title='bbox 2482 912 2547 971; x_wconf 90' lang='lat' dir='ltr'>et</span> <span class='ocrx_word' id='word_1_25' title='bbox 2594 907 2875 972; x_wconf 90' lang='lat' dir='ltr'>restituit</span> <span class='ocrx_word' id='word_1_26' title='bbox 2905 907 3095 994; x_wconf 88' lang='lat' dir='ltr'>plene</span> <span class='ocrx_word' id='word_1_27' title='bbox 3130 914 3195 972; x_wconf 90' lang='lat' dir='ltr'>et</span> <span class='ocrx_word' id='word_1_28' title='bbox 3226 908 3427 972; x_wconf 89' lang='lat' dir='ltr'>libere</span> <span class='ocrx_word' id='word_1_29' title='bbox 3461 908 3543 973; x_wconf 89' lang='lat' dir='ltr'>ad</span> <span class='ocrx_word' id='word_1_30' title='bbox 3576 908 3814 973; x_wconf 89' lang='lat' dir='ltr'>dictam</span> <span class='ocrx_word' id='word_1_31' title='bbox 3853 909 4326 995; x_wconf 89' lang='lat' dir='ltr'>possessionem</span> <span class='ocrx_word' id='word_1_32' title='bbox 4358 918 4424 977; x_wconf 90' lang='lat' dir='ltr'>et</span> 
     </span>
     <span class='ocr_line' id='line_1_4' title="bbox 777 1010 4421 1104; baseline 0.002 -30"><span class='ocrx_word' id='word_1_33' title='bbox 777 1010 990 1096; x_wconf 88' lang='lat' dir='ltr'>quasi,</span> <span class='ocrx_word' id='word_1_34' title='bbox 1039 1017 1104 1075; x_wconf 89' lang='lat' dir='ltr'>et</span> <span class='ocrx_word' id='word_1_35' title='bbox 1151 1011 1235 1075; x_wconf 88' lang='lat' dir='ltr'>ad</span> <span class='ocrx_word' id='word_1_36' title='bbox 1283 1011 1499 1076; x_wconf 88' lang='lat' dir='ltr'>omnia</span> <span class='ocrx_word' id='word_1_37' title='bbox 1545 1018 1611 1076; x_wconf 92' lang='lat' dir='ltr'>et</span> <span class='ocrx_word' id='word_1_38' title='bbox 1656 1013 1914 1097; x_wconf 88' lang='lat' dir='ltr'>singula</span> <span class='ocrx_word' id='word_1_39' title='bbox 1961 1012 2351 1099; x_wconf 87' lang='lat' dir='ltr'>supradicta.</span> <span class='ocrx_word' id='word_1_40' title='bbox 2400 1013 2487 1077; x_wconf 88' lang='lat' dir='ltr'>Et</span> <span class='ocrx_word' id='word_1_41' title='bbox 2532 1014 2601 1077; x_wconf 92' lang='lat' dir='ltr'>in</span> <span class='ocrx_word' id='word_1_42' title='bbox 2644 1014 2903 1100; x_wconf 91' lang='lat' dir='ltr'>signum</span> <span class='ocrx_word' id='word_1_43' title='bbox 2952 1020 3018 1078; x_wconf 90' lang='lat' dir='ltr'>ct</span> <span class='ocrx_word' id='word_1_44' title='bbox 3062 1015 3321 1080; x_wconf 89' lang='lat' dir='ltr'>nomine</span> <span class='ocrx_word' id='word_1_45' title='bbox 3367 1015 3731 1080; x_wconf 84' lang='lat' dir='ltr'>traditionis</span> <span class='ocrx_word' id='word_1_46' title='bbox 3778 1016 4148 1100; x_wconf 88' lang='lat' dir='ltr'>hujusmodi</span> <span class='ocrx_word' id='word_1_47' title='bbox 4195 1039 4421 1104; x_wconf 89' lang='lat' dir='ltr'>corpo-</span> 
     </span>
     <span class='ocr_line' id='line_1_5' title="bbox 775 1118 4422 1210; baseline 0.002 -28"><span class='ocrx_word' id='word_1_48' title='bbox 775 1118 932 1182; x_wconf 90' lang='lat' dir='ltr'>ralis</span> <span class='ocrx_word' id='word_1_49' title='bbox 978 1119 1400 1204; x_wconf 87' lang='lat' dir='ltr'>possessionis</span> <span class='ocrx_word' id='word_1_50' title='bbox 1447 1124 1512 1183; x_wconf 91' lang='lat' dir='ltr'>et</span> <span class='ocrx_word' id='word_1_51' title='bbox 1563 1119 1767 1205; x_wconf 91' lang='lat' dir='ltr'>quasi,</span> <span class='ocrx_word' id='word_1_52' title='bbox 1801 1142 1877 1184; x_wconf 90' lang='lat' dir='ltr'>ac</span> <span class='ocrx_word' id='word_1_53' title='bbox 1922 1120 2348 1185; x_wconf 85' lang='lat' dir='ltr'>restitutionis</span> <span class='ocrx_word' id='word_1_54' title='bbox 2395 1126 2461 1185; x_wconf 89' lang='lat' dir='ltr'>ct</span> <span class='ocrx_word' id='word_1_55' title='bbox 2507 1121 3030 1207; x_wconf 91' lang='lat' dir='ltr'>reintegrationis</span> <span class='ocrx_word' id='word_1_56' title='bbox 3075 1121 3533 1208; x_wconf 87' lang='lat' dir='ltr'>predictarum,</span> <span class='ocrx_word' id='word_1_57' title='bbox 3568 1122 3783 1187; x_wconf 90' lang='lat' dir='ltr'>claves</span> <span class='ocrx_word' id='word_1_58' title='bbox 3816 1123 4094 1189; x_wconf 90' lang='lat' dir='ltr'>civitatis</span> <span class='ocrx_word' id='word_1_59' title='bbox 4129 1125 4422 1210; x_wconf 90' lang='lat' dir='ltr'>ejusdem</span> 
     </span>
     <span class='ocr_line' id='line_1_6' title="bbox 777 1226 4421 1317; baseline 0.002 -29"><span class='ocrx_word' id='word_1_60' title='bbox 777 1226 1121 1291; x_wconf 88' lang='lat' dir='ltr'>sindicario</span> <span class='ocrx_word' id='word_1_61' title='bbox 1167 1232 1233 1290; x_wconf 89' lang='lat' dir='ltr'>et</span> <span class='ocrx_word' id='word_1_62' title='bbox 1276 1227 1718 1312; x_wconf 85' lang='lat' dir='ltr'>procuratorio</span> <span class='ocrx_word' id='word_1_63' title='bbox 1767 1228 2024 1292; x_wconf 90' lang='lat' dir='ltr'>nomine</span> <span class='ocrx_word' id='word_1_64' title='bbox 2072 1227 2440 1314; x_wconf 89' lang='lat' dir='ltr'>supradicto</span> <span class='ocrx_word' id='word_1_65' title='bbox 2488 1228 2673 1293; x_wconf 88' lang='lat' dir='ltr'>nobis</span> <span class='ocrx_word' id='word_1_66' title='bbox 2718 1229 2787 1293; x_wconf 92' lang='lat' dir='ltr'>in</span> <span class='ocrx_word' id='word_1_67' title='bbox 2819 1228 3045 1293; x_wconf 89' lang='lat' dir='ltr'>eodem</span> <span class='ocrx_word' id='word_1_68' title='bbox 3078 1229 3335 1316; x_wconf 89' lang='lat' dir='ltr'>publico</span> <span class='ocrx_word' id='word_1_69' title='bbox 3369 1229 3751 1295; x_wconf 88' lang='lat' dir='ltr'>concistorio</span> <span class='ocrx_word' id='word_1_70' title='bbox 3782 1231 4257 1317; x_wconf 86' lang='lat' dir='ltr'>presentialiter</span> <span class='ocrx_word' id='word_1_71' title='bbox 4289 1238 4421 1297; x_wconf 88' lang='lat' dir='ltr'>tra-</span> 
     </span>
     <span class='ocr_line' id='line_1_7' title="bbox 777 1333 4420 1422; baseline 0.002 -26"><span class='ocrx_word' id='word_1_72' title='bbox 777 1333 938 1397; x_wconf 87' lang='lat' dir='ltr'>didit</span> <span class='ocrx_word' id='word_1_73' title='bbox 983 1340 1048 1398; x_wconf 89' lang='lat' dir='ltr'>et</span> <span class='ocrx_word' id='word_1_74' title='bbox 1092 1333 1357 1398; x_wconf 85' lang='lat' dir='ltr'>realiter</span> <span class='ocrx_word' id='word_1_75' title='bbox 1403 1334 1795 1418; x_wconf 83' lang='lat' dir='ltr'>assignavit3</span> <span class='ocrx_word' id='word_1_76' title='bbox 1830 1355 1905 1398; x_wconf 89' lang='lat' dir='ltr'>ac</span> <span class='ocrx_word' id='word_1_77' title='bbox 1940 1335 2231 1421; x_wconf 89' lang='lat' dir='ltr'>promisit</span> <span class='ocrx_word' id='word_1_78' title='bbox 2278 1336 2650 1400; x_wconf 87' lang='lat' dir='ltr'>solemniter</span> <span class='ocrx_word' id='word_1_79' title='bbox 2696 1340 2762 1401; x_wconf 88' lang='lat' dir='ltr'>et</span> <span class='ocrx_word' id='word_1_80' title='bbox 2802 1337 3050 1422; x_wconf 89' lang='lat' dir='ltr'>juravit</span> <span class='ocrx_word' id='word_1_81' title='bbox 3095 1337 3353 1402; x_wconf 91' lang='lat' dir='ltr'>nomine</span> <span class='ocrx_word' id='word_1_82' title='bbox 3401 1344 3466 1401; x_wconf 90' lang='lat' dir='ltr'>et</span> <span class='ocrx_word' id='word_1_83' title='bbox 3513 1337 3578 1400; x_wconf 91' lang='lat' dir='ltr'>in</span> <span class='ocrx_word' id='word_1_84' title='bbox 3612 1337 3860 1402; x_wconf 89' lang='lat' dir='ltr'>animas</span> <span class='ocrx_word' id='word_1_85' title='bbox 3892 1340 4420 1405; x_wconf 88' lang='lat' dir='ltr'>constituentium</span> 
     </span>
     <span class='ocr_line' id='line_1_8' title="bbox 775 1440 4420 1529; baseline 0.002 -25"><span class='ocrx_word' id='word_1_86' title='bbox 775 1440 1231 1527; x_wconf 90' lang='lat' dir='ltr'>predictorum,</span> <span class='ocrx_word' id='word_1_87' title='bbox 1266 1441 1439 1526; x_wconf 94' lang='lat' dir='ltr'>quod</span> <span class='ocrx_word' id='word_1_88' title='bbox 1486 1442 1656 1508; x_wconf 88' lang='lat' dir='ltr'>infra</span> <span class='ocrx_word' id='word_1_89' title='bbox 1702 1441 2113 1507; x_wconf 85' lang='lat' dir='ltr'>medietatem</span> <span class='ocrx_word' id='word_1_90' title='bbox 2160 1443 2452 1529; x_wconf 83' lang='lat' dir='ltr'>proxime</span> <span class='ocrx_word' id='word_1_91' title='bbox 2500 1442 2716 1507; x_wconf 85' lang='lat' dir='ltr'>future</span> <span class='ocrx_word' id='word_1_92' title='bbox 2763 1443 3258 1529; x_wconf 85' lang='lat' dir='ltr'>quadragesime</span> <span class='ocrx_word' id='word_1_93' title='bbox 3306 1444 3460 1509; x_wconf 90' lang='lat' dir='ltr'>dicti</span> <span class='ocrx_word' id='word_1_94' title='bbox 3507 1443 3880 1528; x_wconf 85' lang='lat' dir='ltr'>Commune,</span> <span class='ocrx_word' id='word_1_95' title='bbox 3913 1445 4322 1512; x_wconf 89' lang='lat' dir='ltr'>Universitas</span> <span class='ocrx_word' id='word_1_96' title='bbox 4354 1456 4420 1513; x_wconf 91' lang='lat' dir='ltr'>et</span> 
     </span>
     <span class='ocr_line' id='line_1_9' title="bbox 773 1548 4419 1640; baseline 0.001 -25"><span class='ocrx_word' id='word_1_97' title='bbox 773 1549 1065 1635; x_wconf 90' lang='lat' dir='ltr'>Populus</span> <span class='ocrx_word' id='word_1_98' title='bbox 1112 1548 1350 1613; x_wconf 88' lang='lat' dir='ltr'>dictam</span> <span class='ocrx_word' id='word_1_99' title='bbox 1395 1549 1863 1636; x_wconf 91' lang='lat' dir='ltr'>possessionem</span> <span class='ocrx_word' id='word_1_100' title='bbox 1912 1556 1977 1613; x_wconf 92' lang='lat' dir='ltr'>et</span> <span class='ocrx_word' id='word_1_101' title='bbox 2023 1549 2208 1635; x_wconf 88' lang='lat' dir='ltr'>quasi</span> <span class='ocrx_word' id='word_1_102' title='bbox 2255 1550 2541 1614; x_wconf 92' lang='lat' dir='ltr'>omnium</span> <span class='ocrx_word' id='word_1_103' title='bbox 2587 1558 2652 1613; x_wconf 89' lang='lat' dir='ltr'>et</span> <span class='ocrx_word' id='word_1_104' title='bbox 2698 1550 3099 1635; x_wconf 89' lang='lat' dir='ltr'>singulorum</span> <span class='ocrx_word' id='word_1_105' title='bbox 3146 1549 3600 1636; x_wconf 89' lang='lat' dir='ltr'>predictorum,</span> <span class='ocrx_word' id='word_1_106' title='bbox 3635 1551 3731 1615; x_wconf 92' lang='lat' dir='ltr'>illi</span> <span class='ocrx_word' id='word_1_107' title='bbox 3777 1573 3891 1615; x_wconf 92' lang='lat' dir='ltr'>seu</span> <span class='ocrx_word' id='word_1_108' title='bbox 3938 1552 4066 1616; x_wconf 89' lang='lat' dir='ltr'>illis</span> <span class='ocrx_word' id='word_1_109' title='bbox 4107 1555 4419 1640; x_wconf 88' lang='lat' dir='ltr'>personis,</span> 
     </span>
     <span class='ocr_line' id='line_1_10' title="bbox 779 1656 4419 1743; baseline 0.002 -23"><span class='ocrx_word' id='word_1_110' title='bbox 779 1679 973 1743; x_wconf 88' lang='lat' dir='ltr'>quam</span> <span class='ocrx_word' id='word_1_111' title='bbox 1019 1679 1133 1721; x_wconf 89' lang='lat' dir='ltr'>seu</span> <span class='ocrx_word' id='word_1_112' title='bbox 1181 1679 1340 1743; x_wconf 91' lang='lat' dir='ltr'>quas</span> <span class='ocrx_word' id='word_1_113' title='bbox 1388 1657 1469 1722; x_wconf 87' lang='lat' dir='ltr'>ad</span> <span class='ocrx_word' id='word_1_114' title='bbox 1517 1658 1636 1722; x_wconf 91' lang='lat' dir='ltr'>hec</span> <span class='ocrx_word' id='word_1_115' title='bbox 1684 1656 2058 1721; x_wconf 80' lang='lat' dir='ltr'>duxerimus</span> <span class='ocrx_word' id='word_1_116' title='bbox 2105 1657 2543 1742; x_wconf 88' lang='lat' dir='ltr'>deputandas,</span> <span class='ocrx_word' id='word_1_117' title='bbox 2592 1657 2876 1740; x_wconf 88' lang='lat' dir='ltr'>realiter,</span> <span class='ocrx_word' id='word_1_118' title='bbox 2925 1658 3113 1743; x_wconf 89' lang='lat' dir='ltr'>plene</span> <span class='ocrx_word' id='word_1_119' title='bbox 3160 1664 3225 1721; x_wconf 91' lang='lat' dir='ltr'>et</span> <span class='ocrx_word' id='word_1_120' title='bbox 3285 1657 3535 1743; x_wconf 87' lang='lat' dir='ltr'>integre</span> <span class='ocrx_word' id='word_1_121' title='bbox 3597 1658 3904 1742; x_wconf 89' lang='lat' dir='ltr'>reddent,</span> <span class='ocrx_word' id='word_1_122' title='bbox 3952 1661 4296 1726; x_wconf 88' lang='lat' dir='ltr'>restituent</span> <span class='ocrx_word' id='word_1_123' title='bbox 4353 1671 4419 1726; x_wconf 89' lang='lat' dir='ltr'>et</span> 
     </span>
     <span class='ocr_line' id='line_1_11' title="bbox 777 1764 4416 1854; baseline 0.001 -26"><span class='ocrx_word' id='word_1_124' title='bbox 777 1765 1224 1849; x_wconf 89' lang='lat' dir='ltr'>assignabunt,</span> <span class='ocrx_word' id='word_1_125' title='bbox 1273 1770 1492 1830; x_wconf 89' lang='lat' dir='ltr'>nostro</span> <span class='ocrx_word' id='word_1_126' title='bbox 1541 1771 1606 1828; x_wconf 89' lang='lat' dir='ltr'>et</span> <span class='ocrx_word' id='word_1_127' title='bbox 1652 1764 1968 1828; x_wconf 88' lang='lat' dir='ltr'>dictorum</span> <span class='ocrx_word' id='word_1_128' title='bbox 2015 1785 2456 1829; x_wconf 88' lang='lat' dir='ltr'>successorum</span> <span class='ocrx_word' id='word_1_129' title='bbox 2513 1772 2878 1830; x_wconf 90' lang='lat' dir='ltr'>nostrorum</span> <span class='ocrx_word' id='word_1_130' title='bbox 2941 1773 3005 1829; x_wconf 91' lang='lat' dir='ltr'>et</span> <span class='ocrx_word' id='word_1_131' title='bbox 3064 1765 3231 1830; x_wconf 91' lang='lat' dir='ltr'>dicte</span> <span class='ocrx_word' id='word_1_132' title='bbox 3292 1765 3582 1830; x_wconf 85' lang='lat' dir='ltr'>Ecclesie</span> <span class='ocrx_word' id='word_1_133' title='bbox 3641 1766 3897 1831; x_wconf 89' lang='lat' dir='ltr'>nomine</span> <span class='ocrx_word' id='word_1_134' title='bbox 3959 1768 4416 1854; x_wconf 89' lang='lat' dir='ltr'>recipiendam,</span> 
     </span>
     <span class='ocr_line' id='line_1_12' title="bbox 775 1872 4421 1959; baseline 0.002 -23"><span class='ocrx_word' id='word_1_135' title='bbox 775 1872 1144 1937; x_wconf 88' lang='lat' dir='ltr'>habendam</span> <span class='ocrx_word' id='word_1_136' title='bbox 1191 1882 1256 1937; x_wconf 89' lang='lat' dir='ltr'>et</span> <span class='ocrx_word' id='word_1_137' title='bbox 1301 1872 1646 1937; x_wconf 87' lang='lat' dir='ltr'>tenendam</span> <span class='ocrx_word' id='word_1_138' title='bbox 1693 1872 1896 1936; x_wconf 86' lang='lat' dir='ltr'>libere</span> <span class='ocrx_word' id='word_1_139' title='bbox 1942 1879 2008 1937; x_wconf 92' lang='lat' dir='ltr'>et</span> <span class='ocrx_word' id='word_1_140' title='bbox 2054 1872 2299 1959; x_wconf 82' lang='lat' dir='ltr'>absque</span> <span class='ocrx_word' id='word_1_141' title='bbox 2346 1872 2805 1959; x_wconf 88' lang='lat' dir='ltr'>impedimento</span> <span class='ocrx_word' id='word_1_142' title='bbox 2869 1894 3291 1959; x_wconf 89' lang='lat' dir='ltr'>quocumque.</span> <span class='ocrx_word' id='word_1_143' title='bbox 3338 1873 3647 1937; x_wconf 90' lang='lat' dir='ltr'>Promisit</span> <span class='ocrx_word' id='word_1_144' title='bbox 3690 1875 3886 1938; x_wconf 91' lang='lat' dir='ltr'>etiam</span> <span class='ocrx_word' id='word_1_145' title='bbox 3933 1875 4304 1941; x_wconf 88' lang='lat' dir='ltr'>solemniter</span> <span class='ocrx_word' id='word_1_146' title='bbox 4355 1886 4421 1944; x_wconf 90' lang='lat' dir='ltr'>et</span> 
     </span>
     <span class='ocr_line' id='line_1_13' title="bbox 772 1979 4418 2069; baseline 0.001 -25"><span class='ocrx_word' id='word_1_147' title='bbox 772 1980 1021 2065; x_wconf 86' lang='lat' dir='ltr'>juravit</span> <span class='ocrx_word' id='word_1_148' title='bbox 1066 1980 1323 2044; x_wconf 89' lang='lat' dir='ltr'>nomine</span> <span class='ocrx_word' id='word_1_149' title='bbox 1366 1986 1431 2044; x_wconf 91' lang='lat' dir='ltr'>et</span> <span class='ocrx_word' id='word_1_150' title='bbox 1476 1980 1543 2043; x_wconf 89' lang='lat' dir='ltr'>in</span> <span class='ocrx_word' id='word_1_151' title='bbox 1592 1980 1841 2043; x_wconf 89' lang='lat' dir='ltr'>animas</span> <span class='ocrx_word' id='word_1_152' title='bbox 1888 1979 2413 2044; x_wconf 86' lang='lat' dir='ltr'>constituentium</span> <span class='ocrx_word' id='word_1_153' title='bbox 2459 1979 2913 2065; x_wconf 87' lang='lat' dir='ltr'>predictorum,</span> <span class='ocrx_word' id='word_1_154' title='bbox 2948 1979 3120 2065; x_wconf 94' lang='lat' dir='ltr'>quod</span> <span class='ocrx_word' id='word_1_155' title='bbox 3166 1980 3234 2043; x_wconf 92' lang='lat' dir='ltr'>in</span> <span class='ocrx_word' id='word_1_156' title='bbox 3281 1980 3605 2044; x_wconf 88' lang='lat' dir='ltr'>civitatem</span> <span class='ocrx_word' id='word_1_157' title='bbox 3655 1980 3949 2046; x_wconf 88' lang='lat' dir='ltr'>eamdem</span> <span class='ocrx_word' id='word_1_158' title='bbox 3996 1984 4265 2069; x_wconf 86' lang='lat' dir='ltr'>ejusque</span> <span class='ocrx_word' id='word_1_159' title='bbox 4314 2006 4418 2050; x_wconf 91' lang='lat' dir='ltr'>co·</span> 
     </span>
     <span class='ocr_line' id='line_1_14' title="bbox 778 2085 4417 2176; baseline 0.002 -26"><span class='ocrx_word' id='word_1_160' title='bbox 778 2088 1077 2150; x_wconf 87' lang='lat' dir='ltr'>mitatum</span> <span class='ocrx_word' id='word_1_161' title='bbox 1122 2087 1203 2151; x_wconf 89' lang='lat' dir='ltr'>ed</span> <span class='ocrx_word' id='word_1_162' title='bbox 1249 2087 1612 2152; x_wconf 87' lang='lat' dir='ltr'>districtum</span> <span class='ocrx_word' id='word_1_163' title='bbox 1657 2086 2061 2151; x_wconf 88' lang='lat' dir='ltr'>Ludovicum</span> <span class='ocrx_word' id='word_1_164' title='bbox 2107 2085 2187 2150; x_wconf 89' lang='lat' dir='ltr'>de</span> <span class='ocrx_word' id='word_1_165' title='bbox 2235 2086 2539 2169; x_wconf 87' lang='lat' dir='ltr'>Bavaria,</span> <span class='ocrx_word' id='word_1_166' title='bbox 2575 2086 2679 2151; x_wconf 90' lang='lat' dir='ltr'>vel</span> <span class='ocrx_word' id='word_1_167' title='bbox 2728 2086 3018 2172; x_wconf 89' lang='lat' dir='ltr'>quemvis</span> <span class='ocrx_word' id='word_1_168' title='bbox 3067 2087 3522 2172; x_wconf 87' lang='lat' dir='ltr'>imperatorem</span> <span class='ocrx_word' id='word_1_169' title='bbox 3569 2109 3684 2152; x_wconf 90' lang='lat' dir='ltr'>seu</span> <span class='ocrx_word' id='word_1_170' title='bbox 3730 2110 3951 2174; x_wconf 88' lang='lat' dir='ltr'>regem</span> <span class='ocrx_word' id='word_1_171' title='bbox 3983 2111 4417 2176; x_wconf 90' lang='lat' dir='ltr'>romanorum,</span> 
     </span>
     <span class='ocr_line' id='line_1_15' title="bbox 778 2194 4420 2283; baseline 0.002 -26"><span class='ocrx_word' id='word_1_172' title='bbox 778 2194 884 2257; x_wconf 86' lang='lat' dir='ltr'>vel</span> <span class='ocrx_word' id='word_1_173' title='bbox 932 2195 1011 2257; x_wconf 92' lang='lat' dir='ltr'>de</span> <span class='ocrx_word' id='word_1_174' title='bbox 1059 2194 1344 2280; x_wconf 91' lang='lat' dir='ltr'>ipsorum</span> <span class='ocrx_word' id='word_1_175' title='bbox 1391 2194 1692 2279; x_wconf 89' lang='lat' dir='ltr'>gentibus</span> <span class='ocrx_word' id='word_1_176' title='bbox 1740 2194 2021 2280; x_wconf 87' lang='lat' dir='ltr'>aliquem</span> <span class='ocrx_word' id='word_1_177' title='bbox 2068 2194 2171 2259; x_wconf 91' lang='lat' dir='ltr'>vel</span> <span class='ocrx_word' id='word_1_178' title='bbox 2220 2194 2471 2280; x_wconf 90' lang='lat' dir='ltr'>aliquos</span> <span class='ocrx_word' id='word_1_179' title='bbox 2517 2194 2825 2258; x_wconf 87' lang='lat' dir='ltr'>notabilis</span> <span class='ocrx_word' id='word_1_180' title='bbox 2870 2194 3355 2280; x_wconf 89' lang='lat' dir='ltr'>preeminentie,</span> <span class='ocrx_word' id='word_1_181' title='bbox 3402 2197 3722 2282; x_wconf 85' lang='lat' dir='ltr'>potentie,</span> <span class='ocrx_word' id='word_1_182' title='bbox 3772 2217 3886 2260; x_wconf 91' lang='lat' dir='ltr'>seu</span> <span class='ocrx_word' id='word_1_183' title='bbox 3933 2199 4291 2283; x_wconf 87' lang='lat' dir='ltr'>potestatis,</span> <span class='ocrx_word' id='word_1_184' title='bbox 4340 2199 4420 2265; x_wconf 89' lang='lat' dir='ltr'>de</span> 
     </span>
     <span class='ocr_line' id='line_1_16' title="bbox 780 2300 4419 2392; baseline 0.002 -28"><span class='ocrx_word' id='word_1_185' title='bbox 780 2323 905 2387; x_wconf 93' lang='lat' dir='ltr'>quo</span> <span class='ocrx_word' id='word_1_186' title='bbox 953 2301 1056 2365; x_wconf 88' lang='lat' dir='ltr'>vel</span> <span class='ocrx_word' id='word_1_187' title='bbox 1106 2302 1340 2392; x_wconf 81' lang='lat' dir='ltr'>quibus</span> <span class='ocrx_word' id='word_1_188' title='bbox 1385 2308 1605 2388; x_wconf 90' lang='lat' dir='ltr'>posset</span> <span class='ocrx_word' id='word_1_189' title='bbox 1649 2300 2082 2365; x_wconf 90' lang='lat' dir='ltr'>verisimiliter</span> <span class='ocrx_word' id='word_1_190' title='bbox 2129 2300 2413 2365; x_wconf 87' lang='lat' dir='ltr'>dubitari</span> <span class='ocrx_word' id='word_1_191' title='bbox 2483 2323 2598 2365; x_wconf 87' lang='lat' dir='ltr'>seu</span> <span class='ocrx_word' id='word_1_192' title='bbox 2664 2302 2949 2387; x_wconf 89' lang='lat' dir='ltr'>presumi</span> <span class='ocrx_word' id='word_1_193' title='bbox 3009 2302 3433 2367; x_wconf 89' lang='lat' dir='ltr'>mutationem</span> <span class='ocrx_word' id='word_1_194' title='bbox 3495 2309 3700 2367; x_wconf 87' lang='lat' dir='ltr'>status</span> <span class='ocrx_word' id='word_1_195' title='bbox 3763 2304 3867 2368; x_wconf 92' lang='lat' dir='ltr'>vel</span> <span class='ocrx_word' id='word_1_196' title='bbox 3931 2307 4419 2392; x_wconf 88' lang='lat' dir='ltr'>occupationem</span> 
     </span>
     <span class='ocr_line' id='line_1_17' title="bbox 779 2406 4421 2496; baseline 0.001 -23"><span class='ocrx_word' id='word_1_197' title='bbox 779 2408 1059 2473; x_wconf 87' lang='lat' dir='ltr'>civitatis</span> <span class='ocrx_word' id='word_1_198' title='bbox 1106 2409 1400 2493; x_wconf 89' lang='lat' dir='ltr'>ejusdem</span> <span class='ocrx_word' id='word_1_199' title='bbox 1445 2408 1680 2472; x_wconf 89' lang='lat' dir='ltr'>debere</span> <span class='ocrx_word' id='word_1_200' title='bbox 1729 2407 2100 2491; x_wconf 85' lang='lat' dir='ltr'>contingere</span> <span class='ocrx_word' id='word_1_201' title='bbox 2149 2406 2459 2472; x_wconf 89' lang='lat' dir='ltr'>adversus</span> <span class='ocrx_word' id='word_1_202' title='bbox 2507 2429 2624 2472; x_wconf 88' lang='lat' dir='ltr'>nos</span> <span class='ocrx_word' id='word_1_203' title='bbox 2671 2416 2737 2472; x_wconf 91' lang='lat' dir='ltr'>et</span> <span class='ocrx_word' id='word_1_204' title='bbox 2783 2408 3143 2473; x_wconf 83' lang='lat' dir='ltr'>Ecclesiam</span> <span class='ocrx_word' id='word_1_205' title='bbox 3190 2417 3631 2492; x_wconf 84' lang='lat' dir='ltr'>memoratam,</span> <span class='ocrx_word' id='word_1_206' title='bbox 3667 2431 3794 2475; x_wconf 90' lang='lat' dir='ltr'>non</span> <span class='ocrx_word' id='word_1_207' title='bbox 3830 2411 4256 2496; x_wconf 88' lang='lat' dir='ltr'>introducent,</span> <span class='ocrx_word' id='word_1_208' title='bbox 4291 2436 4421 2479; x_wconf 91' lang='lat' dir='ltr'>non</span> 
     </span>
     <span class='ocr_line' id='line_1_18' title="bbox 781 2513 4421 2602; baseline 0.002 -22"><span class='ocrx_word' id='word_1_209' title='bbox 781 2522 1110 2580; x_wconf 88' lang='lat' dir='ltr'>assument</span> <span class='ocrx_word' id='word_1_210' title='bbox 1155 2516 1261 2580; x_wconf 92' lang='lat' dir='ltr'>vel</span> <span class='ocrx_word' id='word_1_211' title='bbox 1307 2516 1619 2602; x_wconf 88' lang='lat' dir='ltr'>recipient</span> <span class='ocrx_word' id='word_1_212' title='bbox 1666 2516 1910 2601; x_wconf 90' lang='lat' dir='ltr'>absque</span> <span class='ocrx_word' id='word_1_213' title='bbox 1958 2513 2219 2580; x_wconf 84' lang='lat' dir='ltr'>licentia</span> <span class='ocrx_word' id='word_1_214' title='bbox 2279 2515 2463 2580; x_wconf 87' lang='lat' dir='ltr'>Sedis</span> <span class='ocrx_word' id='word_1_215' title='bbox 2524 2515 2875 2601; x_wconf 90' lang='lat' dir='ltr'>apostolice</span> <span class='ocrx_word' id='word_1_216' title='bbox 2924 2516 3218 2601; x_wconf 90' lang='lat' dir='ltr'>speciali,</span> <span class='ocrx_word' id='word_1_217' title='bbox 3267 2538 3383 2602; x_wconf 88' lang='lat' dir='ltr'>per</span> <span class='ocrx_word' id='word_1_218' title='bbox 3426 2517 3627 2602; x_wconf 90' lang='lat' dir='ltr'>ipsius</span> <span class='ocrx_word' id='word_1_219' title='bbox 3673 2517 3895 2582; x_wconf 89' lang='lat' dir='ltr'>literas</span> <span class='ocrx_word' id='word_1_220' title='bbox 3943 2521 4421 2586; x_wconf 87' lang='lat' dir='ltr'>concessionem</span> 
     </span>
     <span class='ocr_line' id='line_1_19' title="bbox 779 2622 4420 2710; baseline 0.002 -24"><span class='ocrx_word' id='word_1_221' title='bbox 779 2622 1037 2688; x_wconf 88' lang='lat' dir='ltr'>licentie</span> <span class='ocrx_word' id='word_1_222' title='bbox 1084 2623 1455 2708; x_wconf 89' lang='lat' dir='ltr'>hujusmodi</span> <span class='ocrx_word' id='word_1_223' title='bbox 1502 2623 1868 2709; x_wconf 83' lang='lat' dir='ltr'>specialiter</span> <span class='ocrx_word' id='word_1_224' title='bbox 1909 2624 2366 2709; x_wconf 78' lang='lat' dir='ltr'>exprimentes.</span> <span class='ocrx_word' id='word_1_225' title='bbox 2402 2622 2499 2687; x_wconf 86' lang='lat' dir='ltr'>Ac</span> <span class='ocrx_word' id='word_1_226' title='bbox 2532 2623 2948 2687; x_wconf 88' lang='lat' dir='ltr'>nihilominus</span> <span class='ocrx_word' id='word_1_227' title='bbox 2992 2623 3161 2687; x_wconf 89' lang='lat' dir='ltr'>idem</span> <span class='ocrx_word' id='word_1_228' title='bbox 3207 2623 3489 2688; x_wconf 88' lang='lat' dir='ltr'>sindicus</span> <span class='ocrx_word' id='word_1_229' title='bbox 3536 2632 3601 2688; x_wconf 90' lang='lat' dir='ltr'>et</span> <span class='ocrx_word' id='word_1_230' title='bbox 3639 2632 4038 2710; x_wconf 89' lang='lat' dir='ltr'>procurator,</span> <span class='ocrx_word' id='word_1_231' title='bbox 4075 2627 4420 2694; x_wconf 90' lang='lat' dir='ltr'>sindicario</span> 
     </span>
     <span class='ocr_line' id='line_1_20' title="bbox 784 2731 4422 2822; baseline 0.002 -27"><span class='ocrx_word' id='word_1_232' title='bbox 784 2738 849 2795; x_wconf 87' lang='lat' dir='ltr'>et</span> <span class='ocrx_word' id='word_1_233' title='bbox 895 2731 1336 2816; x_wconf 88' lang='lat' dir='ltr'>procuratorio</span> <span class='ocrx_word' id='word_1_234' title='bbox 1384 2731 1641 2795; x_wconf 90' lang='lat' dir='ltr'>nomine</span> <span class='ocrx_word' id='word_1_235' title='bbox 1689 2731 2082 2814; x_wconf 89' lang='lat' dir='ltr'>eorumdem,</span> <span class='ocrx_word' id='word_1_236' title='bbox 2116 2737 2307 2817; x_wconf 89' lang='lat' dir='ltr'>prout</span> <span class='ocrx_word' id='word_1_237' title='bbox 2351 2731 2540 2817; x_wconf 89' lang='lat' dir='ltr'>plene</span> <span class='ocrx_word' id='word_1_238' title='bbox 2587 2738 2843 2817; x_wconf 89' lang='lat' dir='ltr'>poterat</span> <span class='ocrx_word' id='word_1_239' title='bbox 2888 2753 2972 2795; x_wconf 81' lang='lat' dir='ltr'>ex</span> <span class='ocrx_word' id='word_1_240' title='bbox 3019 2731 3257 2795; x_wconf 87' lang='lat' dir='ltr'>virtute</span> <span class='ocrx_word' id='word_1_241' title='bbox 3303 2740 3368 2795; x_wconf 87' lang='lat' dir='ltr'>et</span> <span class='ocrx_word' id='word_1_242' title='bbox 3413 2738 3733 2818; x_wconf 86' lang='lat' dir='ltr'>potestate</span> <span class='ocrx_word' id='word_1_243' title='bbox 3782 2733 4133 2799; x_wconf 90' lang='lat' dir='ltr'>sindicatus</span> <span class='ocrx_word' id='word_1_244' title='bbox 4180 2742 4244 2800; x_wconf 91' lang='lat' dir='ltr'>et</span> <span class='ocrx_word' id='word_1_245' title='bbox 4276 2759 4422 2822; x_wconf 90' lang='lat' dir='ltr'>pro·</span> 
     </span>
     <span class='ocr_line' id='line_1_21' title="bbox 784 2837 4423 2924; baseline 0.002 -23"><span class='ocrx_word' id='word_1_246' title='bbox 784 2838 1090 2923; x_wconf 89' lang='lat' dir='ltr'>curatorij</span> <span class='ocrx_word' id='word_1_247' title='bbox 1138 2837 1259 2921; x_wconf 91' lang='lat' dir='ltr'>sui,</span> <span class='ocrx_word' id='word_1_248' title='bbox 1292 2860 1408 2923; x_wconf 91' lang='lat' dir='ltr'>per</span> <span class='ocrx_word' id='word_1_249' title='bbox 1443 2859 1589 2902; x_wconf 85' lang='lat' dir='ltr'>eum</span> <span class='ocrx_word' id='word_1_250' title='bbox 1638 2838 1822 2903; x_wconf 91' lang='lat' dir='ltr'>nobis</span> <span class='ocrx_word' id='word_1_251' title='bbox 1870 2838 2091 2920; x_wconf 90' lang='lat' dir='ltr'>oblati,</span> <span class='ocrx_word' id='word_1_252' title='bbox 2126 2837 2296 2924; x_wconf 89' lang='lat' dir='ltr'>quod</span> <span class='ocrx_word' id='word_1_253' title='bbox 2343 2839 2408 2902; x_wconf 94' lang='lat' dir='ltr'>in</span> <span class='ocrx_word' id='word_1_254' title='bbox 2456 2838 2742 2903; x_wconf 85' lang='lat' dir='ltr'>archivio</span> <span class='ocrx_word' id='word_1_255' title='bbox 2791 2839 3082 2924; x_wconf 83' lang='lat' dir='ltr'>ejusdem</span> <span class='ocrx_word' id='word_1_256' title='bbox 3128 2860 3393 2903; x_wconf 88' lang='lat' dir='ltr'>romane</span> <span class='ocrx_word' id='word_1_257' title='bbox 3438 2837 3728 2904; x_wconf 85' lang='lat' dir='ltr'>Ecclesie</span> <span class='ocrx_word' id='word_1_258' title='bbox 3777 2841 4223 2907; x_wconf 82' lang='lat' dir='ltr'>mandavimus</span> <span class='ocrx_word' id='word_1_259' title='bbox 4270 2864 4423 2908; x_wconf 89' lang='lat' dir='ltr'>con-</span> 
     </span>
     <span class='ocr_line' id='line_1_22' title="bbox 785 2945 4423 3037; baseline 0.002 -29"><span class='ocrx_word' id='word_1_260' title='bbox 785 2945 1052 3028; x_wconf 86' lang='lat' dir='ltr'>servari,</span> <span class='ocrx_word' id='word_1_261' title='bbox 1101 2945 1183 3009; x_wconf 92' lang='lat' dir='ltr'>ad</span> <span class='ocrx_word' id='word_1_262' title='bbox 1230 2953 1453 3010; x_wconf 87' lang='lat' dir='ltr'>sancta</span> <span class='ocrx_word' id='word_1_263' title='bbox 1499 2945 1625 3010; x_wconf 91' lang='lat' dir='ltr'>Dei</span> <span class='ocrx_word' id='word_1_264' title='bbox 1669 2945 2033 3031; x_wconf 88' lang='lat' dir='ltr'>Evangelia</span> <span class='ocrx_word' id='word_1_265' title='bbox 2079 2967 2193 3032; x_wconf 90' lang='lat' dir='ltr'>per</span> <span class='ocrx_word' id='word_1_266' title='bbox 2240 2967 2388 3010; x_wconf 90' lang='lat' dir='ltr'>eum</span> <span class='ocrx_word' id='word_1_267' title='bbox 2434 2952 2626 3028; x_wconf 87' lang='lat' dir='ltr'>tacta,</span> <span class='ocrx_word' id='word_1_268' title='bbox 2663 2947 3036 3030; x_wconf 87' lang='lat' dir='ltr'>juramenta</span> <span class='ocrx_word' id='word_1_269' title='bbox 3082 2945 3266 3010; x_wconf 90' lang='lat' dir='ltr'>nobis</span> <span class='ocrx_word' id='word_1_270' title='bbox 3313 2947 3593 3032; x_wconf 86' lang='lat' dir='ltr'>prestitit</span> <span class='ocrx_word' id='word_1_271' title='bbox 3638 2948 3704 3010; x_wconf 92' lang='lat' dir='ltr'>in</span> <span class='ocrx_word' id='word_1_272' title='bbox 3752 2948 3872 3012; x_wconf 89' lang='lat' dir='ltr'>hac</span> <span class='ocrx_word' id='word_1_273' title='bbox 3922 2948 4162 3013; x_wconf 85' lang='lat' dir='ltr'>forma:</span> <span class='ocrx_word' id='word_1_274' title='bbox 4210 2975 4239 3008; x_wconf 84' lang='lat'>«</span> <span class='ocrx_word' id='word_1_275' title='bbox 4288 2950 4423 3037; x_wconf 72' lang='lat' dir='ltr'>Eyo</span> 
     </span>
     <span class='ocr_line' id='line_1_23' title="bbox 784 3052 4421 3142; baseline 0.002 -26"><span class='ocrx_word' id='word_1_276' title='bbox 784 3052 1111 3117; x_wconf 84' lang='lat' dir='ltr'>Rolandus</span> <span class='ocrx_word' id='word_1_277' title='bbox 1157 3054 1468 3139; x_wconf 80' lang='lat' dir='ltr'>quondam</span> <span class='ocrx_word' id='word_1_278' title='bbox 1500 3053 1807 3118; x_wconf 77' lang='lat' dir='ltr'>Johannis</span> <span class='ocrx_word' id='word_1_279' title='bbox 1852 3054 1926 3118; x_wconf 81' lang='lat' dir='ltr'>cle</span> <span class='ocrx_word' id='word_1_280' title='bbox 1972 3052 2309 3136; x_wconf 72' lang='lat' dir='ltr'>HintutijS,</span> <span class='ocrx_word' id='word_1_281' title='bbox 2340 3055 2483 3118; x_wconf 77' lang='lat' dir='ltr'>civis</span> <span class='ocrx_word' id='word_1_282' title='bbox 2514 3053 2915 3136; x_wconf 69' lang='lat' dir='ltr'>bononiensia,</span> <span class='ocrx_word' id='word_1_283' title='bbox 2946 3053 3221 3117; x_wconf 73' lang='lat' dir='ltr'>sindicus</span> <span class='ocrx_word' id='word_1_284' title='bbox 3251 3061 3304 3118; x_wconf 92' lang='lat' dir='ltr'>et</span> <span class='ocrx_word' id='word_1_285' title='bbox 3325 3062 3702 3138; x_wconf 83' lang='lat' dir='ltr'>procurator</span> <span class='ocrx_word' id='word_1_286' title='bbox 3731 3058 4006 3140; x_wconf 82' lang='lat' dir='ltr'>civitatis,</span> <span class='ocrx_word' id='word_1_287' title='bbox 4045 3056 4421 3142; x_wconf 86' lang='lat' dir='ltr'>Communis,</span> 
     </span>
     <span class='ocr_line' id='line_1_24' title="bbox 782 3160 4419 3251; baseline 0.002 -27"><span class='ocrx_word' id='word_1_288' title='bbox 782 3162 1197 3225; x_wconf 72' lang='lat' dir='ltr'>universitatis</span> <span class='ocrx_word' id='word_1_289' title='bbox 1221 3168 1274 3225; x_wconf 89' lang='lat' dir='ltr'>et</span> <span class='ocrx_word' id='word_1_290' title='bbox 1301 3160 1526 3245; x_wconf 79' lang='lat' dir='ltr'>Populi</span> <span class='ocrx_word' id='word_1_291' title='bbox 1553 3160 1954 3243; x_wconf 86' lang='lat' dir='ltr'>bononiensis,</span> <span class='ocrx_word' id='word_1_292' title='bbox 1968 3162 2260 3245; x_wconf 87' lang='lat' dir='ltr'>promitto</span> <span class='ocrx_word' id='word_1_293' title='bbox 2285 3168 2337 3225; x_wconf 88' lang='lat' dir='ltr'>et</span> <span class='ocrx_word' id='word_1_294' title='bbox 2353 3161 2512 3244; x_wconf 81' lang='lat' dir='ltr'>juro</span> <span class='ocrx_word' id='word_1_295' title='bbox 2539 3163 2785 3225; x_wconf 86' lang='lat' dir='ltr'>nomine</span> <span class='ocrx_word' id='word_1_296' title='bbox 2817 3169 2871 3225; x_wconf 89' lang='lat' dir='ltr'>et</span> <span class='ocrx_word' id='word_1_297' title='bbox 2903 3163 2970 3224; x_wconf 89' lang='lat' dir='ltr'>in</span> <span class='ocrx_word' id='word_1_298' title='bbox 2999 3163 3243 3225; x_wconf 85' lang='lat' dir='ltr'>animas</span> <span class='ocrx_word' id='word_1_299' title='bbox 3272 3164 3763 3226; x_wconf 76' lang='lat' dir='ltr'>constituentium</span> <span class='ocrx_word' id='word_1_300' title='bbox 3789 3164 4227 3247; x_wconf 86' lang='lat' dir='ltr'>predictorum,</span> <span class='ocrx_word' id='word_1_301' title='bbox 4255 3166 4419 3251; x_wconf 83' lang='lat' dir='ltr'>quod</span> 
     </span>
     <span class='ocr_line' id='line_1_25' title="bbox 781 3266 4416 3353; baseline 0.001 -22"><span class='ocrx_word' id='word_1_302' title='bbox 781 3270 1008 3349; x_wconf 73' lang='lat' dir='ltr'>civitaS,</span> <span class='ocrx_word' id='word_1_303' title='bbox 1047 3266 1399 3351; x_wconf 84' lang='lat' dir='ltr'>Commune,</span> <span class='ocrx_word' id='word_1_304' title='bbox 1432 3271 1796 3332; x_wconf 68' lang='lat' dir='ltr'>universitas</span> <span class='ocrx_word' id='word_1_305' title='bbox 1826 3275 1879 3332; x_wconf 89' lang='lat' dir='ltr'>et</span> <span class='ocrx_word' id='word_1_306' title='bbox 1914 3267 2189 3353; x_wconf 86' lang='lat' dir='ltr'>Populus</span> <span class='ocrx_word' id='word_1_307' title='bbox 2218 3267 2598 3332; x_wconf 86' lang='lat' dir='ltr'>bononiensis</span> <span class='ocrx_word' id='word_1_308' title='bbox 2627 3290 2699 3331; x_wconf 86' lang='lat' dir='ltr'>ac</span> <span class='ocrx_word' id='word_1_309' title='bbox 2728 3270 3047 3332; x_wconf 78' lang='lat' dir='ltr'>comitatus</span> <span class='ocrx_word' id='word_1_310' title='bbox 3079 3276 3132 3332; x_wconf 90' lang='lat' dir='ltr'>et</span> <span class='ocrx_word' id='word_1_311' title='bbox 3170 3269 3482 3333; x_wconf 88' lang='lat' dir='ltr'>districtus</span> <span class='ocrx_word' id='word_1_312' title='bbox 3513 3269 3804 3352; x_wconf 85' lang='lat' dir='ltr'>ejusdem,</span> <span class='ocrx_word' id='word_1_313' title='bbox 3835 3291 3943 3335; x_wconf 89' lang='lat' dir='ltr'>nec</span> <span class='ocrx_word' id='word_1_314' title='bbox 3974 3293 4097 3335; x_wconf 90' lang='lat' dir='ltr'>non</span> <span class='ocrx_word' id='word_1_315' title='bbox 4135 3271 4416 3337; x_wconf 86' lang='lat' dir='ltr'>Commu-</span> 
     </span>
     <span class='ocr_line' id='line_1_26' title="bbox 782 3375 4418 3458; baseline 0.001 -19"><span class='ocrx_word' id='word_1_316' title='bbox 782 3378 891 3439; x_wconf 87' lang='lat' dir='ltr'>nia</span> <span class='ocrx_word' id='word_1_317' title='bbox 922 3383 976 3440; x_wconf 96' lang='lat' dir='ltr'>et</span> <span class='ocrx_word' id='word_1_318' title='bbox 1007 3377 1431 3440; x_wconf 78' lang='lat' dir='ltr'>universitates</span> <span class='ocrx_word' id='word_1_319' title='bbox 1460 3376 1763 3439; x_wconf 86' lang='lat' dir='ltr'>dictorum</span> <span class='ocrx_word' id='word_1_320' title='bbox 1794 3377 2111 3439; x_wconf 81' lang='lat' dir='ltr'>comitatus</span> <span class='ocrx_word' id='word_1_321' title='bbox 2142 3382 2197 3439; x_wconf 89' lang='lat' dir='ltr'>et</span> <span class='ocrx_word' id='word_1_322' title='bbox 2226 3376 2539 3439; x_wconf 84' lang='lat' dir='ltr'>districtus</span> <span class='ocrx_word' id='word_1_323' title='bbox 2568 3375 2643 3439; x_wconf 84' lang='lat' dir='ltr'>ab</span> <span class='ocrx_word' id='word_1_324' title='bbox 2673 3376 2788 3440; x_wconf 80' lang='lat' dir='ltr'>hac</span> <span class='ocrx_word' id='word_1_325' title='bbox 2816 3376 2969 3439; x_wconf 82' lang='lat' dir='ltr'>hora</span> <span class='ocrx_word' id='word_1_326' title='bbox 3003 3378 3069 3438; x_wconf 90' lang='lat' dir='ltr'>in</span> <span class='ocrx_word' id='word_1_327' title='bbox 3100 3383 3282 3440; x_wconf 86' lang='lat' dir='ltr'>antea</span> <span class='ocrx_word' id='word_1_328' title='bbox 3323 3376 3533 3458; x_wconf 84' lang='lat' dir='ltr'>fideles</span> <span class='ocrx_word' id='word_1_329' title='bbox 3578 3385 3634 3442; x_wconf 88' lang='lat' dir='ltr'>et</span> <span class='ocrx_word' id='word_1_330' title='bbox 3675 3377 4007 3443; x_wconf 83' lang='lat' dir='ltr'>obedientes</span> <span class='ocrx_word' id='word_1_331' title='bbox 4039 3387 4220 3443; x_wconf 87' lang='lat' dir='ltr'>erunt</span> <span class='ocrx_word' id='word_1_332' title='bbox 4251 3379 4418 3444; x_wconf 86' lang='lat' dir='ltr'>beato</span> 
     </span>
     <span class='ocr_line' id='line_1_27' title="bbox 786 3482 4415 3570; baseline 0.001 -23"><span class='ocrx_word' id='word_1_333' title='bbox 786 3482 969 3547; x_wconf 86' lang='lat' dir='ltr'>Petro</span> <span class='ocrx_word' id='word_1_334' title='bbox 1003 3484 1412 3567; x_wconf 83' lang='lat' dir='ltr'>apostolorum</span> <span class='ocrx_word' id='word_1_335' title='bbox 1430 3485 1710 3567; x_wconf 78' lang='lat' dir='ltr'>principi</span> <span class='ocrx_word' id='word_1_336' title='bbox 1740 3490 1793 3546; x_wconf 87' lang='lat' dir='ltr'>et</span> <span class='ocrx_word' id='word_1_337' title='bbox 1828 3482 1983 3546; x_wconf 78' lang='lat' dir='ltr'>cobis</span> <span class='ocrx_word' id='word_1_338' title='bbox 2015 3482 2404 3547; x_wconf 86' lang='lat' dir='ltr'>Sanctissimo</span> <span class='ocrx_word' id='word_1_339' title='bbox 2440 3482 2619 3546; x_wconf 86' lang='lat' dir='ltr'>Patri</span> <span class='ocrx_word' id='word_1_340' title='bbox 2648 3483 2918 3547; x_wconf 89' lang='lat' dir='ltr'>Domino</span> <span class='ocrx_word' id='word_1_341' title='bbox 2948 3490 3154 3547; x_wconf 89' lang='lat' dir='ltr'>nostro</span> <span class='ocrx_word' id='word_1_342' title='bbox 3183 3483 3453 3547; x_wconf 87' lang='lat' dir='ltr'>Domino</span> <span class='ocrx_word' id='word_1_343' title='bbox 3485 3483 3812 3549; x_wconf 82' lang='lat' dir='ltr'>Benedicta</span> <span class='ocrx_word' id='word_1_344' title='bbox 3846 3484 4014 3570; x_wconf 86' lang='lat' dir='ltr'>Pape</span> <span class='ocrx_word' id='word_1_345' title='bbox 4043 3487 4415 3570; x_wconf 85' lang='lat' dir='ltr'>duodecimo,</span> 
     </span>
     <span class='ocr_line' id='line_1_28' title="bbox 782 3588 4421 3675; baseline 0.001 -20"><span class='ocrx_word' id='word_1_346' title='bbox 782 3593 1110 3675; x_wconf 77' lang='lat' dir='ltr'>vestrisque</span> <span class='ocrx_word' id='word_1_347' title='bbox 1151 3589 1589 3655; x_wconf 85' lang='lat' dir='ltr'>successoribus</span> <span class='ocrx_word' id='word_1_348' title='bbox 1634 3592 1914 3654; x_wconf 82' lang='lat' dir='ltr'>canonice</span> <span class='ocrx_word' id='word_1_349' title='bbox 1960 3589 2356 3673; x_wconf 74' lang='lat' dir='ltr'>intrantibuS,</span> <span class='ocrx_word' id='word_1_350' title='bbox 2400 3598 2720 3675; x_wconf 80' lang='lat' dir='ltr'>sancteque</span> <span class='ocrx_word' id='word_1_351' title='bbox 2767 3611 3017 3654; x_wconf 85' lang='lat' dir='ltr'>romane</span> <span class='ocrx_word' id='word_1_352' title='bbox 3060 3588 3343 3673; x_wconf 88' lang='lat' dir='ltr'>Ecclesie,</span> <span class='ocrx_word' id='word_1_353' title='bbox 3386 3598 3441 3655; x_wconf 88' lang='lat' dir='ltr'>et</span> <span class='ocrx_word' id='word_1_354' title='bbox 3488 3612 3608 3655; x_wconf 87' lang='lat' dir='ltr'>non</span> <span class='ocrx_word' id='word_1_355' title='bbox 3656 3600 3839 3656; x_wconf 83' lang='lat' dir='ltr'>erunt</span> <span class='ocrx_word' id='word_1_356' title='bbox 3884 3595 3948 3656; x_wconf 89' lang='lat' dir='ltr'>in</span> <span class='ocrx_word' id='word_1_357' title='bbox 4001 3592 4266 3657; x_wconf 85' lang='lat' dir='ltr'>Consilio</span> <span class='ocrx_word' id='word_1_358' title='bbox 4310 3602 4421 3659; x_wconf 88' lang='lat' dir='ltr'>aut</span> 
     </span>
     <span class='ocr_line' id='line_1_29' title="bbox 780 3698 4422 3787; baseline 0.001 -25"><span class='ocrx_word' id='word_1_359' title='bbox 780 3719 1072 3763; x_wconf 86' lang='lat' dir='ltr'>consensu</span> <span class='ocrx_word' id='word_1_360' title='bbox 1116 3700 1209 3762; x_wconf 76' lang='lat' dir='ltr'>vel</span> <span class='ocrx_word' id='word_1_361' title='bbox 1252 3699 1417 3782; x_wconf 80' lang='lat' dir='ltr'>facto</span> <span class='ocrx_word' id='word_1_362' title='bbox 1477 3698 1640 3784; x_wconf 83' lang='lat' dir='ltr'>quod</span> <span class='ocrx_word' id='word_1_363' title='bbox 1686 3701 1866 3762; x_wconf 74' lang='lat' dir='ltr'>citam</span> <span class='ocrx_word' id='word_1_364' title='bbox 1910 3699 2183 3782; x_wconf 87' lang='lat' dir='ltr'>perdatis</span> <span class='ocrx_word' id='word_1_365' title='bbox 2233 3706 2344 3762; x_wconf 88' lang='lat' dir='ltr'>aut</span> <span class='ocrx_word' id='word_1_366' title='bbox 2392 3698 2748 3782; x_wconf 84' lang='lat' dir='ltr'>membrum,</span> <span class='ocrx_word' id='word_1_367' title='bbox 2795 3706 2907 3763; x_wconf 85' lang='lat' dir='ltr'>aut</span> <span class='ocrx_word' id='word_1_368' title='bbox 2950 3700 3284 3783; x_wconf 84' lang='lat' dir='ltr'>capiamini</span> <span class='ocrx_word' id='word_1_369' title='bbox 3329 3699 3496 3763; x_wconf 87' lang='lat' dir='ltr'>mala</span> <span class='ocrx_word' id='word_1_370' title='bbox 3538 3701 3828 3784; x_wconf 86' lang='lat' dir='ltr'>captione.</span> <span class='ocrx_word' id='word_1_371' title='bbox 3877 3699 4212 3764; x_wconf 80' lang='lat' dir='ltr'>Consilium</span> <span class='ocrx_word' id='word_1_372' title='bbox 4259 3703 4422 3787; x_wconf 79' lang='lat' dir='ltr'>quod</span> 
     </span>
     <span class='ocr_line' id='line_1_30' title="bbox 784 3806 4419 3891; baseline 0.001 -21"><span class='ocrx_word' id='word_1_373' title='bbox 784 3808 869 3871; x_wconf 90' lang='lat' dir='ltr'>eis</span> <span class='ocrx_word' id='word_1_374' title='bbox 911 3806 1209 3871; x_wconf 83' lang='lat' dir='ltr'>credituri</span> <span class='ocrx_word' id='word_1_375' title='bbox 1252 3808 1388 3871; x_wconf 87' lang='lat' dir='ltr'>estis</span> <span class='ocrx_word' id='word_1_376' title='bbox 1422 3828 1542 3891; x_wconf 85' lang='lat' dir='ltr'>per</span> <span class='ocrx_word' id='word_1_377' title='bbox 1602 3826 1700 3869; x_wconf 77' lang='lat' dir='ltr'>cos</span> <span class='ocrx_word' id='word_1_378' title='bbox 1758 3813 1868 3869; x_wconf 89' lang='lat' dir='ltr'>aut</span> <span class='ocrx_word' id='word_1_379' title='bbox 1917 3827 2040 3891; x_wconf 84' lang='lat' dir='ltr'>per</span> <span class='ocrx_word' id='word_1_380' title='bbox 2097 3808 2389 3889; x_wconf 86' lang='lat' dir='ltr'>nuncios,</span> <span class='ocrx_word' id='word_1_381' title='bbox 2434 3827 2539 3870; x_wconf 88' lang='lat' dir='ltr'>seu</span> <span class='ocrx_word' id='word_1_382' title='bbox 2574 3828 2695 3891; x_wconf 88' lang='lat' dir='ltr'>per</span> <span class='ocrx_word' id='word_1_383' title='bbox 2741 3808 2951 3870; x_wconf 85' lang='lat' dir='ltr'>literas</span> <span class='ocrx_word' id='word_1_384' title='bbox 3004 3806 3090 3869; x_wconf 88' lang='lat' dir='ltr'>ad</span> <span class='ocrx_word' id='word_1_385' title='bbox 3148 3814 3412 3871; x_wconf 69' lang='lat' dir='ltr'>cestrum</span> <span class='ocrx_word' id='word_1_386' title='bbox 3473 3807 3565 3870; x_wconf 73' lang='lat' dir='ltr'>vel</span> <span class='ocrx_word' id='word_1_387' title='bbox 3624 3808 3778 3871; x_wconf 90' lang='lat' dir='ltr'>dicte</span> <span class='ocrx_word' id='word_1_388' title='bbox 3829 3808 4062 3873; x_wconf 86' lang='lat' dir='ltr'>ecclesie</span> <span class='ocrx_word' id='word_1_389' title='bbox 4116 3809 4419 3873; x_wconf 86' lang='lat' dir='ltr'>damnum</span> 
     </span>
     <span class='ocr_line' id='line_1_31' title="bbox 781 3915 4420 4000; baseline 0.001 -21"><span class='ocrx_word' id='word_1_390' title='bbox 781 3918 1036 3997; x_wconf 82' lang='lat' dir='ltr'>scienter</span> <span class='ocrx_word' id='word_1_391' title='bbox 1078 3916 1312 3980; x_wconf 89' lang='lat' dir='ltr'>nemini</span> <span class='ocrx_word' id='word_1_392' title='bbox 1343 3915 1655 3999; x_wconf 87' lang='lat' dir='ltr'>pandent,</span> <span class='ocrx_word' id='word_1_393' title='bbox 1702 3923 1758 3980; x_wconf 88' lang='lat' dir='ltr'>et</span> <span class='ocrx_word' id='word_1_394' title='bbox 1801 3917 1855 3978; x_wconf 88' lang='lat' dir='ltr'>si</span> <span class='ocrx_word' id='word_1_395' title='bbox 1897 3917 2179 3979; x_wconf 81' lang='lat' dir='ltr'>sciverint</span> <span class='ocrx_word' id='word_1_396' title='bbox 2217 3915 2394 3997; x_wconf 84' lang='lat' dir='ltr'>fieri,</span> <span class='ocrx_word' id='word_1_397' title='bbox 2440 3916 2531 3979; x_wconf 53' lang='lat' dir='ltr'>‘cel</span> <span class='ocrx_word' id='word_1_398' title='bbox 2565 3917 2906 3999; x_wconf 82' lang='lat' dir='ltr'>procurari</span> <span class='ocrx_word' id='word_1_399' title='bbox 2956 3935 3061 3979; x_wconf 90' lang='lat' dir='ltr'>seu</span> <span class='ocrx_word' id='word_1_400' title='bbox 3109 3917 3369 3978; x_wconf 87' lang='lat' dir='ltr'>tractari</span> <span class='ocrx_word' id='word_1_401' title='bbox 3411 3915 3656 4000; x_wconf 77' lang='lat' dir='ltr'>aliquid</span> <span class='ocrx_word' id='word_1_402' title='bbox 3711 3916 3875 4000; x_wconf 81' lang='lat' dir='ltr'>quod</span> <span class='ocrx_word' id='word_1_403' title='bbox 3916 3918 3995 3980; x_wconf 89' lang='lat' dir='ltr'>sit</span> <span class='ocrx_word' id='word_1_404' title='bbox 4039 3919 4106 3980; x_wconf 89' lang='lat' dir='ltr'>in</span> <span class='ocrx_word' id='word_1_405' title='bbox 4153 3924 4420 3981; x_wconf 84' lang='lat' dir='ltr'>vestrum</span> 
     </span>
     <span class='ocr_line' id='line_1_32' title="bbox 786 4021 4422 4107; baseline 0.001 -21"><span class='ocrx_word' id='word_1_406' title='bbox 786 4024 875 4086; x_wconf 79' lang='lat' dir='ltr'>vel</span> <span class='ocrx_word' id='word_1_407' title='bbox 918 4021 1182 4086; x_wconf 86' lang='lat' dir='ltr'>Ecclesie</span> <span class='ocrx_word' id='word_1_408' title='bbox 1213 4022 1488 4107; x_wconf 83' lang='lat' dir='ltr'>predicte</span> <span class='ocrx_word' id='word_1_409' title='bbox 1531 4022 1867 4104; x_wconf 86' lang='lat' dir='ltr'>damnum,</span> <span class='ocrx_word' id='word_1_410' title='bbox 1917 4022 2078 4086; x_wconf 89' lang='lat' dir='ltr'>illud</span> <span class='ocrx_word' id='word_1_411' title='bbox 2106 4043 2232 4106; x_wconf 90' lang='lat' dir='ltr'>pro</span> <span class='ocrx_word' id='word_1_412' title='bbox 2263 4043 2441 4106; x_wconf 87' lang='lat' dir='ltr'>posse</span> <span class='ocrx_word' id='word_1_413' title='bbox 2485 4022 2843 4106; x_wconf 88' lang='lat' dir='ltr'>impedient,</span> <span class='ocrx_word' id='word_1_414' title='bbox 2889 4029 2943 4086; x_wconf 88' lang='lat' dir='ltr'>et</span> <span class='ocrx_word' id='word_1_415' title='bbox 2986 4023 3041 4086; x_wconf 88' lang='lat' dir='ltr'>si</span> <span class='ocrx_word' id='word_1_416' title='bbox 3085 4021 3382 4105; x_wconf 88' lang='lat' dir='ltr'>impedire</span> <span class='ocrx_word' id='word_1_417' title='bbox 3427 4043 3550 4086; x_wconf 86' lang='lat' dir='ltr'>non</span> <span class='ocrx_word' id='word_1_418' title='bbox 3592 4030 3876 4106; x_wconf 89' lang='lat' dir='ltr'>possent,</span> <span class='ocrx_word' id='word_1_419' title='bbox 3922 4024 4085 4087; x_wconf 91' lang='lat' dir='ltr'>illud</span> <span class='ocrx_word' id='word_1_420' title='bbox 4133 4023 4288 4088; x_wconf 79' lang='lat' dir='ltr'>vobis</span> <span class='ocrx_word' id='word_1_421' title='bbox 4333 4026 4422 4089; x_wconf 85' lang='lat' dir='ltr'>vel</span> 
     </span>
     <span class='ocr_line' id='line_1_33' title="bbox 779 4127 4420 4214; baseline 0.001 -20"><span class='ocrx_word' id='word_1_422' title='bbox 779 4129 1217 4194; x_wconf 86' lang='lat' dir='ltr'>successoribus</span> <span class='ocrx_word' id='word_1_423' title='bbox 1272 4131 1484 4194; x_wconf 77' lang='lat' dir='ltr'>vest-ris</span> <span class='ocrx_word' id='word_1_424' title='bbox 1541 4151 1614 4193; x_wconf 89' lang='lat' dir='ltr'>ac</span> <span class='ocrx_word' id='word_1_425' title='bbox 1659 4131 1777 4213; x_wconf 86' lang='lat' dir='ltr'>ipsi</span> <span class='ocrx_word' id='word_1_426' title='bbox 1821 4127 2083 4194; x_wconf 87' lang='lat' dir='ltr'>Ecclesie</span> <span class='ocrx_word' id='word_1_427' title='bbox 2126 4129 2474 4214; x_wconf 75' lang='lat' dir='ltr'>siynificare</span> <span class='ocrx_word' id='word_1_428' title='bbox 2518 4128 2825 4193; x_wconf 89' lang='lat' dir='ltr'>curabunt</span> <span class='ocrx_word' id='word_1_429' title='bbox 2841 4152 2863 4212; x_wconf 90' lang='lat'><em>;</em></span> <span class='ocrx_word' id='word_1_430' title='bbox 2897 4136 3204 4213; x_wconf 87' lang='lat' dir='ltr'>papatum</span> <span class='ocrx_word' id='word_1_431' title='bbox 3250 4150 3576 4192; x_wconf 88' lang='lat' dir='ltr'>romanum</span> <span class='ocrx_word' id='word_1_432' title='bbox 3626 4136 3681 4193; x_wconf 92' lang='lat' dir='ltr'>et</span> <span class='ocrx_word' id='word_1_433' title='bbox 3726 4131 3960 4214; x_wconf 75' lang='lat' dir='ltr'>reyalia</span> <span class='ocrx_word' id='word_1_434' title='bbox 4004 4134 4199 4195; x_wconf 83' lang='lat' dir='ltr'>sancti</span> <span class='ocrx_word' id='word_1_435' title='bbox 4249 4130 4420 4196; x_wconf 86' lang='lat' dir='ltr'>Petri</span> 
     </span>
     <span class='ocr_line' id='line_1_34' title="bbox 766 4235 4418 4324; baseline -0 -23"><span class='ocrx_word' id='word_1_436' title='bbox 766 4239 950 4322; x_wconf 86' lang='lat' dir='ltr'>jura,</span> <span class='ocrx_word' id='word_1_437' title='bbox 966 4237 1432 4320; x_wconf 83' lang='lat' dir='ltr'>jurisdictiones</span> <span class='ocrx_word' id='word_1_438' title='bbox 1476 4244 1673 4301; x_wconf 77' lang='lat' dir='ltr'>cestra</span> <span class='ocrx_word' id='word_1_439' title='bbox 1718 4245 1773 4300; x_wconf 91' lang='lat' dir='ltr'>et</span> <span class='ocrx_word' id='word_1_440' title='bbox 1814 4257 2226 4301; x_wconf 87' lang='lat' dir='ltr'>successorum</span> <span class='ocrx_word' id='word_1_441' title='bbox 2270 4244 2607 4301; x_wconf 71' lang='lat' dir='ltr'>vestrorum</span> <span class='ocrx_word' id='word_1_442' title='bbox 2653 4244 2706 4301; x_wconf 86' lang='lat' dir='ltr'>et</span> <span class='ocrx_word' id='word_1_443' title='bbox 2753 4257 3007 4300; x_wconf 86' lang='lat' dir='ltr'>romane</span> <span class='ocrx_word' id='word_1_444' title='bbox 3051 4235 3315 4301; x_wconf 86' lang='lat' dir='ltr'>Ecclesie</span> <span class='ocrx_word' id='word_1_445' title='bbox 3353 4244 3480 4300; x_wconf 89' lang='lat' dir='ltr'>tam</span> <span class='ocrx_word' id='word_1_446' title='bbox 3517 4239 3585 4300; x_wconf 86' lang='lat' dir='ltr'>in</span> <span class='ocrx_word' id='word_1_447' title='bbox 3615 4239 3750 4321; x_wconf 88' lang='lat' dir='ltr'>ipsa</span> <span class='ocrx_word' id='word_1_448' title='bbox 3781 4240 4018 4301; x_wconf 84' lang='lat' dir='ltr'>civitate</span> <span class='ocrx_word' id='word_1_449' title='bbox 4045 4237 4418 4324; x_wconf 87' lang='lat' dir='ltr'>bononiensi,</span> 
     </span>
     <span class='ocr_line' id='line_1_35' title="bbox 782 4343 4483 4428; baseline 0 -18"><span class='ocrx_word' id='word_1_450' title='bbox 782 4347 1099 4427; x_wconf 85' lang='lat' dir='ltr'>comitatu,</span> <span class='ocrx_word' id='word_1_451' title='bbox 1145 4345 1454 4408; x_wconf 87' lang='lat' dir='ltr'>territorio</span> <span class='ocrx_word' id='word_1_452' title='bbox 1498 4351 1551 4407; x_wconf 89' lang='lat' dir='ltr'>et</span> <span class='ocrx_word' id='word_1_453' title='bbox 1596 4343 1908 4426; x_wconf 85' lang='lat' dir='ltr'>districtu,</span> <span class='ocrx_word' id='word_1_454' title='bbox 1956 4365 2142 4428; x_wconf 82' lang='lat' dir='ltr'>quam</span> <span class='ocrx_word' id='word_1_455' title='bbox 2185 4343 2334 4407; x_wconf 86' lang='lat' dir='ltr'>alibi</span> <span class='ocrx_word' id='word_1_456' title='bbox 2378 4343 2741 4428; x_wconf 81' lang='lat' dir='ltr'>ubicumque</span> <span class='ocrx_word' id='word_1_457' title='bbox 2786 4344 3166 4408; x_wconf 84' lang='lat' dir='ltr'>consistentia</span> <span class='ocrx_word' id='word_1_458' title='bbox 3211 4344 3525 4426; x_wconf 83' lang='lat' dir='ltr'>adjutores</span> <span class='ocrx_word' id='word_1_459' title='bbox 3584 4351 3768 4408; x_wconf 86' lang='lat' dir='ltr'>erunt</span> <span class='ocrx_word' id='word_1_460' title='bbox 3825 4343 3984 4408; x_wconf 72' lang='lat' dir='ltr'>vobis</span> <span class='ocrx_word' id='word_1_461' title='bbox 4029 4353 4083 4409; x_wconf 89' lang='lat' dir='ltr'>et</span> <span class='ocrx_word' id='word_1_462' title='bbox 4128 4366 4420 4410; x_wconf 87' lang='lat' dir='ltr'>successo·</span> <span class='ocrx_word' id='word_1_463' title='bbox 4473 4347 4483 4357; x_wconf 69' lang='lat'><strong><em>⁴</em></strong></span> 
     </span>
     <span class='ocr_line' id='line_1_36' title="bbox 782 4449 4418 4536; baseline 0 -19"><span class='ocrx_word' id='word_1_464' title='bbox 782 4452 955 4517; x_wconf 85' lang='lat' dir='ltr'>ribus</span> <span class='ocrx_word' id='word_1_465' title='bbox 998 4454 1211 4516; x_wconf 78' lang='lat' dir='ltr'>vestris</span> <span class='ocrx_word' id='word_1_466' title='bbox 1254 4457 1310 4515; x_wconf 86' lang='lat' dir='ltr'>et</span> <span class='ocrx_word' id='word_1_467' title='bbox 1356 4451 1548 4515; x_wconf 87' lang='lat' dir='ltr'>eidem</span> <span class='ocrx_word' id='word_1_468' title='bbox 1593 4449 1857 4515; x_wconf 82' lang='lat' dir='ltr'>Ecclesie</span> <span class='ocrx_word' id='word_1_469' title='bbox 1899 4451 1986 4514; x_wconf 85' lang='lat' dir='ltr'>ad</span> <span class='ocrx_word' id='word_1_470' title='bbox 2030 4451 2439 4532; x_wconf 85' lang='lat' dir='ltr'>retinendum,</span> <span class='ocrx_word' id='word_1_471' title='bbox 2470 4450 2926 4533; x_wconf 80' lang='lat' dir='ltr'>defendendum</span> <span class='ocrx_word' id='word_1_472' title='bbox 2970 4457 3024 4514; x_wconf 87' lang='lat' dir='ltr'>et</span> <span class='ocrx_word' id='word_1_473' title='bbox 3072 4451 3584 4534; x_wconf 88' lang='lat' dir='ltr'>recuperandum,</span> <span class='ocrx_word' id='word_1_474' title='bbox 3632 4458 3685 4515; x_wconf 89' lang='lat' dir='ltr'>et</span> <span class='ocrx_word' id='word_1_475' title='bbox 3732 4459 4090 4536; x_wconf 87' lang='lat' dir='ltr'>recuperata</span> <span class='ocrx_word' id='word_1_476' title='bbox 4138 4461 4418 4518; x_wconf 88' lang='lat' dir='ltr'>manute-</span> 
     </span>
     <span class='ocr_line' id='line_1_37' title="bbox 782 4556 4421 4641; baseline 0.001 -18"><span class='ocrx_word' id='word_1_477' title='bbox 782 4559 1059 4624; x_wconf 87' lang='lat' dir='ltr'>nendum</span> <span class='ocrx_word' id='word_1_478' title='bbox 1110 4566 1323 4623; x_wconf 87' lang='lat' dir='ltr'>contra</span> <span class='ocrx_word' id='word_1_479' title='bbox 1392 4578 1629 4622; x_wconf 87' lang='lat' dir='ltr'>omnem</span> <span class='ocrx_word' id='word_1_480' title='bbox 1688 4557 2030 4622; x_wconf 82' lang='lat' dir='ltr'>hominem:</span> <span class='ocrx_word' id='word_1_481' title='bbox 2074 4559 2159 4621; x_wconf 88' lang='lat' dir='ltr'>sic</span> <span class='ocrx_word' id='word_1_482' title='bbox 2215 4556 2389 4622; x_wconf 87' lang='lat' dir='ltr'>Deus</span> <span class='ocrx_word' id='word_1_483' title='bbox 2447 4579 2543 4622; x_wconf 83' lang='lat' dir='ltr'>me</span> <span class='ocrx_word' id='word_1_484' title='bbox 2600 4557 2904 4641; x_wconf 83' lang='lat' dir='ltr'>dictosque</span> <span class='ocrx_word' id='word_1_485' title='bbox 2964 4559 3385 4622; x_wconf 86' lang='lat' dir='ltr'>constituentes</span> <span class='ocrx_word' id='word_1_486' title='bbox 3444 4558 3691 4640; x_wconf 84' lang='lat' dir='ltr'>adjuvet</span> <span class='ocrx_word' id='word_1_487' title='bbox 3752 4565 3805 4622; x_wconf 88' lang='lat' dir='ltr'>et</span> <span class='ocrx_word' id='word_1_488' title='bbox 3863 4558 3968 4623; x_wconf 80' lang='lat' dir='ltr'>hec</span> <span class='ocrx_word' id='word_1_489' title='bbox 4027 4567 4238 4624; x_wconf 88' lang='lat' dir='ltr'>sancta</span> <span class='ocrx_word' id='word_1_490' title='bbox 4296 4560 4421 4625; x_wconf 89' lang='lat' dir='ltr'>Dei</span> 
     </span>
     <span class='ocr_line' id='line_1_38' title="bbox 782 4664 4418 4752; baseline 0 -21"><span class='ocrx_word' id='word_1_491' title='bbox 782 4667 1123 4752; x_wconf 74' lang='lat' dir='ltr'>Evanyelia</span> <span class='ocrx_word' id='word_1_492' title='bbox 1170 4692 1230 4729; x_wconf 72' lang='grc' dir='ltr'>ιν.</span> <span class='ocrx_word' id='word_1_493' title='bbox 1277 4664 1585 4730; x_wconf 88' lang='lat' dir='ltr'>Promisit</span> <span class='ocrx_word' id='word_1_494' title='bbox 1629 4665 1826 4728; x_wconf 87' lang='lat' dir='ltr'>etiam</span> <span class='ocrx_word' id='word_1_495' title='bbox 1873 4670 1937 4728; x_wconf 90' lang='lat' dir='ltr'>et</span> <span class='ocrx_word' id='word_1_496' title='bbox 1979 4664 2226 4749; x_wconf 89' lang='lat' dir='ltr'>juravit</span> <span class='ocrx_word' id='word_1_497' title='bbox 2270 4664 2480 4728; x_wconf 90' lang='lat' dir='ltr'>dictus</span> <span class='ocrx_word' id='word_1_498' title='bbox 2527 4664 2840 4746; x_wconf 89' lang='lat' dir='ltr'>sindicus,</span> <span class='ocrx_word' id='word_1_499' title='bbox 2890 4664 3146 4728; x_wconf 89' lang='lat' dir='ltr'>nomine</span> <span class='ocrx_word' id='word_1_500' title='bbox 3194 4671 3259 4728; x_wconf 88' lang='lat' dir='ltr'>et</span> <span class='ocrx_word' id='word_1_501' title='bbox 3308 4665 3374 4728; x_wconf 92' lang='lat' dir='ltr'>in</span> <span class='ocrx_word' id='word_1_502' title='bbox 3429 4665 3678 4729; x_wconf 89' lang='lat' dir='ltr'>animas</span> <span class='ocrx_word' id='word_1_503' title='bbox 3740 4666 4266 4730; x_wconf 88' lang='lat' dir='ltr'>constituentium</span> <span class='ocrx_word' id='word_1_504' title='bbox 4311 4688 4418 4731; x_wconf 88' lang='lat' dir='ltr'>eo·</span> 
     </span>
     <span class='ocr_line' id='line_1_39' title="bbox 782 4771 4419 4859; baseline 0 -21"><span class='ocrx_word' id='word_1_505' title='bbox 782 4774 1096 4857; x_wconf 88' lang='lat' dir='ltr'>rumdem,</span> <span class='ocrx_word' id='word_1_506' title='bbox 1128 4772 1299 4859; x_wconf 91' lang='lat' dir='ltr'>quod</span> <span class='ocrx_word' id='word_1_507' title='bbox 1344 4771 1499 4837; x_wconf 87' lang='lat' dir='ltr'>dicti</span> <span class='ocrx_word' id='word_1_508' title='bbox 1547 4771 1920 4854; x_wconf 87' lang='lat' dir='ltr'>Commune,</span> <span class='ocrx_word' id='word_1_509' title='bbox 1954 4771 2361 4836; x_wconf 88' lang='lat' dir='ltr'>Universitas</span> <span class='ocrx_word' id='word_1_510' title='bbox 2407 4778 2472 4835; x_wconf 91' lang='lat' dir='ltr'>et</span> <span class='ocrx_word' id='word_1_511' title='bbox 2517 4771 2806 4858; x_wconf 91' lang='lat' dir='ltr'>Populus</span> <span class='ocrx_word' id='word_1_512' title='bbox 2852 4772 3263 4836; x_wconf 88' lang='lat' dir='ltr'>bononiensis</span> <span class='ocrx_word' id='word_1_513' title='bbox 3310 4772 3518 4836; x_wconf 89' lang='lat' dir='ltr'>simile</span> <span class='ocrx_word' id='word_1_514' title='bbox 3559 4773 4000 4857; x_wconf 88' lang='lat' dir='ltr'>juramentum</span> <span class='ocrx_word' id='word_1_515' title='bbox 4040 4795 4155 4859; x_wconf 89' lang='lat' dir='ltr'>per</span> <span class='ocrx_word' id='word_1_516' title='bbox 4196 4795 4419 4839; x_wconf 88' lang='lat' dir='ltr'>eorum</span> 
     </span>
     <span class='ocr_line' id='line_1_40' title="bbox 781 4878 4420 4967; baseline 0 -22"><span class='ocrx_word' id='word_1_517' title='bbox 781 4881 1143 4967; x_wconf 88' lang='lat' dir='ltr'>legitimum</span> <span class='ocrx_word' id='word_1_518' title='bbox 1189 4879 1505 4944; x_wconf 91' lang='lat' dir='ltr'>sindicum</span> <span class='ocrx_word' id='word_1_519' title='bbox 1552 4878 1815 4943; x_wconf 90' lang='lat' dir='ltr'>cuilibet</span> <span class='ocrx_word' id='word_1_520' title='bbox 1863 4879 2215 4943; x_wconf 89' lang='lat' dir='ltr'>successori</span> <span class='ocrx_word' id='word_1_521' title='bbox 2262 4885 2477 4943; x_wconf 90' lang='lat' dir='ltr'>vestro</span> <span class='ocrx_word' id='word_1_522' title='bbox 2519 4878 2826 4943; x_wconf 90' lang='lat' dir='ltr'>canonice</span> <span class='ocrx_word' id='word_1_523' title='bbox 2873 4879 3139 4943; x_wconf 90' lang='lat' dir='ltr'>intranti</span> <span class='ocrx_word' id='word_1_524' title='bbox 3179 4879 3435 4943; x_wconf 89' lang='lat' dir='ltr'>nomine</span> <span class='ocrx_word' id='word_1_525' title='bbox 3468 4879 3718 4943; x_wconf 91' lang='lat' dir='ltr'>romani</span> <span class='ocrx_word' id='word_1_526' title='bbox 3748 4879 4091 4966; x_wconf 89' lang='lat' dir='ltr'>pontificis,</span> <span class='ocrx_word' id='word_1_527' title='bbox 4126 4881 4236 4966; x_wconf 92' lang='lat' dir='ltr'>qui</span> <span class='ocrx_word' id='word_1_528' title='bbox 4267 4888 4420 4946; x_wconf 90' lang='lat' dir='ltr'>tunc</span> 
     </span>
     <span class='ocr_line' id='line_1_41' title="bbox 784 4985 4419 5072; baseline -0 -19"><span class='ocrx_word' id='word_1_529' title='bbox 784 4990 926 5071; x_wconf 91' lang='lat' dir='ltr'>erit,</span> <span class='ocrx_word' id='word_1_530' title='bbox 962 4994 1026 5052; x_wconf 89' lang='lat' dir='ltr'>et</span> <span class='ocrx_word' id='word_1_531' title='bbox 1064 5009 1251 5052; x_wconf 89' lang='lat' dir='ltr'>suum</span> <span class='ocrx_word' id='word_1_532' title='bbox 1297 4987 1495 5051; x_wconf 90' lang='lat' dir='ltr'>etiam</span> <span class='ocrx_word' id='word_1_533' title='bbox 1540 4985 1980 5071; x_wconf 83' lang='lat' dir='ltr'>exprimendo,</span> <span class='ocrx_word' id='word_1_534' title='bbox 2014 4986 2397 5072; x_wconf 80' lang='lat' dir='ltr'>prestabant</span> <span class='ocrx_word' id='word_1_535' title='bbox 2434 4986 2633 5050; x_wconf 89' lang='lat' dir='ltr'>semel</span> <span class='ocrx_word' id='word_1_536' title='bbox 2679 4992 2744 5050; x_wconf 91' lang='lat' dir='ltr'>et</span> <span class='ocrx_word' id='word_1_537' title='bbox 2790 4985 2960 5049; x_wconf 88' lang='lat' dir='ltr'>infra</span> <span class='ocrx_word' id='word_1_538' title='bbox 3007 4986 3284 5072; x_wconf 89' lang='lat' dir='ltr'>primum</span> <span class='ocrx_word' id='word_1_539' title='bbox 3332 5007 3571 5050; x_wconf 89' lang='lat' dir='ltr'>annum</span> <span class='ocrx_word' id='word_1_540' title='bbox 3619 4986 4026 5072; x_wconf 88' lang='lat' dir='ltr'>pontificatus</span> <span class='ocrx_word' id='word_1_541' title='bbox 4074 4988 4419 5072; x_wconf 89' lang='lat' dir='ltr'>cujuslibet</span> 
     </span>
     <span class='ocr_line' id='line_1_42' title="bbox 782 5092 4418 5182; baseline -0 -22"><span class='ocrx_word' id='word_1_542' title='bbox 782 5094 1153 5182; x_wconf 90' lang='lat' dir='ltr'>hujusmodi</span> <span class='ocrx_word' id='word_1_543' title='bbox 1198 5093 1620 5175; x_wconf 89' lang='lat' dir='ltr'>successoris;</span> <span class='ocrx_word' id='word_1_544' title='bbox 1668 5099 1733 5156; x_wconf 89' lang='lat' dir='ltr'>et</span> <span class='ocrx_word' id='word_1_545' title='bbox 1766 5093 1936 5178; x_wconf 93' lang='lat' dir='ltr'>quod</span> <span class='ocrx_word' id='word_1_546' title='bbox 1984 5114 2205 5158; x_wconf 89' lang='lat' dir='ltr'>omnes</span> <span class='ocrx_word' id='word_1_547' title='bbox 2249 5100 2314 5158; x_wconf 90' lang='lat' dir='ltr'>et</span> <span class='ocrx_word' id='word_1_548' title='bbox 2361 5092 2601 5179; x_wconf 87' lang='lat' dir='ltr'>singuli</span> <span class='ocrx_word' id='word_1_549' title='bbox 2647 5114 2857 5158; x_wconf 92' lang='lat' dir='ltr'>mares</span> <span class='ocrx_word' id='word_1_550' title='bbox 2903 5093 3201 5175; x_wconf 89' lang='lat' dir='ltr'>civitatis,</span> <span class='ocrx_word' id='word_1_551' title='bbox 3236 5093 3575 5158; x_wconf 88' lang='lat' dir='ltr'>comitatus</span> <span class='ocrx_word' id='word_1_552' title='bbox 3624 5101 3688 5158; x_wconf 90' lang='lat' dir='ltr'>et</span> <span class='ocrx_word' id='word_1_553' title='bbox 3733 5093 4059 5158; x_wconf 90' lang='lat' dir='ltr'>districtus</span> <span class='ocrx_word' id='word_1_554' title='bbox 4100 5093 4418 5180; x_wconf 89' lang='lat' dir='ltr'>predicto·</span> 
     </span>
     <span class='ocr_line' id='line_1_43' title="bbox 781 5200 4419 5288; baseline -0.001 -19"><span class='ocrx_word' id='word_1_555' title='bbox 781 5226 926 5269; x_wconf 89' lang='lat' dir='ltr'>rum</span> <span class='ocrx_word' id='word_1_556' title='bbox 972 5204 1251 5288; x_wconf 88' lang='lat' dir='ltr'>maj0res</span> <span class='ocrx_word' id='word_1_557' title='bbox 1298 5200 1784 5288; x_wconf 88' lang='lat' dir='ltr'>quatuordecim</span> <span class='ocrx_word' id='word_1_558' title='bbox 1831 5201 2016 5264; x_wconf 90' lang='lat' dir='ltr'>annis</span> <span class='ocrx_word' id='word_1_559' title='bbox 2062 5201 2247 5265; x_wconf 92' lang='lat' dir='ltr'>nobis</span> <span class='ocrx_word' id='word_1_560' title='bbox 2295 5208 2360 5265; x_wconf 93' lang='lat' dir='ltr'>et</span> <span class='ocrx_word' id='word_1_561' title='bbox 2407 5200 2671 5265; x_wconf 91' lang='lat' dir='ltr'>cuilibet</span> <span class='ocrx_word' id='word_1_562' title='bbox 2718 5201 3074 5266; x_wconf 90' lang='lat' dir='ltr'>successori</span> <span class='ocrx_word' id='word_1_563' title='bbox 3118 5206 3337 5265; x_wconf 89' lang='lat' dir='ltr'>nostro</span> <span class='ocrx_word' id='word_1_564' title='bbox 3379 5201 3685 5266; x_wconf 88' lang='lat' dir='ltr'>canonice</span> <span class='ocrx_word' id='word_1_565' title='bbox 3719 5201 3986 5265; x_wconf 89' lang='lat' dir='ltr'>intranti</span> <span class='ocrx_word' id='word_1_566' title='bbox 4018 5202 4218 5266; x_wconf 91' lang='lat' dir='ltr'>semel</span> <span class='ocrx_word' id='word_1_567' title='bbox 4248 5202 4419 5266; x_wconf 88' lang='lat' dir='ltr'>infra</span> 
     </span>
     <span class='ocr_line' id='line_1_44' title="bbox 783 5307 4419 5397; baseline -0.001 -21"><span class='ocrx_word' id='word_1_568' title='bbox 783 5332 1090 5394; x_wconf 90' lang='lat' dir='ltr'>mensem,</span> <span class='ocrx_word' id='word_1_569' title='bbox 1123 5315 1464 5397; x_wconf 84' lang='lat' dir='ltr'>postquam</span> <span class='ocrx_word' id='word_1_570' title='bbox 1511 5330 1707 5395; x_wconf 86' lang='lat' dir='ltr'>super</span> <span class='ocrx_word' id='word_1_571' title='bbox 1750 5309 1871 5373; x_wconf 93' lang='lat' dir='ltr'>hoc</span> <span class='ocrx_word' id='word_1_572' title='bbox 1917 5307 2158 5372; x_wconf 85' lang='lat' dir='ltr'>fuerint</span> <span class='ocrx_word' id='word_1_573' title='bbox 2203 5308 2514 5394; x_wconf 89' lang='lat' dir='ltr'>requisiti,</span> <span class='ocrx_word' id='word_1_574' title='bbox 2548 5307 2851 5372; x_wconf 91' lang='lat' dir='ltr'>videlicet</span> <span class='ocrx_word' id='word_1_575' title='bbox 2895 5307 2992 5371; x_wconf 90' lang='lat' dir='ltr'>illi</span> <span class='ocrx_word' id='word_1_576' title='bbox 3037 5308 3142 5372; x_wconf 92' lang='lat' dir='ltr'>vel</span> <span class='ocrx_word' id='word_1_577' title='bbox 3190 5307 3317 5371; x_wconf 91' lang='lat' dir='ltr'>illis</span> <span class='ocrx_word' id='word_1_578' title='bbox 3364 5308 3655 5394; x_wconf 83' lang='lat' dir='ltr'>personis</span> <span class='ocrx_word' id='word_1_579' title='bbox 3703 5308 3934 5393; x_wconf 91' lang='lat' dir='ltr'>quibus</span> <span class='ocrx_word' id='word_1_580' title='bbox 3983 5329 4098 5372; x_wconf 90' lang='lat' dir='ltr'>nos</span> <span class='ocrx_word' id='word_1_581' title='bbox 4143 5309 4250 5373; x_wconf 86' lang='lat' dir='ltr'>vel</span> <span class='ocrx_word' id='word_1_582' title='bbox 4294 5310 4419 5395; x_wconf 91' lang='lat' dir='ltr'>ipsi</span> 
     </span>
     <span class='ocr_line' id='line_1_45' title="bbox 782 5414 4420 5502; baseline -0.001 -19"><span class='ocrx_word' id='word_1_583' title='bbox 782 5438 1183 5484; x_wconf 85' lang='lat' dir='ltr'>successores</span> <span class='ocrx_word' id='word_1_584' title='bbox 1229 5417 1294 5480; x_wconf 86' lang='lat' dir='ltr'>id</span> <span class='ocrx_word' id='word_1_585' title='bbox 1342 5416 1847 5481; x_wconf 81' lang='lat' dir='ltr'>commiserimus</span> <span class='ocrx_word' id='word_1_586' title='bbox 1880 5416 1986 5480; x_wconf 89' lang='lat' dir='ltr'>vel</span> <span class='ocrx_word' id='word_1_587' title='bbox 2018 5415 2473 5480; x_wconf 87' lang='lat' dir='ltr'>commiserint.</span> <span class='ocrx_word' id='word_1_588' title='bbox 2510 5415 2639 5491; x_wconf 85' lang='lat' dir='ltr'>Qui</span> <span class='ocrx_word' id='word_1_589' title='bbox 2671 5415 2929 5502; x_wconf 89' lang='lat' dir='ltr'>quidem</span> <span class='ocrx_word' id='word_1_590' title='bbox 2964 5414 3458 5480; x_wconf 88' lang='lat' dir='ltr'>Commissarius</span> <span class='ocrx_word' id='word_1_591' title='bbox 3490 5416 3595 5479; x_wconf 92' lang='lat' dir='ltr'>vel</span> <span class='ocrx_word' id='word_1_592' title='bbox 3629 5414 4072 5480; x_wconf 79' lang='lat' dir='ltr'>Commissarii</span> <span class='ocrx_word' id='word_1_593' title='bbox 4103 5416 4169 5480; x_wconf 93' lang='lat' dir='ltr'>in</span> <span class='ocrx_word' id='word_1_594' title='bbox 4202 5417 4420 5481; x_wconf 91' lang='lat' dir='ltr'>mode-</span> 
     </span>
     <span class='ocr_line' id='line_1_46' title="bbox 784 5523 4417 5611; baseline -0 -20"><span class='ocrx_word' id='word_1_595' title='bbox 784 5526 986 5592; x_wconf 90' lang='lat' dir='ltr'>rando</span> <span class='ocrx_word' id='word_1_596' title='bbox 1034 5546 1300 5590; x_wconf 88' lang='lat' dir='ltr'>numero</span> <span class='ocrx_word' id='word_1_597' title='bbox 1347 5546 1591 5608; x_wconf 89' lang='lat' dir='ltr'>eorum,</span> <span class='ocrx_word' id='word_1_598' title='bbox 1640 5526 1751 5611; x_wconf 90' lang='lat' dir='ltr'>qui</span> <span class='ocrx_word' id='word_1_599' title='bbox 1800 5526 2241 5610; x_wconf 86' lang='lat' dir='ltr'>juramentum</span> <span class='ocrx_word' id='word_1_600' title='bbox 2301 5524 2670 5589; x_wconf 91' lang='lat' dir='ltr'>huiusmodi</span> <span class='ocrx_word' id='word_1_601' title='bbox 2728 5523 2969 5588; x_wconf 84' lang='lat' dir='ltr'>fuerint</span> <span class='ocrx_word' id='word_1_602' title='bbox 3027 5523 3377 5610; x_wconf 89' lang='lat' dir='ltr'>prestituri,</span> <span class='ocrx_word' id='word_1_603' title='bbox 3425 5530 3490 5588; x_wconf 89' lang='lat' dir='ltr'>et</span> <span class='ocrx_word' id='word_1_604' title='bbox 3542 5523 3927 5610; x_wconf 89' lang='lat' dir='ltr'>requirendo</span> <span class='ocrx_word' id='word_1_605' title='bbox 3976 5523 4057 5588; x_wconf 89' lang='lat' dir='ltr'>ad</span> <span class='ocrx_word' id='word_1_606' title='bbox 4106 5525 4267 5590; x_wconf 90' lang='lat' dir='ltr'>haec</span> <span class='ocrx_word' id='word_1_607' title='bbox 4313 5526 4417 5590; x_wconf 90' lang='lat' dir='ltr'>vel</span> 
     </span>
     <span class='ocr_line' id='line_1_47' title="bbox 782 5631 4420 5722; baseline -0.001 -21"><span class='ocrx_word' id='word_1_608' title='bbox 782 5635 1028 5722; x_wconf 88' lang='lat' dir='ltr'>requiri</span> <span class='ocrx_word' id='word_1_609' title='bbox 1072 5633 1367 5699; x_wconf 85' lang='lat' dir='ltr'>faciendo</span> <span class='ocrx_word' id='word_1_610' title='bbox 1416 5632 1561 5698; x_wconf 90' lang='lat' dir='ltr'>illos</span> <span class='ocrx_word' id='word_1_611' title='bbox 1608 5633 1688 5696; x_wconf 89' lang='lat' dir='ltr'>de</span> <span class='ocrx_word' id='word_1_612' title='bbox 1735 5632 1966 5719; x_wconf 91' lang='lat' dir='ltr'>quibus</span> <span class='ocrx_word' id='word_1_613' title='bbox 2015 5631 2383 5697; x_wconf 88' lang='lat' dir='ltr'>discretioni</span> <span class='ocrx_word' id='word_1_614' title='bbox 2444 5632 2646 5718; x_wconf 91' lang='lat' dir='ltr'>ipsius</span> <span class='ocrx_word' id='word_1_615' title='bbox 2705 5632 2811 5697; x_wconf 90' lang='lat' dir='ltr'>vel</span> <span class='ocrx_word' id='word_1_616' title='bbox 2871 5632 3154 5718; x_wconf 90' lang='lat' dir='ltr'>ipsorum</span> <span class='ocrx_word' id='word_1_617' title='bbox 3212 5632 3535 5696; x_wconf 91' lang='lat' dir='ltr'>videbitur</span> <span class='ocrx_word' id='word_1_618' title='bbox 3595 5638 3661 5696; x_wconf 90' lang='lat' dir='ltr'>et</span> <span class='ocrx_word' id='word_1_619' title='bbox 3722 5653 3850 5696; x_wconf 88' lang='lat' dir='ltr'>non</span> <span class='ocrx_word' id='word_1_620' title='bbox 3914 5632 4112 5716; x_wconf 89' lang='lat' dir='ltr'>alios,</span> <span class='ocrx_word' id='word_1_621' title='bbox 4160 5633 4420 5719; x_wconf 88' lang='lat' dir='ltr'>plenam</span> 
     </span>
     <span class='ocr_line' id='line_1_48' title="bbox 783 5738 4415 5827; baseline -0.001 -19"><span class='ocrx_word' id='word_1_622' title='bbox 783 5743 1022 5808; x_wconf 90' lang='lat' dir='ltr'>habeat</span> <span class='ocrx_word' id='word_1_623' title='bbox 1066 5741 1172 5806; x_wconf 86' lang='lat' dir='ltr'>vel</span> <span class='ocrx_word' id='word_1_624' title='bbox 1219 5740 1504 5805; x_wconf 88' lang='lat' dir='ltr'>habeant</span> <span class='ocrx_word' id='word_1_625' title='bbox 1540 5746 1947 5827; x_wconf 88' lang='lat' dir='ltr'>potestatem,</span> <span class='ocrx_word' id='word_1_626' title='bbox 1976 5741 2416 5824; x_wconf 88' lang='lat' dir='ltr'>juramentum</span> <span class='ocrx_word' id='word_1_627' title='bbox 2460 5738 2791 5804; x_wconf 88' lang='lat' dir='ltr'>fidelitatis</span> <span class='ocrx_word' id='word_1_628' title='bbox 2834 5739 3217 5826; x_wconf 87' lang='lat' dir='ltr'>prestabunt</span> <span class='ocrx_word' id='word_1_629' title='bbox 3263 5747 3491 5825; x_wconf 89' lang='lat' dir='ltr'>sponte</span> <span class='ocrx_word' id='word_1_630' title='bbox 3522 5746 3587 5803; x_wconf 90' lang='lat' dir='ltr'>et</span> <span class='ocrx_word' id='word_1_631' title='bbox 3621 5739 3823 5804; x_wconf 89' lang='lat' dir='ltr'>libere</span> <span class='ocrx_word' id='word_1_632' title='bbox 3857 5739 3977 5803; x_wconf 91' lang='lat' dir='ltr'>sub</span> <span class='ocrx_word' id='word_1_633' title='bbox 4019 5740 4141 5805; x_wconf 88' lang='lat' dir='ltr'>hac</span> <span class='ocrx_word' id='word_1_634' title='bbox 4173 5739 4415 5805; x_wconf 84' lang='lat' dir='ltr'>forma:</span> 
     </span>
     <span class='ocr_line' id='line_1_49' title="bbox 794 5828 4420 5934; baseline 0.001 -26"><span class='ocrx_word' id='word_1_635' title='bbox 794 5874 826 5908; x_wconf 66' lang='grc' dir='ltr'>ι</span> <span class='ocrx_word' id='word_1_636' title='bbox 858 5848 993 5934; x_wconf 75' lang='lat' dir='ltr'>Eyo</span> <span class='ocrx_word' id='word_1_637' title='bbox 1033 5896 1782 5913; x_wconf 91' lang='grc'><strong>............</strong></span> <span class='ocrx_word' id='word_1_638' title='bbox 1831 5849 1975 5911; x_wconf 79' lang='lat' dir='ltr'>civis</span> <span class='ocrx_word' id='word_1_639' title='bbox 2026 5845 2407 5910; x_wconf 86' lang='lat' dir='ltr'>bononiensis</span> <span class='ocrx_word' id='word_1_640' title='bbox 2434 5847 2592 5929; x_wconf 82' lang='lat' dir='ltr'>juro</span> <span class='ocrx_word' id='word_1_641' title='bbox 2636 5847 2801 5931; x_wconf 82' lang='lat' dir='ltr'>quod</span> <span class='ocrx_word' id='word_1_642' title='bbox 2844 5845 2920 5911; x_wconf 90' lang='lat' dir='ltr'>ab</span> <span class='ocrx_word' id='word_1_643' title='bbox 2964 5847 3079 5911; x_wconf 81' lang='lat' dir='ltr'>hac</span> <span class='ocrx_word' id='word_1_644' title='bbox 3121 5846 3276 5910; x_wconf 82' lang='lat' dir='ltr'>hora</span> <span class='ocrx_word' id='word_1_645' title='bbox 3318 5848 3388 5910; x_wconf 85' lang='lat' dir='ltr'>in</span> <span class='ocrx_word' id='word_1_646' title='bbox 3431 5853 3614 5910; x_wconf 88' lang='lat' dir='ltr'>antea</span> <span class='ocrx_word' id='word_1_647' title='bbox 3651 5847 3855 5929; x_wconf 84' lang='lat' dir='ltr'>fidelis</span> <span class='ocrx_word' id='word_1_648' title='bbox 3899 5828 3952 5910; x_wconf 85' lang='lat' dir='ltr'>et</span> <span class='ocrx_word' id='word_1_649' title='bbox 3997 5845 4272 5912; x_wconf 86' lang='lat' dir='ltr'>obediens</span> <span class='ocrx_word' id='word_1_650' title='bbox 4317 5869 4420 5912; x_wconf 91' lang='lat' dir='ltr'>ero</span> 
     </span>
     <span class='ocr_line' id='line_1_50' title="bbox 780 5953 4420 6040; baseline -0.001 -18"><span class='ocrx_word' id='word_1_651' title='bbox 780 5958 950 6023; x_wconf 90' lang='lat' dir='ltr'>beato</span> <span class='ocrx_word' id='word_1_652' title='bbox 996 5955 1177 6020; x_wconf 88' lang='lat' dir='ltr'>Petro</span> <span class='ocrx_word' id='word_1_653' title='bbox 1209 5956 1489 6040; x_wconf 84' lang='lat' dir='ltr'>principi</span> <span class='ocrx_word' id='word_1_654' title='bbox 1531 5955 1963 6038; x_wconf 79' lang='lat' dir='ltr'>Apostolorum</span> <span class='ocrx_word' id='word_1_655' title='bbox 2010 5961 2064 6018; x_wconf 88' lang='lat' dir='ltr'>et</span> <span class='ocrx_word' id='word_1_656' title='bbox 2107 5954 2483 6018; x_wconf 86' lang='lat' dir='ltr'>sanctissimo</span> <span class='ocrx_word' id='word_1_657' title='bbox 2514 5955 2695 6038; x_wconf 89' lang='lat' dir='ltr'>patri</span> <span class='ocrx_word' id='word_1_658' title='bbox 2738 5954 2982 6018; x_wconf 88' lang='lat' dir='ltr'>domino</span> <span class='ocrx_word' id='word_1_659' title='bbox 3012 5961 3217 6018; x_wconf 88' lang='lat' dir='ltr'>nostro</span> <span class='ocrx_word' id='word_1_660' title='bbox 3247 5953 3494 6017; x_wconf 88' lang='lat' dir='ltr'>domino</span> <span class='ocrx_word' id='word_1_661' title='bbox 3526 5953 3853 6018; x_wconf 89' lang='lat' dir='ltr'>Benedicto</span> <span class='ocrx_word' id='word_1_662' title='bbox 3873 5975 4038 6037; x_wconf 88' lang='lat' dir='ltr'>pape</span> <span class='ocrx_word' id='word_1_663' title='bbox 4068 5954 4420 6019; x_wconf 86' lang='lat' dir='ltr'>duodecimo</span> 
     </span>
     <span class='ocr_line' id='line_1_51' title="bbox 780 6059 4418 6150; baseline -0.001 -21"><span class='ocrx_word' id='word_1_664' title='bbox 780 6066 1030 6150; x_wconf 74' lang='lat' dir='ltr'>ejusque</span> <span class='ocrx_word' id='word_1_665' title='bbox 1071 6060 1508 6127; x_wconf 86' lang='lat' dir='ltr'>successoribus</span> <span class='ocrx_word' id='word_1_666' title='bbox 1551 6064 1835 6126; x_wconf 88' lang='lat' dir='ltr'>canonice</span> <span class='ocrx_word' id='word_1_667' title='bbox 1875 6060 2303 6145; x_wconf 73' lang='lat' dir='ltr'>intrantibusS,</span> <span class='ocrx_word' id='word_1_668' title='bbox 2334 6068 2626 6146; x_wconf 80' lang='lat' dir='ltr'>ancteque</span> <span class='ocrx_word' id='word_1_669' title='bbox 2668 6061 3008 6146; x_wconf 79' lang='lat' dir='ltr'>Apostolice</span> <span class='ocrx_word' id='word_1_670' title='bbox 3059 6081 3313 6126; x_wconf 85' lang='lat' dir='ltr'>romane</span> <span class='ocrx_word' id='word_1_671' title='bbox 3355 6059 3640 6125; x_wconf 84' lang='lat' dir='ltr'>Ecclesie.</span> <span class='ocrx_word' id='word_1_672' title='bbox 3691 6059 3834 6125; x_wconf 91' lang='lat' dir='ltr'>Non</span> <span class='ocrx_word' id='word_1_673' title='bbox 3879 6082 3980 6125; x_wconf 86' lang='lat' dir='ltr'>ero</span> <span class='ocrx_word' id='word_1_674' title='bbox 4036 6063 4099 6123; x_wconf 86' lang='lat' dir='ltr'>in</span> <span class='ocrx_word' id='word_1_675' title='bbox 4155 6060 4418 6126; x_wconf 88' lang='lat' dir='ltr'>Consilio</span> 
     </span>
     <span class='ocr_line' id='line_1_52' title="bbox 782 6166 4420 6254; baseline -0.001 -17"><span class='ocrx_word' id='word_1_676' title='bbox 782 6180 893 6237; x_wconf 87' lang='lat' dir='ltr'>aut</span> <span class='ocrx_word' id='word_1_677' title='bbox 935 6190 1223 6235; x_wconf 82' lang='lat' dir='ltr'>consensu</span> <span class='ocrx_word' id='word_1_678' title='bbox 1270 6169 1362 6234; x_wconf 75' lang='lat' dir='ltr'>vel</span> <span class='ocrx_word' id='word_1_679' title='bbox 1399 6169 1584 6252; x_wconf 80' lang='lat' dir='ltr'>facto,</span> <span class='ocrx_word' id='word_1_680' title='bbox 1624 6168 1787 6254; x_wconf 77' lang='lat' dir='ltr'>quod</span> <span class='ocrx_word' id='word_1_681' title='bbox 1830 6171 2016 6233; x_wconf 85' lang='lat' dir='ltr'>vitam</span> <span class='ocrx_word' id='word_1_682' title='bbox 2058 6168 2334 6253; x_wconf 88' lang='lat' dir='ltr'>perdant</span> <span class='ocrx_word' id='word_1_683' title='bbox 2392 6174 2504 6232; x_wconf 88' lang='lat' dir='ltr'>aut</span> <span class='ocrx_word' id='word_1_684' title='bbox 2562 6168 2925 6252; x_wconf 86' lang='lat' dir='ltr'>membrum,</span> <span class='ocrx_word' id='word_1_685' title='bbox 2971 6176 3083 6233; x_wconf 88' lang='lat' dir='ltr'>aut</span> <span class='ocrx_word' id='word_1_686' title='bbox 3131 6172 3463 6253; x_wconf 87' lang='lat' dir='ltr'>capiantur</span> <span class='ocrx_word' id='word_1_687' title='bbox 3510 6169 3676 6233; x_wconf 88' lang='lat' dir='ltr'>mala</span> <span class='ocrx_word' id='word_1_688' title='bbox 3735 6170 4025 6253; x_wconf 86' lang='lat' dir='ltr'>captione.</span> <span class='ocrx_word' id='word_1_689' title='bbox 4080 6166 4420 6232; x_wconf 87' lang='lat' dir='ltr'>Consilium</span> 
     </span>
     <span class='ocr_line' id='line_1_53' title="bbox 785 6275 4415 6366; baseline -0.001 -22"><span class='ocrx_word' id='word_1_690' title='bbox 785 6278 947 6366; x_wconf 79' lang='lat' dir='ltr'>quod</span> <span class='ocrx_word' id='word_1_691' title='bbox 991 6278 1141 6342; x_wconf 80' lang='lat' dir='ltr'>mihi</span> <span class='ocrx_word' id='word_1_692' title='bbox 1182 6277 1481 6342; x_wconf 84' lang='lat' dir='ltr'>credituri</span> <span class='ocrx_word' id='word_1_693' title='bbox 1525 6283 1707 6341; x_wconf 86' lang='lat' dir='ltr'>erunt</span> <span class='ocrx_word' id='word_1_694' title='bbox 1742 6298 1863 6360; x_wconf 90' lang='lat' dir='ltr'>per</span> <span class='ocrx_word' id='word_1_695' title='bbox 1905 6297 1966 6341; x_wconf 89' lang='lat' dir='ltr'>se</span> <span class='ocrx_word' id='word_1_696' title='bbox 2010 6283 2121 6340; x_wconf 88' lang='lat' dir='ltr'>aut</span> <span class='ocrx_word' id='word_1_697' title='bbox 2154 6298 2275 6360; x_wconf 89' lang='lat' dir='ltr'>per</span> <span class='ocrx_word' id='word_1_698' title='bbox 2322 6278 2576 6340; x_wconf 86' lang='lat' dir='ltr'>nuncios</span> <span class='ocrx_word' id='word_1_699' title='bbox 2611 6297 2750 6341; x_wconf 88' lang='lat' dir='ltr'>suos</span> <span class='ocrx_word' id='word_1_700' title='bbox 2780 6278 2900 6341; x_wconf 77' lang='lat' dir='ltr'>sive</span> <span class='ocrx_word' id='word_1_701' title='bbox 2919 6297 3041 6360; x_wconf 88' lang='lat' dir='ltr'>per</span> <span class='ocrx_word' id='word_1_702' title='bbox 3070 6277 3305 6340; x_wconf 87' lang='lat' dir='ltr'>litteras</span> <span class='ocrx_word' id='word_1_703' title='bbox 3333 6276 3420 6340; x_wconf 89' lang='lat' dir='ltr'>ad</span> <span class='ocrx_word' id='word_1_704' title='bbox 3449 6296 3660 6341; x_wconf 89' lang='lat' dir='ltr'>eorum</span> <span class='ocrx_word' id='word_1_705' title='bbox 3690 6275 4013 6357; x_wconf 85' lang='lat' dir='ltr'>damnum,</span> <span class='ocrx_word' id='word_1_706' title='bbox 4047 6296 4142 6340; x_wconf 84' lang='lat' dir='ltr'>me</span> <span class='ocrx_word' id='word_1_707' title='bbox 4177 6278 4415 6359; x_wconf 86' lang='lat' dir='ltr'>sciente,</span> 
     </span>
     <span class='ocr_line' id='line_1_54' title="bbox 784 6379 4421 6468; baseline -0.001 -18"><span class='ocrx_word' id='word_1_708' title='bbox 784 6385 1019 6450; x_wconf 85' lang='lat' dir='ltr'>nemini</span> <span class='ocrx_word' id='word_1_709' title='bbox 1050 6383 1374 6468; x_wconf 87' lang='lat' dir='ltr'>pandam,·</span> <span class='ocrx_word' id='word_1_710' title='bbox 1414 6389 1468 6447; x_wconf 84' lang='lat' dir='ltr'>et</span> <span class='ocrx_word' id='word_1_711' title='bbox 1512 6383 1566 6446; x_wconf 88' lang='lat' dir='ltr'>si</span> <span class='ocrx_word' id='word_1_712' title='bbox 1606 6383 1831 6446; x_wconf 83' lang='lat' dir='ltr'>scivero</span> <span class='ocrx_word' id='word_1_713' title='bbox 1870 6382 2013 6465; x_wconf 84' lang='lat' dir='ltr'>fieri</span> <span class='ocrx_word' id='word_1_714' title='bbox 2056 6382 2148 6446; x_wconf 79' lang='lat' dir='ltr'>vel</span> <span class='ocrx_word' id='word_1_715' title='bbox 2178 6384 2521 6466; x_wconf 86' lang='lat' dir='ltr'>procurari</span> <span class='ocrx_word' id='word_1_716' title='bbox 2562 6402 2671 6447; x_wconf 89' lang='lat' dir='ltr'>seu</span> <span class='ocrx_word' id='word_1_717' title='bbox 2717 6383 2979 6447; x_wconf 87' lang='lat' dir='ltr'>tractari</span> <span class='ocrx_word' id='word_1_718' title='bbox 3020 6381 3264 6467; x_wconf 80' lang='lat' dir='ltr'>aliquid</span> <span class='ocrx_word' id='word_1_719' title='bbox 3308 6382 3472 6467; x_wconf 79' lang='lat' dir='ltr'>quod</span> <span class='ocrx_word' id='word_1_720' title='bbox 3530 6383 3608 6446; x_wconf 87' lang='lat' dir='ltr'>sit</span> <span class='ocrx_word' id='word_1_721' title='bbox 3649 6383 3718 6445; x_wconf 86' lang='lat' dir='ltr'>in</span> <span class='ocrx_word' id='word_1_722' title='bbox 3765 6402 3976 6446; x_wconf 88' lang='lat' dir='ltr'>eorum</span> <span class='ocrx_word' id='word_1_723' title='bbox 4023 6382 4112 6446; x_wconf 78' lang='lat' dir='ltr'>vel</span> <span class='ocrx_word' id='word_1_724' title='bbox 4153 6379 4421 6446; x_wconf 84' lang='lat' dir='ltr'>Ecclesie</span> 
     </span>
     <span class='ocr_line' id='line_1_55' title="bbox 770 6488 4419 6578; baseline -0.001 -21"><span class='ocrx_word' id='word_1_725' title='bbox 770 6492 1047 6578; x_wconf 86' lang='lat' dir='ltr'>predicte</span> <span class='ocrx_word' id='word_1_726' title='bbox 1090 6491 1426 6574; x_wconf 87' lang='lat' dir='ltr'>damnum,</span> <span class='ocrx_word' id='word_1_727' title='bbox 1474 6489 1636 6554; x_wconf 85' lang='lat' dir='ltr'>illud</span> <span class='ocrx_word' id='word_1_728' title='bbox 1667 6511 1795 6574; x_wconf 86' lang='lat' dir='ltr'>pro</span> <span class='ocrx_word' id='word_1_729' title='bbox 1824 6510 2001 6574; x_wconf 78' lang='lat' dir='ltr'>posse</span> <span class='ocrx_word' id='word_1_730' title='bbox 2046 6489 2409 6573; x_wconf 85' lang='lat' dir='ltr'>impediam,</span> <span class='ocrx_word' id='word_1_731' title='bbox 2457 6496 2512 6554; x_wconf 87' lang='lat' dir='ltr'>et</span> <span class='ocrx_word' id='word_1_732' title='bbox 2549 6492 2604 6554; x_wconf 87' lang='lat' dir='ltr'>si</span> <span class='ocrx_word' id='word_1_733' title='bbox 2647 6490 2938 6575; x_wconf 87' lang='lat' dir='ltr'>impediri</span> <span class='ocrx_word' id='word_1_734' title='bbox 2982 6510 3105 6554; x_wconf 91' lang='lat' dir='ltr'>non</span> <span class='ocrx_word' id='word_1_735' title='bbox 3155 6497 3405 6574; x_wconf 80' lang='lat' dir='ltr'>potero,</span> <span class='ocrx_word' id='word_1_736' title='bbox 3452 6490 3614 6554; x_wconf 88' lang='lat' dir='ltr'>illud</span> <span class='ocrx_word' id='word_1_737' title='bbox 3658 6492 3742 6555; x_wconf 88' lang='lat' dir='ltr'>eis</span> <span class='ocrx_word' id='word_1_738' title='bbox 3801 6496 3857 6554; x_wconf 86' lang='lat' dir='ltr'>et</span> <span class='ocrx_word' id='word_1_739' title='bbox 3917 6490 4109 6554; x_wconf 82' lang='lat' dir='ltr'>eidem</span> <span class='ocrx_word' id='word_1_740' title='bbox 4153 6488 4419 6556; x_wconf 84' lang='lat' dir='ltr'>Ecclesie</span> 
     </span>
    </p>
   </div>
  </div>
 </body>
</html>
