5542 7775
1292 625 1444 696 290

1284 801 1482 864 bliam
1533 801 1995 886 magnitudinis
2028 801 2217 865 unius
2248 802 2449 888 palmi
2497 849 3051 866 .........

1286 908 1820 973 MOCCOXLIX.

1406 1015 1565 1079 XII.
1609 1016 1787 1080 Obiit
1835 1017 2144 1101 magister
2189 1016 2514 1080 Robertus
2562 1015 2764 1079 frater
2813 1022 3050 1080 noster.

1406 1123 1526 1187 XI.
1586 1123 1766 1187 Obiit
1826 1123 2137 1209 magister
2198 1123 2396 1205 Tura,
2458 1123 2803 1187 canonicus
2853 1123 3054 1187 frater

1284 1237 1540 1312 noster,
1587 1230 1992 1294 decretorum
2055 1231 2280 1295 doctor
2341 1238 2405 1294 et
2467 1230 2746 1294 vicarius
2811 1230 3053 1294 domini

1281 1340 1566 1425 episcopi
1613 1338 1962 1402 imolensis.

1405 1446 1489 1509 X.
1527 1445 1705 1510 Obiit
1736 1445 2190 1509 Marchisellus
2224 1445 2302 1510 de
2336 1445 2769 1531 Principibus,
2805 1446 3050 1510 amicus

1282 1562 1519 1634 noster,
1570 1575 1684 1639 pro
1733 1554 1917 1637 cujus
1967 1553 2183 1615 anima
2229 1553 2561 1639 planetam
2610 1552 2923 1616 habemus
2970 1552 3050 1616 de

1278 1662 1531 1741 samito,
1576 1669 1640 1724 et
1687 1660 1936 1746 lampas
1985 1659 2169 1723 ardet
2231 1666 2379 1723 ante
2428 1660 2633 1724 altare
2682 1660 2889 1724 sancti
2934 1659 3049 1723 Vi·

1278 1769 1492 1850 ctoris,
1527 1775 1592 1831 et
1638 1790 1754 1854 pro
1802 1787 1928 1852 quo
1974 1767 2094 1830 IX.
2130 1767 2411 1831 lecturas
2446 1767 2736 1832 facimus.
2773 1767 3048 1832 Oremus

1277 1898 1394 1963 pro
1442 1897 1539 1940 e0.

1402 1983 1521 2047 IX.
1573 1982 1754 2067 Objit
1808 1981 2198 2046 venerabilis
2260 1988 2449 2068 pater
2496 1990 2560 2046 et
2606 1982 2784 2068 prior
2830 1990 3049 2047 noster

1279 2091 1604 2155 Rodulfus
1653 2091 1732 2154 de
1780 2089 2222 2172 Lamandinis,
2257 2090 2661 2154 decretorum
2710 2089 2935 2154 doctor
2981 2111 3047 2154 e·

1276 2199 1560 2285 gregius,
1596 2199 1780 2282 cujus
1814 2198 2122 2262 memoria
2172 2198 2238 2261 in
2286 2197 2732 2261 benedictione
2795 2198 2898 2279 sit,
2933 2219 3046 2261 an-

1276 2328 1358 2370 no
1408 2307 1673 2371 Domini
1720 2305 2162 2387 MCDXVII.;
2197 2313 2260 2369 et
2295 2306 2358 2369 in
2405 2305 2699 2369 Priorem
2747 2305 2870 2369 fuit
2916 2305 3045 2369 ele·

1277 2424 1417 2478 ctus
1480 2414 1775 2477 dominus
1846 2413 2345 2477 Bartholomeus
2415 2421 2714 2498 presente
2786 2412 3045 2477 domino

1276 2522 1550 2586 Nicolao
1599 2521 1901 2607 episcopo
1948 2520 2348 2584 bononiensi.

1964 2627 2356 2692 AUGUSTUS.

1399 2738 1478 2802 (¹)
1513 2736 1639 2800 III.
1703 2757 1907 2799 nonas
1985 2735 2244 2820 august-i
2322 2734 2790 2800 MCDXLVII.
2867 2735 3045 2800 Obiit

1277 2844 1667 2909 venerabilis
1746 2843 2046 2906 sacerdos
2124 2850 2189 2905 et
2266 2842 2536 2907 devotus
2613 2865 2838 2906 servus
2918 2842 3040 2907 Dei

1274 2952 1572 3016 dominus
1620 2950 1877 3014 Tadeus
1923 2951 2269 3013 canonicus
2319 2958 2555 3031 noster,
2606 2972 2808 3014 senex
2855 2951 3041 3015 annis

1270 3059 1618 3123 LXXVII.
1672 3057 1977 3143 Sepultus
2025 3063 2174 3120 ante
2223 3057 2428 3121 altare
2476 3059 2705 3141 majus.

1398 3166 1548 3230 VII.
1600 3164 1763 3229 idus.
1813 3164 1990 3229 Obiit
2035 3165 2271 3229 Petrus
2317 3163 2673 3247 Johannes,
2721 3165 3041 3230 archidia-

1276 3296 1474 3338 66666
1509 3272 1946 3337 ambulnensis
1980 3279 2043 3335 et
2076 3272 2421 3335 canonicus
2454 3272 2866 3356 legionensis,
2893 3295 3041 3359 pro-

1284 3383 1492 3446 fessus
1526 3380 1727 3444 frater
1767 3386 2019 3462 noster3
2054 3379 2231 3442 vivat
2277 3378 2344 3442 in
2393 3378 2685 3444 Christo:
2737 3381 2848 3466 qui
2895 3380 3042 3444 reli-

1269 3490 1408 3576 quit
1478 3488 1663 3552 nobis
1721 3487 1793 3551 O.
1842 3486 2310 3567 marabotinos,
2360 3495 2424 3550 et
2469 3486 2729 3551 decreta
2791 3509 2910 3551 666
2979 3495 3044 3552 et

1273 3617 1591 3660 summam
1639 3595 1933 3660 Joannis.

1395 3703 1574 3768 Obiit
1632 3724 1736 3766 ser
1797 3702 2100 3767 Julianus
2133 3703 2212 3766 (2)
2245 3701 2636 3765 venerabilis
2698 3724 2900 3766 senex
2977 3712 3044 3767 et

1269 3810 1694 3876 cancellarius
1743 3809 2049 3874 Comanis
2094 3809 2389 3873 Bononie
2438 3809 2548 3895 qni
2594 3809 2731 3873 dies
2780 3831 2930 3874 suos
2978 3817 3043 3875 et

1268 3921 1468 3983 vitam
1500 3918 1709 3982 finivit
1742 3918 1845 3982 hic
1872 3917 2226 3999 nobiscnm,
2254 3924 2318 3981 et
2344 3918 2547 3981 multa
2578 3917 2749 3981 bona
2782 3919 3043 4005 reliquit

1268 4028 1659 4092 monasterio
1710 4035 1958 4109 nostr03
2009 4033 2073 4090 et
2118 4025 2408 4111 sepultus
2472 4033 2570 4089 est
2638 4026 2704 4088 in
2770 4047 3041 4090 comune

1266 4136 1601 4221 sepultura
1650 4134 1924 4197 fratrum
1986 4139 2352 4198 nostrorum
2397 4133 2463 4196 111
2510 4132 2721 4196 medio
2769 4133 3039 4197 ecclesie

1268 4241 1714 4306 MCDXXIX.

1389 4350 1507 4414 VI.
1556 4350 1750 4413 Anno
1801 4347 2064 4412 Domini
2110 4348 2441 4413 MCXLV.
2493 4347 2810 4413 Girardus
2867 4349 3035 4413 bone

1261 4457 1569 4522 memorie
1618 4456 2032 4521 bononiensis
2080 4456 2418 4542 episcopus
2459 4463 2523 4519 et
2554 4455 2756 4520 frater
2797 4463 3035 4539 noster,

1262 4565 1569 4651 migravit
1615 4564 1697 4627 ad
1759 4563 2132 4627 Dominum.
2183 4562 2455 4627 Gemma
2502 4562 2910 4628 sacerdotum
2972 4571 3038 4630 et

1262 4674 1458 4737 decus
1499 4672 1790 4737 Ecclesie
1837 4671 2035 4751 vivat,
2071 4676 2135 4733 et
2177 4690 2214 4733 6
2247 4670 2426 4734 vivat
2460 4671 2522 4734 in
2559 4671 2815 4735 Christo
2852 4694 3035 4736 num-

1261 4802 1455 4867 quam
1507 4779 1876 4843 moriturus.
1919 4777 2025 4841 Ad
2073 4785 2311 4841 sortem
2358 4779 2592 4841 summi
2640 4779 2869 4865 capitis
2917 4781 3034 4845 flos

1260 4888 1396 4975 ipse
1446 4887 1721 4951 futurus.

1388 4995 1506 5060 IV.
1540 4994 1951 5059 Venerabilis
1986 5002 2171 5081 pater
2203 5001 2267 5058 et
2299 4994 2767 5059 concanonicus
2819 5003 3035 5060 noster

1261 5103 1560 5166 dominus
1607 5101 1882 5165 Blaxius
1926 5101 2305 5166 vicentinus.
2364 5101 2492 5164 Hic
2523 5102 2715 5165 homo
2749 5100 2872 5165 fuit
2902 5124 3035 5167 ma-

1260 5231 1386 5296 gne
1435 5209 1817 5290 sanctitatis,
1851 5230 2046 5295 preco
2080 5208 2401 5272 maximus
2450 5214 2515 5271 et
2563 5209 2872 5272 memorie
2920 5210 3035 5273 mi·

1260 5317 1506 5381 rabilis.
1559 5316 1738 5381 Obiit
1771 5316 2056 5380 Novarie
2091 5337 2260 5380 66116
2292 5315 2556 5380 Domini
2587 5314 2899 5379 MCDIX.
2920 5367 2936 5399 ,
2970 5324 3036 5382 et

1263 5424 1327 5487 in
1377 5432 1582 5489 morte
1631 5424 1863 5489 claruit
1911 5424 2259 5487 miraculis.

1388 5532 1634 5596 Idibus.
1669 5530 2163 5597 MCCOXVIII.
2213 5531 2393 5596 Obiit
2424 5530 2819 5595 reverendus
2851 5538 3035 5617 pater

1264 5641 1559 5704 dominus
1594 5640 1795 5703 frater
1827 5640 1870 5703 J
1874 5639 2163 5704 ohannes
2197 5639 2276 5703 de
2308 5639 2675 5705 Becadellis
2709 5639 3036 5724 quondam

1260 5746 1463 5810 frater
1499 5754 1736 5829 noster,
1772 5747 1948 5832 prior
1984 5746 2374 5811 venerabilis
2406 5747 2612 5810 sancti
2655 5745 2923 5833 Georgii
2953 5746 3034 5811 de

1258 5854 1611 5937 Ferarola,
1661 5854 1853 5919 homo
1914 5875 2150 5940 magne
2216 5853 2589 5940 probitatis,
2637 5853 3031 5937 honestatis,

1260 5962 1527 6027 scientie
1576 5969 1641 6026 et
1688 5962 1965 6044 virtutis,
2001 5970 2065 6025 et
2105 5962 2341 6025 multas
2387 5961 2613 6024 laudes
2645 5968 2864 6025 nostro
2897 5982 3031 6025 mo-

1256 6070 1541 6135 nasterio
1577 6119 1853 6134 ......
1904 6090 2019 6133 666
2054 6075 2342 6156 tempore
2390 6068 2732 6153 aquisivit3
2775 6089 3029 6132 oremus

1256 6199 1374 6265 pro
1423 6199 1522 6242 6ο.

1378 6445 1458 6511 (1)
1497 6443 1813 6496 Recentiori
1853 6458 2038 6494 manu.

1380 6536 1460 6602 (2)
1498 6533 1756 6585 Julianus
1796 6533 1861 6584 de
1901 6531 2206 6584 Zunarinis.

2800 646 3450 698 MONUMENTORUM

3851 799 4290 866 SEPTEMBER.

3306 906 3641 970 Kalendis.
3693 906 3871 970 Obiit
3917 907 4214 971 dominns
4254 908 4549 973 Ventura
4595 909 4673 974 de
4720 910 4935 996 Imola,

3181 1015 3550 1096 canonicus,
3609 1014 3810 1077 frater
3857 1023 4075 1079 noster
4121 1015 4582 1097 MOOXCIX.,
4614 1016 4802 1082 XXI.
4847 1018 4937 1084 die

3181 1122 3417 1185 mensis
3466 1122 3745 1206 angusti.
3793 1121 3880 1185 Et
3925 1121 4151 1186 eodem
4197 1144 4367 1187 anno
4410 1130 4475 1188 et
4507 1131 4795 1210 tempore
4828 1126 4937 1192 fuit

3181 1228 3473 1294 Societas
3520 1230 3815 1293 alborum
3864 1230 3929 1293 in
3977 1236 4114 1294 tota
4161 1230 4405 1295 Ytalia.

3303 1337 3817 1403 MCCCLXVII.
3867 1338 4046 1403 Obiit
4093 1340 4195 1426 pie
4252 1362 4328 1404 ac
4376 1348 4597 1405 sancte
4645 1342 4931 1410 recorda-

3179 1445 3371 1509 tionis
3418 1445 3731 1526 Antiates,
3780 1452 3967 1532 pater
4014 1447 4079 1510 in
4131 1447 4387 1511 Christo
4445 1454 4509 1512 et
4557 1447 4816 1513 domino
4863 1450 4933 1515 D.

3177 1551 3450 1638 Egidins
3498 1553 3697 1638 digna
3743 1553 3868 1617 Dei
3919 1554 4131 1638 gratia
4178 1554 4552 1618 Sabinensis
4608 1556 4935 1642 episcopus

3179 1659 3541 1725 Cardinalis
3588 1681 3662 1723 ac
3695 1660 3990 1725 dominus
4022 1669 4086 1725 et
4116 1661 4295 1747 prior
4337 1664 4706 1726 monasterii
4739 1666 4936 1730 sancti

3176 1766 3450 1832 Joannis
3499 1775 3563 1831 et
3609 1768 3817 1832 sancti
3872 1768 4180 1850 Victoris3
4212 1790 4330 1854 pro
4373 1790 4499 1854 quo
4547 1769 4778 1855 viginti
4825 1770 4935 1835 IX.

3174 1874 3484 1938 lectiones
3517 1896 3661 1938 cnm
3695 1875 3891 1938 missa
3923 1874 4340 1962 solempniter
4372 1876 4793 1941 celebramus.
4828 1877 4935 1942 Vi·

3174 1990 3286 2046 vat
3336 1983 3400 2047 in
3449 1982 3705 2047 Christo
3753 2004 4010 2068 gemma
4056 1983 4580 2050 sacerdotumffl).

3302 2090 3390 2154 II.
3440 2090 3619 2155 Obiit
3651 2091 3883 2154 Pasius
3916 2090 4240 2176 qnondam
4273 2090 4672 2157 Bartolomei
4705 2093 4784 2157 de
4819 2095 4937 2158 Ar·

3175 2197 3315 2280 mis,
3348 2198 3456 2283 qni
3483 2197 3604 2262 fuit
3630 2205 3815 2283 pater
3844 2198 4188 2284 presbiteri
4218 2198 4615 2263 Bartolomei
4650 2202 4938 2266 canonici

3175 2306 3409 2387 nostri,
3459 2326 3576 2391 pro
3639 2306 3821 2370 cuius
3878 2305 4094 2368 anima
4143 2306 4454 2391 ampliata
4499 2306 4623 2370 fuit
4668 2308 4936 2374 ecclesia

3173 2414 3440 2498 antiqua
3489 2414 3693 2476 sancti
3726 2412 4032 2495 Joannis3
4067 2435 4223 2498 ergo
4270 2435 4387 2499 pro
4437 2414 4575 2499 ipso
4629 2415 4936 2481 orandam

3171 2527 3288 2584 est.
3325 2520 3517 2584 Auno
3565 2520 3830 2584 Domini
3875 2518 4487 2585 MCOCLXXXIX.
4522 2521 4700 2604 obiit,
4735 2529 4803 2586 et
4840 2545 4934 2587 ec-

3172 2628 3368 2692 clesia
3414 2628 3537 2691 fuit
3586 2627 3896 2714 ampliata
3943 2648 4112 2690 anno
4159 2626 4422 2691 Domini
4468 2628 4818 2694 MCDVII.

3297 2735 3388 2799 II.
3439 2756 3640 2799 nonas
3688 2733 4092 2820 septembris.
4131 2734 4310 2799 Obiit
4343 2735 4773 2801 Ildebrandus
4809 2759 4938 2802 ma-

3170 2844 3354 2930 gistri
3404 2842 3742 2906 Gualfredi
3788 2842 3978 2924 filius,
4014 2841 4215 2906 frater
4262 2850 4499 2927 noster,
4535 2845 4644 2929 qui
4682 2845 4936 2930 reliquit

3170 2952 3355 3016 nobis
3403 2951 3609 3014 multa
3656 2950 3845 3014 bona.

3292 3060 3374 3124 V.
3427 3060 3568 3123 idus
3627 3058 3960 3123 MODXL.
4012 3059 4190 3125 Obiit
4246 3058 4542 3124 dominus
4592 3059 4933 3145 Georgius,

3169 3168 3568 3233 novariensis
3627 3166 3917 3230 Ecclesie
3985 3166 4351 3253 prepositus
4429 3188 4505 3231 ac
4585 3168 4936 3253 apostolice

3172 3275 3356 3340 Sedis
3405 3275 3903 3362 protonotarius,
3937 3274 4045 3359 qni
4092 3272 4356 3338 donavit
4404 3275 4676 3338 ecclesie
4709 3282 4777 3339 et
4809 3297 4936 3340 mo·

3171 3385 3453 3447 nasterio
3501 3384 3777 3447 florenos
3827 3382 3897 3447 C.

3294 3490 3539 3555 Idibus.
3569 3490 3748 3554 Obiit
3780 3489 4074 3555 dominus
4101 3488 4533 3554 Guizardinus
4565 3489 4796 3574 legum
4828 3489 4936 3555 do·

3171 3605 3328 3679 ctor,
3363 3598 3563 3661 frater
3602 3605 3839 3678 noster,
3874 3598 4058 3682 cujus
4091 3597 4308 3660 anima
4340 3597 4518 3661 vivat
4549 3597 4615 3660 in
4652 3596 4932 3663 Christo,

3170 3704 3573 3770 MCCXXII.

3293 3812 3551 3876 XVIII.
3622 3811 3938 3876 kalendas
4008 3811 4308 3876 octobris.
4381 3811 4559 3876 Obiit
4637 3811 4937 3876 dominus

3171 3922 3570 3988 Octavianus
3603 3921 3683 3985 de
3715 3921 4081 4004 Ubaldinis,
4117 3923 4529 3986 bononiensis
4572 3923 4939 4009 episcopus.

3293 4029 3441 4093 XV.
3492 4029 3671 4094 Obiit
3711 4029 4021 4114 magister
4053 4029 4447 4093 Gualfredus
4481 4030 4684 4093 frater
4715 4037 4940 4094 noster

3169 4137 3471 4220 exterior,
3522 4158 3636 4223 pro
3699 4158 3826 4223 quo
3887 4137 4007 4201 IX.
4071 4137 4379 4201 lectiones
4444 4139 4736 4222 agimus,
4788 4140 4940 4223 qnia

3167 4244 3440 4308 multum
3489 4266 3604 4309 nos
3652 4244 3880 4308 dilexit
3929 4252 3995 4308 et
4043 4244 4437 4308 adiutorium
4483 4244 4824 4331 impendit.

3288 4351 3410 4416 XI.
3461 4351 3642 4416 Obiit
3689 4351 3986 4415 dominus
4033 4351 4277 4415 Paulus
4325 4351 4650 4436 quondam
4689 4352 4943 4415 domini

3162 4457 3487 4541 Lazarini,
3536 4459 3759 4523 doctor
3806 4458 4231 4540 decretorum,
4281 4458 4526 4522 amicus
4575 4466 4822 4524 noster.

3288 4565 3406 4629 VI.
3456 4565 3636 4630 Obiit
3699 4566 4008 4652 magister
4068 4564 4369 4629 Matheus
4417 4565 4496 4630 de
4543 4565 4940 4651 RotomagO,

3164 4674 3274 4760 qui
3318 4673 3578 4758 reliquit
3624 4674 3808 4737 nobis
3855 4673 3998 4737 XL.
4049 4672 4263 4736 soldos
4310 4673 4830 4738 bononenorum.

3287 4780 3368 4845 V.
3397 4781 3575 4846 Obiit
3603 4780 3852 4864 Victor,
3886 4781 4225 4867 episcopus
4269 4780 4562 4846 Bononie
4611 4782 4726 4866 (161
4776 4780 4942 4844 mul·

3163 4894 3299 4952 tum
3346 4888 3575 4952 dilexit
3620 4908 3757 4970 nos,
3790 4908 3907 4974 pro
3956 4909 4081 4973 quo
4129 4887 4250 4952 IX.
4284 4888 4592 4952 lectiones
4635 4887 4944 4953 facimus.

3287 4996 3413 5060 III.
3465 4995 3644 5060 Obiit
3689 4995 4006 5081 dompnus
4053 4994 4339 5059 Jacobus
4387 4995 4677 5060 Medicus
4747 5016 4945 5060 cano·

3163 5104 3365 5185 nicus,
3413 5102 3617 5166 frater
3663 5108 3881 5166 noster
3926 5101 4006 5165 de
4051 5101 4434 5166 Bretenorio
4481 5101 4871 5167 MCCXIII.

3869 5208 4212 5274 Oc'ronnn.

3287 5316 3626 5381 Kalendis.
3658 5316 3835 5380 Obiit
3869 5315 4179 5400 magister
4209 5315 4602 5381 Rambertus
4635 5315 4722 5380 de
4759 5316 4946 5402 Agu-

3163 5424 3393 5510 glaria,
3443 5424 3645 5487 frater
3690 5429 3928 5487 noster.

3285 5531 3367 5595 V.
3416 5531 3593 5596 Obiit
3639 5538 3847 5595 mater
3886 5537 4107 5595 nostra
4138 5530 4400 5594 domina
4434 5529 4787 5616 Gregoria,
4825 5551 4942 5595 ne-

3160 5639 3289 5726 ptis
3335 5638 3725 5703 venerabilis
3758 5638 3881 5701 viri
3937 5638 4178 5702 domini
4223 5638 4456 5724 prioris
4502 5637 4834 5701 Altichini
4883 5646 4950 5701 et

3162 5755 3369 5811 mater
3414 5746 3635 5809 fratris
3667 5745 3859 5809 Pauli
3898 5745 4101 5809 nostri
4146 5752 4214 5809 et
4250 5766 4417 5809 uxor
4445 5745 4692 5809 domini
4727 5744 4948 5808 Fran-

3161 5855 3314 5919 cisci
3360 5853 3439 5917 de
3489 5853 3735 5939 Oospis,
3785 5874 3820 5916 e
3867 5874 3994 5937 qua
4041 5852 4246 5916 multa
4291 5852 4464 5917 bona
4509 5852 4793 5916 servit-ia
4841 5874 4945 5915 re-

3160 5962 3467 6049 cepimus.
3519 5960 3793 6025 Oremus
3840 5981 3957 6047 pro
4006 5981 4105 6024 ea.
4152 5959 4642 6025 MOCCXXIX.

3280 6069 3400 6134 VI.
3435 6068 3614 6133 Obiit
3658 6068 4016 6132 Bonatolns
4056 6068 4134 6131 de
4168 6067 4405 6151 Flesio,
4439 6074 4625 6154 pater
4657 6068 4946 6132 Franci·

3156 6176 3248 6241 sci
3307 6176 3420 6262 qui
3474 6176 3730 6261 scripsit
3775 6175 3945 6239 hunc
4001 6174 4313 6239 libellum.
4358 6173 4948 6240 MOOOXV11.(4›

3316 6442 3395 6508 (3)
3434 6440 3522 6493 Sic
3558 6441 3613 6491 in
3639 6439 3996 6509 Neci-elogio3
4022 6440 4119 6492 sed
4144 6440 4364 6509 Aegidii
4388 6439 4567 6492 obitus
4594 6441 4949 6511 consignan-

3154 6531 3254 6582 dus
3292 6535 3375 6582 est
3414 6531 3480 6582 ad
3523 6529 3621 6581 IX.
3659 6529 3925 6581 kalendas
3963 6529 4306 6598 septembris.

3313 6621 3391 6685 (4)
3430 6619 3560 6670 Alia
3597 6635 3764 6670 11161111
3802 6618 4017 6670 additus
4056 6623 4139 6671 est
4175 6634 4369 6684 annus,
4407 6619 4636 6687 antiqua
4697 6623 4927 6672 tamen.
