5542 7775
1180 620 1274 692 76
2756 639 3234 690 MONUMENTA

1178 794 1473 881 proxime
1523 794 1778 858 venturi
1804 793 1881 859 (¹)
1930 802 1993 858 et
2040 793 2320 858 finiendo
2371 794 2579 879 ipsum
2642 800 2793 857 ante
2853 792 3110 857 Pascha
3164 792 3616 858 Resuresionis
3662 792 4001 858 Dominice
4049 793 4344 879 proxime
4393 794 4657 859 instanti
4703 819 4806 883 pei

1181 908 1288 967 oto
1337 902 1494 966 dies.
1528 902 1613 965 Et
1660 901 2096 987 reincipiendo
2145 901 2362 986 legere
2410 900 2653 963 dictum
2700 900 2936 964 librum
2984 899 3150 964 infra
3197 908 3302 965 oto
3344 900 3480 964 dies
3526 907 3670 986 post
3718 900 3958 964 dictum
4002 900 4280 983 Pascha,
4317 909 4383 965 et
4411 903 4815 969 terminando

1178 1009 1390 1095 ipsum
1439 1031 1634 1095 quam
1681 1007 1910 1072 melius
1958 1008 2228 1094 poterit,
2279 1007 2401 1071 nisi
2466 1006 2838 1071 infirmitate
2902 1006 3096 1070 fuerit
3157 1007 3523 1092 impeditus.
3571 1007 3966 1072 Promittens
4013 1009 4219 1072 eciam
4268 1009 4475 1074 dictus
4523 1009 4818 1075 dominus

1181 1116 1545 1181 Chabrinus
1593 1116 1799 1179 eidem
1849 1115 2161 1201 magistro
2207 1115 2402 1179 Petro
2452 1135 2579 1178 non
2627 1114 2845 1198 legere
2893 1114 3135 1178 dictum
3182 1114 3416 1177 librum
3464 1114 3960 1179 Institncionum
4002 1115 4171 1179 infra
4203 1116 4443 1181 dictum
4475 1118 4817 1181 terminum

1178 1223 1242 1287 in
1293 1223 1615 1310 aliquibus
1663 1223 1900 1287 scholis
1947 1222 2051 1286 vel
2098 1222 2255 1287 locis
2302 1222 2581 1286 civitatis
2627 1221 2920 1286 Bononie
2970 1242 3162 1307 quam
3221 1222 3285 1285 in
3347 1221 3687 1308 predictis,
3736 1228 3802 1285 et
3862 1243 3990 1286 non
4052 1223 4352 1287 recedere
4415 1224 4493 1288 de
4557 1224 4817 1289 civitate

1174 1331 1507 1414 Bononie;
1549 1331 1605 1394 si
1653 1331 1909 1396 recedet
1928 1331 2027 1413 (2),
2062 1338 2213 1394 tunc
2261 1330 2464 1416 possit
2512 1339 2683 1394 stare
2732 1337 2797 1394 et
2843 1330 3082 1393 morari
3129 1336 3316 1393 extra
3365 1329 3693 1394 civitatem
3738 1329 4031 1395 Bononie
4078 1353 4195 1416 per
4240 1337 4346 1396 oto
4396 1331 4553 1413 dies,
4588 1339 4652 1396 et
4691 1355 4816 1396 non

1178 1439 1372 1521 ultra,
1422 1438 1916 1503 chonstituendo
1965 1437 2107 1519 sibi,
2142 1459 2287 1501 cum
2335 1437 2658 1519 receserit,
2693 1437 3017 1522 ydoneum
3064 1436 3502 1519 substitutum,
3536 1445 3807 1522 excepto
3857 1457 4050 1522 quam
4097 1438 4162 1501 in
4210 1437 4374 1503 festo
4420 1438 4816 1523 Nativitatis,

1178 1545 1283 1609 vel
1333 1545 1786 1610 Resuresionis
1849 1544 2209 1609 Dominice.
2257 1544 2610 1608 Versavice
2674 1543 2883 1607 dictus
2946 1543 3241 1606 dominus
3304 1543 3614 1629 magister
3674 1542 3909 1607 Petrus
3973 1545 4265 1630 promisit
4328 1544 4498 1610 dicto
4560 1545 4817 1612 domino

1179 1652 1508 1717 Chabrino
1555 1653 1711 1717 dare
1758 1652 1968 1717 eidem
2015 1651 2270 1715 scholas
2316 1651 2519 1715 libere
2568 1658 2633 1715 et
2679 1650 2879 1715 semel
2926 1650 2990 1713 in
3039 1649 3142 1713 die
3188 1649 3338 1714 hinc
3385 1650 3467 1713 ad
3516 1649 3756 1714 dictum
3804 1651 4167 1715 terminum.
4201 1651 4350 1715 Non
4381 1652 4667 1738 recipere
4701 1654 4817 1717 ali-

1177 1781 1369 1846 quem
1417 1759 1741 1844 legentcm
1787 1759 2026 1823 dictum
2075 1758 2309 1822 librum
2359 1758 2424 1821 in
2471 1758 2657 1822 dictis
2704 1756 2942 1821 scholis
2989 1757 3172 1840 hora,
3221 1779 3416 1843 quam
3464 1757 3601 1843 ipse
3649 1756 3945 1821 dominus
3995 1757 4359 1822 Chabrinus
4391 1759 4515 1824 sibi
4547 1759 4818 1845 elegerit

1175 1889 1292 1954 pro
1327 1868 1496 1932 dicto
1528 1867 1693 1931 libro
1728 1867 2024 1952 legendo,
2057 1866 2210 1930 dnm
2242 1865 2431 1930 modo
2466 1887 2591 1930 non
2627 1868 2828 1952 possit
2860 1867 2997 1952 ipse
3030 1866 3326 1930 dominus
3361 1864 3724 1930 Chabrinus
3757 1864 3980 1929 horam
4013 1865 4136 1929 sibi
4168 1887 4284 1951 per
4315 1887 4462 1929 eum
4504 1867 4816 1951 elleta[m]

1177 1979 1451 2037 mutare.
1502 1974 1667 2037 Item
1716 1971 1887 2058 quod
1934 1972 2262 2058 permittet
2308 1972 2446 2057 ipse
2493 1971 2806 2056 magister
2850 1972 3085 2036 Petrus
3135 1971 3345 2036 eidem
3392 1971 3650 2034 domino
3698 1970 4025 2035 Chabrino
4073 1971 4288 2036 facere
4335 1972 4654 2037 choletam
4701 1994 4819 2061 pro

1175 2082 1319 2166 ejus
1367 2080 1606 2145 salario
1656 2102 1693 2143 a
1742 2079 2145 2144 scholaribus
2194 2077 2275 2142 ab
2324 2100 2401 2142 eo
2450 2078 2861 2142 audientibus
2910 2079 3152 2143 dictum
3197 2078 3433 2142 librum
3481 2077 3679 2141 tocies
3722 2078 3981 2163 quocies
4013 2078 4137 2141 sibi
4168 2078 4505 2164 placuerit,
4537 2080 4816 2144 dumodo

1175 2210 1301 2253 non
1353 2189 1563 2274 esigat
1610 2188 1733 2250 nisi
1780 2187 1980 2251 semel
2028 2185 2349 2250 choletam
2398 2186 2481 2249 ab
2529 2185 2746 2270 aliquo
2796 2186 3186 2249 scholarium
3236 2186 3318 2249 ab
3366 2207 3442 2250 eo
3491 2184 3901 2250 audiencium
3948 2185 4188 2249 dictum
4232 2186 4468 2250 librum
4510 2209 4624 2273 pro
4657 2209 4817 2251 una-

1176 2317 1434 2383 quaque
1481 2295 1712 2377 letura,
1747 2300 1811 2357 et
1860 2292 2032 2379 quod
2078 2293 2407 2379 permittet
2452 2294 2512 2356 ei
2558 2302 2818 2378 portare
2869 2293 3103 2356 librum
3153 2314 3266 2356 seu
3314 2291 3513 2357 libros
3560 2291 3952 2355 scholarium
3997 2291 4121 2356 sibi
4167 2293 4529 2357 velencium
4561 2295 4817 2359 satisfa-

1174 2424 1320 2466 cere
1368 2402 1446 2467 de
1497 2402 1697 2489 ipsius
1744 2401 1985 2465 salario
2033 2407 2097 2464 et
2145 2400 2388 2482 labore,
2436 2407 2500 2464 et
2551 2400 2668 2464 ilos
2715 2406 2936 2464 tenere
2986 2400 3189 2464 donec
3237 2399 3444 2464 eidem
3495 2398 3691 2463 fuerit
3756 2400 3839 2463 ab
3901 2399 4057 2485 ipsis
4119 2399 4369 2486 integre
4431 2400 4816 2466 satisfatum.
4931 2464 4959 2475 ,,

1172 2509 1378 2573 Facta
1423 2531 1580 2574 vero
1627 2509 1835 2573 eidem
1885 2507 2213 2572 solucione
2263 2507 2345 2570 ab
2393 2507 2579 2593 ipsis,
2628 2515 2927 2570 teneatur
2988 2508 3080 2570 eis
3145 2507 3482 2570 restituere
3545 2506 3720 2592 ipsos
3783 2506 4002 2571 libros.
4049 2506 4360 2571 Preterea
4418 2507 4541 2572 hoc
4603 2516 4818 2572 actum

1173 2616 1375 2681 estitit
1422 2617 1589 2679 inter
1636 2617 1762 2699 eis,
1814 2615 1984 2701 quod
2042 2615 2249 2678 dictus
2312 2613 2608 2676 dominus
2664 2613 2992 2677 Gabrinus
3057 2635 3184 2677 non
3245 2613 3414 2700 posit
3476 2613 3862 2698 compellere
3926 2613 4207 2698 aliquem
4270 2636 4354 2678 ex
4416 2614 4817 2679 scholaribus

1172 2724 1535 2787 intrinsecis
1582 2723 1981 2787 abitantibus
2029 2722 2092 2785 in
2143 2722 2328 2784 dictis
2377 2720 2616 2784 scholis
2662 2743 2808 2785 cum
2856 2722 3026 2785 dicto
3091 2721 3401 2805 magistro
3463 2720 3683 2805 Petro,
3732 2727 3796 2784 et
3851 2721 3933 2784 ab
3988 2742 4065 2784 eo
4121 2721 4531 2786 audient-ibus
4578 2722 4817 2786 dictum

1170 2831 1408 2895 librum
1456 2830 1537 2893 ad
1586 2830 1979 2893 solucionem
2030 2829 2151 2892 sibi
2201 2828 2283 2891 ab
2333 2829 2425 2891 eis
2473 2828 2837 2892 faciendam
2887 2827 3058 2891 ultra
3106 2828 3532 2914 quantitatem
3589 2834 3694 2891 oto
3758 2827 4108 2891 solidorum
4169 2827 4652 2893 bononenorum
4700 2851 4816 2916 pro

1172 2937 1461 3024 qualibet
1507 2938 1737 3001 letura.
1774 2936 1915 3011 Que
1965 2936 2182 3000 omnia
2229 2942 2292 2998 et
2341 2935 2600 3020 singula
2649 2936 3092 3021 suprascripta
3139 2934 3433 3021 promisit
3481 2957 3646 2998 unus
3695 2934 3880 2998 alteri
3923 2934 4004 2998 ad
4038 2934 4314 2999 invicem
4347 2936 4675 2999 solenibus
4706 2937 4818 3000 sti-

1170 3044 1612 3131 pulationibus
1659 3045 1808 3108 hinc
1856 3043 2005 3107 inde
2055 3043 2665 3125 intervenientibus,
2715 3045 2900 3106 firma
2948 3050 3012 3106 et
3059 3050 3201 3106 rata
3248 3043 3525 3124 habere,
3575 3042 3695 3106 sub
3757 3063 3926 3128 pena
3990 3042 4458 3129 quinquaginta
4504 3042 4818 3108 librarum

1167 3153 1657 3217 bononenorum
1706 3173 1789 3215 ex
1838 3151 2264 3214 instrumento
2311 3150 2626 3214 Anthonii
2670 3150 3024 3215 Rolandini
3085 3150 3546 3214 Bonaventure
3610 3150 3874 3232 notarii,
3923 3150 4115 3214 hodie
4177 3149 4349 3215 facto
4411 3150 4704 3216 Bononie
4753 3153 4818 3215 111

1173 3260 1386 3324 curtili
1434 3258 1937 3341 Pavanensium,
1972 3258 2379 3344 presentibus
2427 3258 2684 3322 domino
2732 3258 3044 3342 magistro
3093 3257 3352 3322 Isolano
3395 3257 3474 3321 de
3508 3257 3840 3339 Tridento,
3874 3256 4208 3322 Bertoloto
4256 3257 4335 3322 de
4377 3257 4705 3322 Ghiroldis
4739 3258 4817 3323 de

1171 3366 1510 3448 Cremona,
1544 3365 1870 3450 Pasquale
1917 3365 1996 3429 de
2044 3364 2351 3429 Chai-iola
2397 3365 2476 3429 de
2525 3365 2825 3446 Trivisio,
2861 3364 3030 3428 Buto
3077 3364 3156 3428 (10
3197 3364 3561 3447 Florencia,
3596 3371 3659 3428 et
3690 3364 3993 3429 «Iohanne
4025 3363 4349 3451 Bompare
4381 3365 4673 3430 testibus.
4711 3366 4816 3429 Sic

1169 3473 1322 3538 dicti
1372 3481 1782 3538 contraentes
1830 3494 1960 3536 una
2008 3494 2153 3536 cum
2201 3472 2371 3537 dicto
2421 3472 2672 3536 notario
2722 3479 3057 3554 venerunt,
3106 3472 3410 3536 dixerunt
3457 3479 3521 3536 et
3567 3471 3763 3535 scribi
3809 3471 4121 3536 fecerunt.

2833 3794 3150 3857 XLVIII.

2714 4011 2907 4092 1297,
2959 4009 3045 4072 21
3093 4010 3273 4073 iunii.

1575 4225 1683 4288 Ex
1729 4224 2083 4289 Tabulario
2130 4224 2307 4287 Max.
2358 4224 2544 4305 bon.,
2596 4224 3134 4307 Reformationum
3185 4223 3295 4286 lib.
3344 4222 3406 4286 A
3453 4223 3531 4306 †,
3581 4244 3635 4287 c.
3686 4224 3814 4286 313
3865 4244 3915 4287 r.
3965 4229 4028 4286 et
4077 4224 4206 4287 315
4255 4244 4317 4286 v.

1346 4438 1691 4503 Millesimo
1741 4439 2178 4503 ducentesimo
2228 4437 2646 4523 nonagesimo
2696 4438 3004 4524 septimo,
3055 4438 3403 4501 indictione
3458 4437 3743 4520 decima,
3793 4437 3896 4500 die
3944 4436 4256 4522 vigesimo
4310 4437 4516 4522 primo
4573 4439 4811 4502 mensis

1171 4546 1358 4630 iunij.

1348 4652 1704 4717 Consilium
1758 4651 1982 4737 populi
2029 4660 2093 4714 et
2138 4651 2353 4715 Masse
2415 4652 2639 4738 populi
2700 4651 2978 4715 civitatis
3041 4651 3333 4716 Bononie
3398 4651 3550 4716 fecit
3611 4650 3906 4715 dominus
3953 4651 4287 4715 Johannes
4349 4651 4428 4714 de
4490 4652 4808 4733 Bolsena,

1167 4759 1388 4826 Judex
1433 4767 1497 4824 et
1543 4759 1845 4823 Vicarius
1898 4758 2151 4822 Nobilis
2208 4759 2329 4822 viri
2385 4758 2627 4823 domini
2680 4759 2953 4823 Berardi
3010 4758 3088 4821 de
3146 4759 3493 4823 Camarino
3548 4758 3945 4822 honorabilis
3992 4757 4333 4844 Capitanei
4386 4758 4636 4845 popullj
4681 4759 4810 4823 Bo-

1167 4868 1357 4933 nonie
1418 4867 1482 4930 in
1537 4866 1808 4952 pallatio
1864 4887 2030 4930 novo
2088 4866 2461 4929 Communis
2514 4864 2808 4929 Bononie
2864 4866 2946 4929 ad
3003 4887 3228 4929 sonum
3285 4887 3597 4951 campane
3645 4871 3709 4929 et
3754 4886 3912 4929 voce
3958 4886 4308 4950 preconum
4355 4874 4427 4929 ut
4473 4865 4667 4929 moris
4714 4874 4810 4930 est

1166 4975 1587 5060 congregari:
1639 4973 1704 5036 in
1753 4995 1878 5059 quo
1928 4972 2185 5059 quidem
2237 4972 2520 5036 Consilio
2568 4972 2647 5036 de
2694 4973 3028 5037 voluntate
3078 4973 3348 5036 duarum
3404 4974 3683 5059 partium
3733 4972 4164 5037 Antianorum
4211 4981 4275 5036 et
4322 4973 4701 5037 Consullum
4747 4981 4809 5036 et

1167 5084 1235 5148 in
1285 5084 1568 5169 ipsorum
1619 5081 1945 5168 presentia
1991 5081 2325 5168 proposuit
2373 5088 2438 5145 et
2477 5080 2605 5167 legi
2641 5081 2792 5145 fecit
2825 5080 3236 5167 infrascripta
3269 5081 3736 5163 ordinamenta,
3771 5102 3964 5167 super
3997 5081 4228 5167 quibus
4260 5080 4555 5145 omnibus
4588 5087 4654 5144 et
4684 5080 4810 5145 sin-

1164 5191 1336 5277 gulis
1384 5190 1510 5254 sibi
1557 5189 1745 5275 petiit
1791 5190 2133 5253 consilium
2181 5189 2507 5252 exhiberi:

1166 5343 4807 5363 0000000000000000000000000000000000000000000000000000000

1168 5450 4806 5470 0000000000000000000000000000000000000000000000000000000

1168 5663 4806 5684 ΟΟΟΟΟΟΟΟΟΟΟΟΟΟΟΟΟΟΟΟΟΟΟΟΟΟΟΟΟΟΟΟΟΟΟΟΟΟΟΟΟΟΟΟΟΟΟΟΟΟΟΟΟΟΟ

1343 5832 1514 5897 Item
1562 5840 1955 5897 excusentur
1999 5832 2317 5897 Doctores
2366 5832 2689 5896 ordinarie
2736 5838 3036 5918 regentes
3085 5839 3149 5895 et
3192 5831 3568 5916 Bachalarij
3610 5837 3909 5916 regentes
3947 5830 4460 5894 extraordinarie
4501 5828 4812 5894 nominati

1165 5962 1282 6028 per
1329 5940 1641 6005 Rectores
1688 5940 2102 6022 scholarium,
2137 5940 2270 6004 dati
2317 5940 2385 6003 in
2433 5939 2688 6026 scriptis
2736 5960 2820 6002 ex
2867 5947 3051 6025 parte
3097 5939 3556 6003 Universitatis
3603 5937 3992 6002 scholarium
4041 5937 4299 6001 domino
4347 5936 4703 6023 Capitaneo
4750 5943 4812 5999 et

1163 6047 1469 6112 Antianis
1515 6055 1579 6112 et
1629 6047 2019 6112 Consulibus
2066 6047 2303 6133 Populi
2349 6046 2761 6111 bononiensis
2809 6054 2872 6110 et
2922 6046 3114 6110 etiam
3179 6046 3548 6111 stacionarii
3598 6052 3662 6109 et
3706 6044 3984 6109 bidellus
4022 6044 4483 6109 Universitatis
4525 6044 4809 6129 predicte

1164 6154 1336 6220 infra
1383 6155 1742 6241 descriptis,
1790 6153 2073 6219 Nomina
2122 6176 2396 6240 quorum
2444 6161 2593 6217 sunt
2639 6154 2791 6218 hec:

1326 6494 1376 6559 (1
1420 6497 1475 6546 et
1516 6494 1569 6559 2)
1609 6493 1713 6545 Sic.
