5542 7775
1700 979 2071 1098 MON
2086 973 3205 1095 UMENTORUM

1104 1355 2492 1585 APPENDIX
2657 1350 3893 1529 ALTERA.⁰’

1465 2556 1519 2621 Ι.

734 2769 839 2833 Ex
890 2770 1102 2835 Codice
1149 2770 1543 2835 Justinianeo
1585 2791 1757 2833 rium.
1810 2769 1985 2831 1427
2029 2769 2098 2831 in
2146 2767 2377 2832 Biblio-

610 2878 774 2941 theca
823 2880 1123 2960 vaticana,
1168 2877 1269 2941 lib.
1319 2877 1451 2962 IL,
1499 2879 1590 2941 tit.
1637 2873 1822 2940 LIX.
1846 2876 1922 2939 (2)

733 2983 833 3048 De
877 2985 1303 3069 jurejurando
1352 2992 1615 3070 propter
1655 2984 2044 3048 calumniam
2085 2981 2316 3045 dando,

733 3091 1095 3177 Imperator
1143 3091 1547 3156 Justinianus
1601 3092 1721 3173 A„
1771 3090 2192 3155 Demostheni
2241 3088 2374 3152 PP.

736 3199 814 3262 In
862 3200 1157 3263 omnibus
1200 3199 1432 3281 causis,
1467 3198 1601 3262 sive
1635 3207 1898 3284 propter
1928 3198 2150 3261 literas
2183 3197 2377 3260 fuerit

615 3306 788 3391 apud
834 3313 897 3369 te
933 3314 1269 3389 certatum,
1305 3306 1440 3369 sive
1472 3311 1736 3391 propter
1767 3305 2213 3387 instrumenta,
2241 3305 2375 3369 sive

737 3537 817 3601 (1)
855 3537 1158 3603 Appendici
1193 3553 1299 3603 per
1337 3552 1586 3589 numeros
1622 3534 1758 3587 haec
1799 3536 2114 3605 praeposuit
2153 3535 2375 3587 Maurus

615 3625 906 3677 Fattorini:
936 3642 965 3673 ιι
995 3625 1357 3678 Monumenta’s
1379 3624 1702 3691 quibusdam
1732 3626 1789 3675 in
1817 3624 2174 3691 Appendicem
2211 3626 2378 3691 conty-

612 3715 816 3765 ce'eude‘s
855 3730 1106 3766 numeros
1143 3716 1452 3780 assiynasse
1487 3714 1551 3766 cl.
1579 3714 1823 3765 Sartium
1856 3714 2068 3765 cuilibet
2093 3730 2225 3780 opus
2249 3716 2380 3766 inte-

607 3822 767 3871 yrnm
808 3805 1002 3871 leyenti
1031 3810 1221 3871 patere
1256 3805 1421 3869 facile
1449 3805 1664 3871 poterit.
1703 3803 1847 3855 Mihi
1890 3819 2012 3855 vero
2052 3819 2207 3870 saepe
2244 3806 2381 3870 00ρί-

609 3897 752 3947 tanti
801 3896 866 3946 de
914 3895 1209 3960 sufficienti
1264 3895 1499 3959 ratione,
1535 3910 1697 3960 quam
1746 3893 1853 3945 sibi
1900 3896 1987 3945 vit·
2044 3895 2382 3946 doctissimus

601 3986 946 4051 proposuerit
983 3986 1040 4035 in
1079 3984 1391 4050 hujusmodi
1427 3985 1631 4049 neyota'o
1667 3984 1918 4034 dim'nare
1951 3999 2083 4034 sane
2119 3999 2236 4034 eam
2274 4000 2380 4035 non

609 4074 776 4124 le'cm‘t.
802 4073 946 4125 Ordo
968 4079 1146 4125 tamen
1173 4073 1430 4124 tenendus
1454 4078 1529 4124 est
1554 4078 1599 4124 et
1632 4073 1979 4124 Monumenta
2007 4074 2145 4138 ipsa,
2167 4079 2381 4123 serrata

611 4179 956 4215 manierorum
991 4164 1147 4227 serie,
1175 4163 1327 4214 modo
1363 4168 1490 4214 sunt
1527 4162 1825 4227 afferenda.
1866 4162 1948 4213 Sit
1983 4163 2155 4227 ἱρεῖαι·
2183 4180 2231 4213 ιι.
2267 4161 2381 4214 Nos

610 4253 698 4305 hic
726 4270 755 4305 e
782 4254 929 4305 dicta
955 4253 1278 4321 Appendice
1306 4255 1660 4304 monumenta
1685 4255 1898 4303 tantum
1934 4252 2132 4303 iterum
2171 4253 2382 4305 edenda

615 4343 894 4408 duximus,
934 4359 1074 4411 quae
1112 4358 1145 4394 a
1183 4341 1378 4410 prioris
1424 4342 1603 4409 operis
1651 4341 1904 4393 editionis
1951 4345 2196 4409 tempore
2236 4343 2380 4411 typis

616 4432 904 4484 commissa
942 4431 996 4482 in
1035 4432 1215 4483 lucem
1252 4446 1362 4482 non
1402 4431 1735 4499 prodierunt.
2274 4433 2381 4497 (Μ.)

741 4523 818 4588 (2)
839 4521 1015 4572 Multa
1040 4520 1207 4573 habet
1234 4520 1443 4572 Sartius
1471 4521 1537 4573 de
1565 4522 1791 4590 antiquo
1831 4520 2016 4573 codice
2039 4521 2378 4588 justinianeo

615 4612 669 4661 in
697 4610 970 4663 Vaticana
995 4609 1330 4663 bibliotheca
1355 4610 1644 4674 existente,
1667 4610 1718 4661 in
1748 4626 1872 4679 quc,
1901 4615 1960 4661 ut
1980 4611 2098 4678 ipse
2127 4609 2377 4675 affirmat,

614 4703 740 4751 sunt
777 4700 1009 4767 glossae,
1035 4703 1096 4750 ut
1122 4699 1420 4767 plurimum
1447 4699 1847 4763 interlineares,
1873 4716 2010 4768 quas
2049 4700 2143 4751 uni
2171 4700 2380 4753 Irnerio

618 4788 932 4840 tribuendas
971 4804 1090 4840 esse
1129 4788 1443 4839 arbitratur.
1482 4786 1756 4858 Scriptum
1811 4805 1918 4839 non
1971 4805 2089 4841 esse
2128 4791 2381 4842 eumdem

615 4883 740 4945 post
790 4877 1060 4929 Irnerium
1108 4893 1175 4928 ex
1221 4893 1285 4930 eo
1324 4878 1412 4930 vel
1449 4878 1687 4929 maxime
1740 4878 1990 4943 coniicit,
2029 4879 2174 4947 quod
2219 4880 2379 4931 unius

618 4966 814 5018 Irnerii
850 4967 1059 5035 glossas
1099 4966 1389 5031 exhibeat3
1417 4983 1594 5036 neque
1636 4968 1782 5020 enim
1822 4968 2080 5020 credibile
2121 4973 2283 5034 esset,
2322 4974 2383 5020 ut

619 5056 735 5125 ipse
775 5056 868 5121 ait,
908 5056 954 5108 si
993 5059 1116 5124 post
1154 5055 1424 5107 Irnerium
1463 5057 1699 5124 scriptus
1737 5056 1897 5123 foret,
1934 5059 2170 5111 voluisse
2209 5059 2382 5124 illum,

618 5146 862 5215 quisquis
900 5144 1069 5197 fuerit
1099 5145 1192 5214 qui
1228 5162 1352 5198 eum
1389 5145 1589 5197 librum
1627 5146 1730 5198 sibi
1770 5147 2187 5199 exscribendum
2227 5164 2383 5200 cura-

619 5237 723 5301 vit,
762 5252 950 5288 carere
989 5236 1209 5287 omnino
1263 5252 1450 5287 eorum
1501 5236 1694 5304 glossis
1745 5240 1800 5288 et
1842 5237 2385 5305 interpretationibus

619 5326 710 5395 qui
752 5330 880 5395 post
917 5324 1189 5377 Irnerium
1228 5326 1651 5394 interpretandis
1678 5326 1891 5394 legibus
1918 5328 2251 5380 claruerunt.
2277 5326 2383 5380 Sed

621 5433 858 5469 errorem
897 5415 1129 5467 fortasse
1157 5415 1464 5484 obrepsisse
1491 5415 1604 5466 viro
1633 5416 1933 5468 clarissimo
1961 5416 2026 5469 de
2054 5418 2157 5469 hac
2184 5434 2242 5469 re
2271 5421 2387 5469 tota

620 5506 696 5558 sic
739 5505 1021 5570 iudicanti,
1048 5506 1259 5556 monuit
1297 5505 1570 5558 Henricus
1603 5504 2059 5572 Sanclementius‚
2086 5508 2386 5559 monachus

625 5610 692 5646 ex
738 5611 859 5646 mea
913 5593 1378 5663 congregatione,
1417 5610 1606 5647 sacrae
1663 5594 1890 5646 Rituum
1939 5594 2388 5665 congregationis

623 5686 901 5737 consultor
939 5688 995 5736 et
1021 5683 1240 5736 Ordinis
1266 5685 1436 5736 nostri
1464 5683 1858 5746 Cancellarius,
1885 5686 2037 5738 cuius
2065 5687 2309 5739 amicitia
2334 5691 2389 5740 et

625 5775 888 5839 doctrina,
926 5790 1036 5843 qua
1074 5774 1333 5838 abundat,
1369 5790 1498 5847 usus
1536 5790 1657 5825 sum
1700 5775 1829 5826 dum
1867 5775 2074 5828 Romae
2114 5776 2257 5828 idem
2296 5777 2390 5829 de-

621 5867 807 5932 geret,
845 5879 942 5930 pro
981 5863 1217 5915 visendis
1267 5863 1746 5933 exscribendisque
1799 5865 2184 5917 nonnullorum
2232 5865 2392 5918 Codi-

624 5970 747 6005 cum
786 5952 1089 6020 particulis,
1116 5968 1256 6020 quae
1285 5952 1353 6003 ad
1389 5969 1504 6004 rem
1532 5969 1711 6005 meam
1739 5954 1922 6006 facere
1951 5959 2190 6023 possent.
2216 5956 2391 6024 Igitur

623 6043 766 6112 quod
804 6045 1019 6110 spectat
1066 6042 1134 6093 ad
1183 6042 1328 6094 hunc
1389 6040 1644 6094 Codicem
1684 6043 2121 6109 Justinianeum,
2161 6047 2254 6114 qui
2310 6049 2395 6098 est

626 6151 677 6184 n.
710 6136 843 6185 1427
884 6132 941 6184 in
979 6132 1315 6198 membrana,
1341 6136 1501 6201 putat
1540 6133 1706 6185 etiam
1735 6133 2171 6188 Sanclementius
2199 6152 2391 6189 exara-

625 6228 740 6275 tum
781 6227 908 6276 ante
937 6223 1134 6276 Irnerii
1159 6227 1418 6287 aetatem,
1446 6239 1552 6275 non
1579 6224 1708 6292 quia
1735 6241 1874 6276 unus
1911 6225 2151 6279 Irnerius
2181 6227 2391 6296 glossas

624 6312 910 6379 addiderit,
938 6313 1030 6365 sed
1071 6312 1200 6381 quia
1238 6312 1471 6380 glossae,
1498 6329 1639 6381 quae
1675 6313 1728 6365 in
1758 6329 1822 6366 eo
1862 6319 2173 6380 occurrunt,
2200 6332 2393 6368 revera

628 6405 946 6456 recentioris
986 6420 1104 6456 esse
1142 6420 1337 6455 manus
1376 6404 1646 6469 videntur,
1673 6410 1728 6457 et
1766 6406 1895 6475 quia
1920 6407 2007 6458 vel
2037 6407 2274 6459 maxime
2301 6407 2393 6458 vix

630 6494 834 6562 aliquid
875 6494 1037 6563 spatii
1070 6493 1324 6546 relictum
1361 6497 1593 6562 apparet
1631 6510 1729 6563 pro
1756 6495 1949 6565 glossis
1978 6496 2108 6565 ipsis
2135 6496 2395 6548 adiicien-

2506 2556 2769 2634 propter
2817 2546 3160 2632 quicquam
3208 2545 3405 2627 aliud,
3441 2546 3504 2608 in
3554 2567 3678 2630 quo
3728 2544 4076 2609 necessitas
4124 2567 4270 2631 pro-

2507 2656 2803 2719 bationis·
2834 2654 3181 2737 incumbit,
3231 2655 3554 2718 sancimus
3605 2676 3730 2718 non
3779 2654 3967 2718 aliter
4013 2653 4273 2717 easdem

2496 2764 2912 2849 probationes
2958 2770 3248 2847 prestare
3299 2762 3618 2848 compelli,
3653 2762 3774 2824 nisi
3807 2762 3984 2847 prius
4019 2762 4127 2846 qui
4160 2781 4269 2824 eas

2506 2870 2799 2957 exposcit
2855 2872 3294 2955 juramentum
3357 2869 3435 2933 de
3499 2870 3820 2933 calumnia
3884 2868 4269 2955 prestiterit,

2507 2979 2675 3065 quod
2728 3000 2853 3042 non
2904 3000 3099 3041 causa
3147 2976 3485 3041 differendi
3538 2976 3908 3061 hujusmodi
3940 2976 4274 3062 proposuit

2507 3086 2953 3170 allegationes,
2990 3084 3159 3147 Nam
3193 3085 3580 3148 sacramenti
3613 3085 3839 3148 timore
3874 3084 4274 3147 contentiosa

2504 3193 2896 3278 litigantium
2945 3192 3251 3255 instantia
3299 3192 3744 3277 compescitur.

2505 3533 2616 3597 dis3
2656 3543 2821 3601 atque
2874 3531 2999 3583 hinc
3051 3532 3193 3583 aliae
3233 3531 3286 3581 in
3328 3532 3470 3595 ima,
3511 3532 3651 3583 aliae
3693 3532 3745 3581 in
3786 3546 3999 3581 summa
4037 3530 4268 3598 pagina,

2504 3622 2801 3690 pleraeque
2839 3636 2967 3671 vero
3006 3621 3387 3672 interlineares
3443 3626 3603 3683 sunt,
3643 3637 3706 3672 ac
3763 3620 4002 3672 minimis
4051 3619 4270 3688 quidem

2508 3711 2887 3763 characterum
2928 3711 3117 3762 formis
3157 3726 3472 3779 expressae.
3511 3710 3872 3762 Observatum
3899 3726 4060 3777 porro
4088 3709 4156 3760 ab
4182 3725 4272 3760 eo·

2507 3802 2630 3854 dem
2670 3801 3096 3865 Sanclementio,
3123 3803 3333 3870 glossas
3370 3802 3518 3869 ipsas
3557 3817 3663 3853 non
3704 3802 3864 3852 unius
3902 3800 4096 3851 Irnerii
4134 3816 4272 3862 esse,

2509 3893 2603 3945 sed
2643 3892 2907 3961 quasdam
2947 3892 3113 3942 etiam
3152 3892 3404 3944 Accursii
3441 3897 3497 3943 et
3546 3891 3854 3944 Homoboni
3886 3889 4272 3944 cremonensis.

2511 3983 2720 4051 Pagina
2777 3981 2921 4034 enim
2974 3981 3176 4033 codicis
3232 3986 3294 4033 13
3350 3986 3495 4033 retro
3536 3983 3589 4032 in
3642 3982 3913 4051 margine,
3951 3981 4018 4032 ad
4059 3981 4269 4032 calcem

2510 4073 2742 4140 glossae,
2782 4070 3020 4122 initiales
3059 4070 3371 4122 huiusmodi
3407 4071 3600 4123 literae
3640 4074 3956 4122 occurrunt:
3994 4088 4023 4118 «ι
4064 4071 4139 4119 ita
4178 4069 4274 4120 Ac.

2509 4161 2602 4212 Ac.
2632 4179 2679 4225 i»,
2705 4176 2842 4229 quas
2881 4160 2946 4211 de
2986 4161 3251 4212 Accursio
3293 4160 3542 4228 &ccursii
3580 4160 3692 4211 filio
3719 4161 4112 4228 interpretatur
4136 4159 4271 4211 San-

2506 4252 2849 4303 clementius.
2888 4251 3020 4319 Pag.
3048 4241 3212 4302 citiam
3253 4254 3319 4302 22
3360 4255 3416 4302 et
3455 4254 3540 4315 34,
3579 4252 3817 4320 itemque
3857 4254 3907 4315 2,
3936 4253 3965 4302 7
4005 4268 4075 4316 r.,
4102 4252 4274 4303 semel

2508 4357 2572 4393 ac
2599 4340 2799 4392 iterum
2825 4341 3062 4392 occurrit
3089 4341 3302 4408 signum
3329 4341 3619 4409 quoddam,
3639 4357 3745 4409 quo
3773 4340 4152 4392 Homobonum
4180 4341 4275 4392 de·

2506 4432 2713 4500 signari
2752 4431 3065 4495 arbitratur,
3090 4434 3167 4482 ita
3205 4435 3265 4481 ut
3305 4431 3599 4500 legendum
3630 4432 3726 4482 sit:
3757 4431 3846 4482 Sic
3869 4430 4182 4484 Omobonus.
4209 4431 4274 4482 In

2507 4521 2696 4589 primis
2724 4524 2908 4573 tamen
2937 4521 3149 4590 paginis
3177 4522 3408 4589 glossae,
3435 4537 3574 4589 quae
3607 4524 3915 4582 occurrunt,
3942 4521 4276 4589 adscriptum

2507 4610 2713 4663 habent
2753 4627 2948 4662 nomen
2990 4611 3203 4675 Irnerii,
3237 4611 3377 4678 quod
3420 4611 3496 4661 ita
3535 4610 3759 4662 effertur
3796 4610 3863 4661 Y.

2635 4699 2907 4769 Quidquid
2950 4703 3131 4751 tamen
3174 4701 3242 4751 sit
3279 4700 3345 4750 de
3385 4699 3488 4751 hac
3527 4717 3584 4752 re
3624 4702 3757 4764 tota,
3789 4701 3843 4751 in
3871 4717 3979 4768 qua
4005 4705 4153 4752 certe
4193 4700 4274 4751 iu·

2510 4791 2711 4843 dicium
2752 4805 2853 4858 ego
2895 4806 2998 4841 non
3040 4790 3348 4857 proferam,
3387 4805 3563 4858 neque
3617 4790 3761 4841 enim
3803 4789 4047 4841 codicem
4095 4790 4274 4857 ipsum

2509 4879 2726 4932 videndi
2766 4880 2927 4931 datur
2965 4880 3149 4947 copia;
3189 4883 3398 4931 certum
3439 4879 3575 4931 illud
3615 4885 3713 4943 est,
3742 4879 3992 4931 eumdem
4031 4879 4275 4931 codicem

2510 4986 2615 5022 non
2655 4970 2985 5021 mediocrem
3024 4970 3320 5021 utilitatem
3366 4968 3563 5021 afferre
3603 4985 3761 5037 posse
3800 4970 3869 5020 ad
3909 4970 4276 5021 emendandos

2510 5060 2761 5128 vulgatos
2800 5059 3100 5110 Justiniani
3139 5058 3324 5110 libros.

2636 5149 2983 5217 Propositum
3022 5148 3191 5200 fuisse
3231 5149 3533 5200 clarissimo
3561 5148 3739 5200 Sartio
3766 5149 3821 5199 in
3847 5148 3948 5200 hoc
3976 5149 4275 5216 specimine

2514 5238 2839 5302 exhibendo,
2880 5242 2934 5289 et
2970 5239 3025 5289 in
3063 5239 3203 5302 aliis,
3230 5254 3371 5306 quae
3409 5242 3728 5307 sequuntur,
3766 5238 4061 5306 imaginem
4099 5240 4276 5306 ipsam

2513 5332 2568 5381 et
2605 5328 2838 5380 sormam
2877 5329 3161 5380 literarum
3200 5327 3402 5379 codicis
3441 5328 3766 5396 exprimere,
3794 5330 3909 5378 tum
3949 5344 4016 5379 ex
4054 5328 4277 5397 quibus-

2514 5419 2636 5470 dam
2678 5418 2849 5486 ipsius
2886 5417 3118 5480 schedis,
3146 5422 3262 5468 tum
3302 5432 3429 5469 vero
3457 5434 3525 5470 ex
3559 5418 3625 5468 iis
3662 5434 3801 5486 quae
3828 5417 3996 5469 habet
4020 5433 4145 5486 pag.
4176 5421 4275 5470 112

2515 5514 2644 5560 tom.
2673 5508 2751 5572 I.,
2789 5507 3059 5560 coniicere
3098 5507 3262 5559 facile
3304 5511 3405 5560 est.
3443 5506 3528 5558 Ibi
3567 5508 3734 5572 enim,
3761 5511 4051 5575 postquam
4091 5508 4277 5559 multis

2517 5597 2807 5667 descripsit
2855 5596 3098 5648 codicem
3149 5596 3461 5648 vaticanum
3502 5612 3650 5647 num.
3693 5599 3854 5660 1408,
3896 5597 3948 5646 in
4006 5612 4112 5665 quo
4151 5601 4279 5648 sunt

2514 5689 2728 5758 glossae
2768 5686 3006 5749 Azonis,
3044 5684 3240 5737 Irnerii
3278 5686 3635 5754 aliorumque,
3678 5685 3886 5753 inquit:
3927 5686 4074 5750 Quae
4112 5692 4170 5736 ut
4206 5687 4281 5737 ad

2516 5778 2722 5830 oculum
2742 5783 2987 5844 pateam,
3014 5777 3209 5827 damus
3235 5778 3291 5826 in
3316 5776 3622 5843 Appendice
3656 5775 3907 5827 Vaticani
3932 5776 4142 5828 Codicis
4164 5794 4280 5844 spe-

2518 5870 2704 5919 cimen.
2745 5866 2849 5919 Sed
2888 5867 3015 5919 huic
3056 5866 3155 5918 viri
3195 5867 3482 5918 clarissimi
3509 5866 3734 5917 consilio
3761 5866 4151 5918 inhaerendum
4180 5868 4281 5918 mi-

2517 5958 2664 6009 nime
2705 5957 2975 6022 duximus,
3004 5973 3110 6007 non
3137 5956 3296 6007 modo
3323 5956 3391 6007 ob
3417 5957 3494 6007 rei
3522 5955 3693 6024 ipsius
3722 5955 4118 6018 difficultatem,
4140 5973 4279 6024 quae

2518 6048 2762 6099 maxima
2800 6051 2948 6099 certe
2987 6046 3199 6110 fuisset,
3228 6046 3321 6097 sed
3362 6046 3524 6097 etiam
3566 6045 3695 6114 quia
3722 6049 3865 6097 hunc
3892 6045 4061 6097 veluti
4090 6046 4281 6098 luxum

2518 6139 2742 6190 minime
2769 6136 3097 6205 flagitabunt
3125 6136 3339 6200 eruditi,
3367 6135 3563 6204 quibus
3602 6135 3735 6186 satis
3775 6135 3878 6187 erit
3917 6150 3985 6187 ex
4023 6135 4154 6203 ipsis
4193 6151 4283 6187 co-

2519 6227 2728 6280 dicibus
2768 6243 2833 6279 ea
2872 6226 3143 6290 delibare,
3184 6241 3324 6294 quae
3364 6226 3450 6277 vel
3490 6225 3555 6276 ad
3596 6224 3911 6276 eorumdem
3950 6229 4189 6276 aetatem
4229 6228 4285 6276 et

2521 6316 2914 6385 praestantiam
2955 6316 3264 6384 pertinent,
3303 6315 3388 6366 vel
3430 6314 3497 6365 ad
3541 6314 3839 6365 literariam
3891 6313 4176 6365 historiam
4218 6314 4284 6364 il-

2519 6406 2861 6458 lustrandam
2912 6405 3161 6457 conferre
3218 6408 3463 6473 possunt.
3514 6403 3802 6471 Specimen
3857 6403 4023 6472 igitur
4084 6404 4285 6455 codicis

2520 6495 2624 6548 hoc
2664 6500 2800 6548 esto.
3976 6494 4059 6557 (Μ.
4086 6496 4160 6558 1³¹.)
