5542 7775
1637 638 2099 689 SPECTANTIA
2155 640 2258 689 AD
2316 637 2828 689 Pnorssssonss
2882 639 3302 690 MEDICINAE
4126 618 4277 689 215

645 789 923 855 Redolfo
974 791 1290 856 Guidonis
1337 792 1810 878 Bergognonis,
1862 793 2124 876 comite,
2173 799 2492 883 potestate
2536 791 2867 875 Bononie,
2917 800 2983 858 et
3029 793 3287 859 domino
3335 794 3606 858 Alberto
3656 792 3931 857 Gerardi
3977 793 4056 857 (10
4105 792 4287 858 Gisla

647 904 1065 982 procuratore
1115 898 1404 962 comunis
1457 897 1787 982 Bononie,
1837 905 2103 984 gerente
2155 919 2324 964 nunc
2372 899 2472 963 sui
2517 899 2724 963 vicem
2769 906 2835 963 et
2897 899 3141 963 domini
3203 898 3516 963 Graidani
3563 897 4097 981 Jeremiensium,
4146 899 4287 982 ejus

649 1005 806 1067 socii
853 1004 1160 1088 absentis,
1209 1005 1669 1092 recipientibus
1717 1006 1974 1070 nomine
2023 1006 2312 1070 comunis
2359 1005 2673 1087 Bononie,
2722 1006 3040 1092 promissa
3087 1007 3361 1093 pecunia
3409 1005 3641 1084 soluta,
3674 1005 4127 1070 nichilominus
4172 1026 4288 1092 per

648 1131 716 1174 se
764 1133 1041 1197 suosque
1090 1112 1361 1177 heredes
1409 1119 1707 1177 teneatur
1753 1112 2098 1177 observare
2144 1112 2454 1199 predict-a.
2504 1112 2912 1177 Renuntians
2961 1113 3024 1177 in
3072 1112 3194 1178 hoc
3241 1113 3412 1177 facto
3461 1112 3585 1176 fori
3630 1112 3970 1199 privilegio
4018 1120 4084 1177 et
4115 1113 4286 1177 omni

647 1217 761 1301 alij
802 1218 1019 1303 legum
1069 1219 1337 1303 auxili0,
1372 1220 1544 1305 quod
1590 1220 1713 1283 sibi
1759 1221 1825 1283 in
1873 1220 1994 1284 hoc
2041 1220 2213 1283 facto
2262 1220 2326 1283 in
2375 1220 2659 1306 presenti
2707 1219 2810 1283 vel
2859 1220 2925 1283 in
2973 1219 3190 1283 futuro
3239 1227 3456 1305 posset
3501 1219 3827 1305 prodesse.
3860 1219 3947 1283 Et
3991 1219 4287 1284 dominus

646 1323 1001 1408 Redolfus,
1051 1347 1301 1409 comes,
1348 1325 1641 1390 Bononie
1686 1325 2026 1408 Potestas,
2076 1334 2140 1390 et
2187 1325 2395 1390 dictus
2442 1326 2753 1390 Albertus
2817 1325 3093 1389 Gerardi
3139 1324 3219 1389 de
3268 1325 3486 1408 Gisia,
3534 1333 3914 1411 procurator
3960 1326 4286 1408 Comunis,

650 1452 766 1516 pro
815 1453 884 1495 se
932 1439 997 1496 et
1043 1433 1185 1517 ejus
1233 1433 1427 1514 soci0,
1478 1433 1734 1497 nomine
1783 1440 1848 1497 et
1894 1433 2033 1498 vice
2082 1433 2371 1498 comunis
2412 1432 2726 1516 Bononie,
2760 1433 3194 1519 promiserunt
3240 1431 3449 1496 eidem
3495 1432 3805 1518 magistro
3838 1433 4058 1518 Ugoni
4088 1433 4288 1519 stipu-

651 1538 812 1602 lanti
860 1538 1208 1604 adtendere
1256 1546 1322 1604 et
1370 1540 1715 1605 observare
1758 1562 1874 1627 pro
1909 1561 1976 1604 se
2009 1546 2075 1604 et
2106 1562 2221 1627 pro
2255 1540 2512 1604 comuni
2544 1539 2837 1604 Bononie
2871 1540 3087 1604 omnia
3133 1561 3257 1624 que
3297 1541 3363 1602 in
3397 1541 3831 1627 suprascripto
3865 1541 4288 1605 instrumento

649 1649 1081 1729 continentur,
1132 1653 1197 1711 et
1243 1647 1493 1711 solvere
1542 1648 1883 1733 pecuniam
1932 1647 2014 1710 ad
2063 1648 2407 1711 terminum
2457 1655 2521 1710 et
2567 1646 2649 1710 ad
2695 1647 3004 1711 terminos
3068 1667 3264 1733 supra
3325 1647 3690 1729 ordinatos,
3740 1648 3904 1711 sicut
3951 1648 4017 1710 in
4064 1668 4289 1733 supra·

649 1753 886 1839 scripto
935 1754 1358 1819 instrumento
1408 1755 1792 1838 continetur,
1828 1755 1948 1819 sub
1991 1756 2130 1840 jam
2178 1755 2350 1819 dicta
2397 1775 2565 1841 pena
2603 1754 2784 1840 dupli
2816 1754 3012 1818 totins
3044 1754 3478 1840 suprascripte
3511 1755 3840 1841 peccunie,
3875 1754 4290 1840 stipulatione

649 1861 858 1924 eidem
905 1862 1213 1946 magistro
1261 1861 1481 1947 Ugoni
1525 1883 1562 1925 a
1595 1862 1928 1926 Potestate
1977 1868 2042 1926 et
2088 1868 2504 1948 procuratore
2550 1861 2860 1948 predicto,
2893 1861 3150 1925 nomine
3184 1867 3249 1925 et
3282 1860 3418 1926 vice
3460 1862 3748 1926 comunis
3795 1861 4108 1943 Bononie,
4143 1883 4290 1947 pro-

650 1969 865 2050 missa,
902 1990 1195 2054 penaque
1242 1969 1475 2052 soluta,
1511 1969 1988 2033 nichillominus
2036 1969 2323 2034 Comune
2372 1976 2669 2033 teneatur
2717 1969 3064 2033 observare
3110 1968 3421 2054 predicta.
3471 1968 3612 2043 Que
3660 1969 3875 2033 omnia
3922 1968 4096 2033 facta
4142 1975 4292 2032 sunt

650 2082 715 2139 et
759 2075 1046 2139 stabilita
1098 2077 1425 2140 voluntate
1476 2075 1763 2158 Consilii,
1814 2077 1880 2140 in
1926 2076 2169 2161 palatio
2220 2076 2526 2140 Comunis
2575 2075 2658 2139 ad
2705 2097 2933 2139 sonum
2981 2096 3293 2161 campane
3341 2075 3567 2140 eadem
3615 2075 3717 2140 die
3765 2075 4135 2161 coadunatj.

830 2182 1067 2246 Actum
1115 2182 1180 2245 in
1228 2182 1470 2268 palatio
1533 2182 1821 2246 comunis
1884 2182 2213 2265 Bononie,
2263 2180 2612 2246 indictione
2659 2182 2984 2268 predicta,
3033 2181 3284 2268 prefato
3332 2181 3589 2247 domino
3634 2181 3915 2247 Rodolfo
3974 2182 4289 2247 Gnidonis

650 2286 1123 2374 Bergognonis,
1174 2290 1441 2372 comite,
1490 2288 1823 2353 Potestate
1870 2288 2185 2371 Bononie,
2220 2295 2285 2353 et
2331 2295 2769 2375 procuratore,
2819 2298 2884 2353 et
2930 2289 3100 2353 dicto
3147 2289 3458 2374 magistro
3504 2289 3737 2374 Ugone
3784 2290 4063 2354 scribere
4111 2310 4290 2352 man-

650 2394 973 2460 dantibus.

829 2502 1274 2567 Interfuerunt
1320 2503 1617 2567 dominus
1663 2503 1994 2585 RiconiuS,
2045 2502 2242 2566 iudex
2290 2502 2532 2566 domini
2578 2501 2838 2567 Rodolfi
2888 2502 3203 2567 Gnidonis
3262 2503 3733 2588 Bergognonis,
3783 2505 4053 2587 comitis,
4100 2503 4292 2568 Pote-

651 2609 835 2672 statis
892 2609 1221 2691 Bononie,
1272 2610 1571 2673 dominus
1636 2610 2047 2692 Grimaldus,
2096 2609 2393 2674 dominus
2454 2609 2777 2695 Ugolinus
2837 2609 3150 2694 Marsilij,
3200 2609 3495 2674 dominus
3554 2610 3951 2694 Rainaldus,
3998 2610 4294 2675 dominus

653 2715 967 2781 Odericns
1016 2716 1350 2799 Galitiani,
1400 2739 1621 2781 omnes
1669 2718 1913 2781 iudices
1962 2717 2251 2781 comunis
2299 2716 2614 2799 Bononie,
2665 2724 2728 2781 et
2777 2717 3073 2781 dominus
3119 2716 3565 2800 MarsiliottuS,
3599 2718 3895 2782 dominus
3940 2717 4293 2782 Nicholaus

650 2822 921 2908 Ugolini
963 2824 1176 2906 Lauli,
1211 2823 1507 2889 dominus
1558 2823 1949 2888 Tucimanus
1997 2824 2253 2888 domine
2303 2824 2504 2906 Ostie,
2540 2824 2836 2888 dominus
2876 2822 3272 2909 Prendipars
3303 2823 3622 2907 Landolfi,
3657 2825 3953 2889 dominus
3986 2825 4294 2889 Albertus

654 2929 1002 3014 Catonius,
1051 2930 1347 2994 dominus
1393 2931 1716 3017 Ugolinus
1763 2931 2066 3014 Rubeus,
2117 2953 2338 2995 0011108
2383 2932 2620 2995 milites
2668 2932 2909 2995 iustitie
2957 2932 3245 2995 comunis
3300 2930 3628 3013 Bononie,
3678 2940 3742 2996 et
3804 2932 4152 2997 Tedericus
4214 2932 4294 2996 de

656 3036 988 3122 Saragoza
1037 3045 1102 3102 et
1147 3037 1440 3102 Pascalis
1487 3045 1552 3102 et
1600 3037 1832 3121 Carb0,
1881 3038 2115 3103 notarii
2164 3039 2452 3102 comunis
2499 3039 2813 3121 Bononie,
2864 3046 2928 3102 et
2990 3059 3210 3102 omnes
3275 3039 3853 3125 suprascriptorum
3901 3046 4097 3104 testes
4145 3047 4293 3104 sunt

653 3144 884 3229 rogati.

832 3250 951 3333 (L.
986 3251 1031 3333 †
1066 3251 1160 3334 S.)
1209 3251 1352 3338 Ego
1397 3251 1654 3334 Petrus,
1705 3251 1946 3316 domini
2001 3251 2266 3317 Octonis
2322 3252 2739 3338 imperatoris
2803 3258 2868 3315 et
2928 3253 3216 3316 comunis
3277 3251 3568 3317 Bononie
3632 3253 3948 3335 notarius,
3998 3253 4292 3317 omnibus

653 3358 1107 3445 suprascriptis
1155 3359 1439 3441 interfui,
1489 3367 1553 3423 et
1601 3359 1906 3423 mandato
1954 3358 2305 3423 Potestatis
2353 3365 2418 3422 et
2475 3358 2926 3423 Procuratoris
2988 3380 3105 3423 nec
3168 3381 3295 3423 non
3358 3367 3423 3424 et
3482 3360 3637 3424 dicti
3697 3360 3939 3425 domini
4000 3360 4292 3445 magistri

651 3463 906 3550 Ugonis
955 3464 1203 3550 scripsi.

2411 3783 2529 3849 IV.

2189 3999 2388 4084 1261,
2438 4000 2478 4062 4
2525 4001 2759 4064 martii.

1323 4215 1431 4280 Ex
1479 4216 1744 4280 archivo
1790 4215 2352 4302 Archicpiscopali
2398 4215 2790 4297 Ravennati,
2838 4236 3037 4299 capsa
3085 4214 3164 4297 G,
3214 4236 3276 4278 11.
3327 4215 3624 4279 2801.(1)

832 4430 909 4494 10
958 4430 1215 4494 0001100
1262 4431 1480 4495 Patris
1527 4440 1592 4495 et
1635 4431 1786 4495 Filii
1834 4438 1899 4495 et
1947 4431 2225 4518 Spiritus
2276 4429 2533 4512 Sancti,
2568 4450 2777 4493 amen.
2826 4428 3046 4493 Prona
3090 4450 3359 4515 preceps
3408 4429 3488 4493 ad
3537 4429 3777 4493 malum
3812 4430 4075 4494 audatia
4106 4430 4289 4494 freno

654 4535 855 4600 divini
902 4537 1150 4602 timoris
1197 4538 1549 4621 confracta,
1583 4539 1924 4603 humilium
1973 4538 2406 4602 innocentiam
2454 4536 2897 4622 multipliciter
2942 4536 3279 4621 inquietat,
3314 4536 3581 4601 credens
3614 4536 3695 4600 ad
3735 4559 3921 4601 suum
3954 4538 4291 4624 pervenire

652 4643 1010 4729 perfectum
1057 4645 1381 4709 excidium
1429 4646 1721 4709 aliorum.
1758 4644 1921 4710 Cum
1965 4645 2371 4709 venerabiles
2417 4650 2636 4730 patres
2679 4642 2785 4707 Al.
2821 4643 3230 4726 mutinensis,
3262 4642 3690 4727 R[ichelmus]
3737 4644 4044 4728 liviensis,
4094 4644 4290 4728 T[ho-

650 4749 815 4833 1008]
866 4751 1213 4834 1010100818,
1261 4751 1349 4815 Μ.
1400 4773 1685 4835 cesenas,
1732 4752 2021 4817 ,1000008
2068 4751 2631 4838 foropopuliensis,
2680 4750 2969 4815 «Iacobus
3016 4749 3416 4833 faventinus,
3464 4750 3752 4815 Joannes
3800 4752 4167 4834 cerviensis,
4218 4751 4288 4816 C.

653 4858 1031 4942 reginensis,
1079 4858 1369 4923 ,1000008
1418 4880 1764 4942 sarxenas,
1812 4859 1887 4924 F.
1938 4858 2287 4942 adriensis,
2338 4858 2415 4925 Ο.
2465 4858 2862 4945 parmensis,
2911 4864 2975 4920 et
3019 4856 3110 4920 M.
3159 4858 3578 4921 comaclensis
3626 4858 3931 4945 episcopi,
3975 4867 4039 4923 et
4086 4860 4290 4943 magi-

655 4969 787 5028 ster
835 4964 1215 5050 Sinigardus
1264 4966 1764 5052 archipresbiter
1808 4966 2242 5050 bononiensis,
2286 4972 2666 5053 procurator
2712 4964 2957 5029 domini
3003 4963 3397 5048 O[ctaviani]
3429 4965 3721 5030 Bononie
3752 4966 3983 5050 Electi,
4018 4967 4291 5031 volendo

653 5072 999 5136 salubriter
1059 5072 1356 5156 obviare,
1405 5074 1812 5138 attendentes
1860 5074 2032 5160 quod
2077 5075 2408 5139 temeritas
2456 5074 2773 5160 impunita
2817 5073 3215 5136 temeritates
3262 5073 3548 5137 cumulat
3592 5074 3973 5160 puniendas,
4022 5083 4087 5139 et
4134 5096 4292 5160 quos

656 5180 846 5245 timor
892 5180 1018 5245 Dei
1065 5202 1105 5245 a
1153 5182 1322 5245 malo
1365 5203 1493 5246 non
1525 5189 1807 5262 revocat,
1853 5183 2192 5248 choerceat
2232 5182 2462 5246 saltem
2494 5181 2806 5246 severitas
2839 5180 3198 5267 discipline,
3234 5181 3586 5245 venerabili
3620 5182 3790 5268 patri
3822 5181 4079 5246 domino
4113 5181 4290 5265 [Phi-

653 5287 856 5374 lippo]
902 5288 1027 5352 Dei
1073 5295 1139 5353 et
1182 5289 1537 5375 apostolica
1591 5290 1804 5375 gratia
1853 5296 2073 5355 sancte
2119 5289 2409 5355 Ecclesie
2457 5288 2947 5354 ravennatensis
3003 5288 3508 5375 archiepiscopO,
3557 5290 3962 5353 committunt
4009 5290 4294 5353 totaliter

654 5395 829 5460 vices
876 5417 1047 5479 suas,
1096 5403 1168 5460 ut
1214 5398 1373 5483 ipse,
1422 5398 1805 5462 auctoritate
1855 5398 2139 5462 omnium
2186 5397 2558 5462 eorumdem
2604 5403 2669 5461 et
2715 5396 3002 5483 ipsorum
3053 5395 3476 5481 singulorum,
3523 5395 3727 5482 possit
3781 5396 4295 5461 excommunica·

656 5503 847 5567 tionis
895 5510 960 5567 et
1007 5503 1445 5589 suspensionis
1493 5503 1558 5567 in
1605 5525 1913 5590 personas
1943 5512 2027 5584 ‘et
2072 5504 2395 5569 interdicti
2443 5504 2510 5567 in
2557 5503 2875 5585 civitates,
2925 5508 3138 5567 castra
3183 5508 3249 5566 et
3308 5502 3452 5566 loca
3508 5502 3639 5565 alia
3704 5502 3874 5567 ferre
3921 5504 4294 5586 sententias,

656 5610 711 5674 si
757 5610 1055 5675 comunia
1102 5617 1167 5674 et
1212 5610 1527 5697 speciales
1573 5632 1847 5697 persone
1896 5612 2182 5698 ipsorum
2229 5612 2604 5693 invaserint,
2637 5609 3027 5676 violaverint
3073 5630 3188 5674 seu
3234 5609 3646 5694 detinuerint,
3681 5609 3818 5674 sive
3864 5610 3929 5673 vi
3974 5611 4080 5675 vel
4126 5611 4295 5675 clam

658 5717 1114 5803 occupaverint
1159 5716 1351 5800 bona,
1397 5718 1858 5804 possessiones,
1908 5724 2142 5800 castra,
2191 5726 2418 5800 terras,
2467 5718 2781 5801 homines,
2830 5718 2994 5799 iura,
3043 5717 3326 5781 rationes
3374 5723 3439 5780 et
3486 5716 3958 5781 iurisdictiones
4001 5717 4294 5782 Ecclesie

656 5824 1047 5905 ravennatis,
1090 5845 1166 5889 00
1213 5823 1652 5889 Ecclesiarum
1699 5826 1983 5912 ipsorum
2031 5826 2480 5912 episcoporum
2527 5833 2592 5889 et
2638 5826 2913 5889 aliarum
2960 5825 3401 5906 ecclesiarum,
3435 5826 3993 5908 monasteriorum,
4025 5846 4294 5889 venera·

655 5930 1009 6015 biliumque
1049 5930 1339 5995 locorum
1370 5933 1567 5995 totins
1601 5932 2192 6019 archiepiscopatus
2231 5932 2569 6014 Ravenne,
2604 5938 2669 5996 et
2701 5933 2755 5996 si
2788 5932 3111 5996 statutarii
3144 5932 3477 5996 civitatum
3509 5938 3575 5996 et
3604 5932 3892 5996 locorum
3923 5931 4295 5996 eorumdem

655 6044 896 6102 statuta
942 6037 1264 6122 fecissent,
1298 6039 1403 6103 vel
1450 6039 1739 6103 facerent
1785 6040 1849 6103 in
1898 6040 2207 6122 futurum,
2242 6061 2358 6126 per
2407 6061 2530 6125 que
2573 6039 2715 6103 iura
2747 6046 2813 6104 et
2844 6039 3315 6104 iurisdictiones
3346 6045 3413 6103 et
3444 6039 3574 6102 alia
3606 6038 3977 6125 supradicta
4007 6038 4295 6125 ipsarum

656 6144 1071 6209 ecclesiarum
1115 6145 1411 6232 impediri
1457 6147 1563 6211 vel
1610 6147 1814 6211 minui
1858 6154 2122 6234 possent
2169 6147 2235 6211 in
2281 6148 2455 6234 ipsos
2504 6154 2568 6210 et
2614 6146 2901 6234 ipsorum
2949 6147 3301 6233 quemlibet
3348 6154 3411 6211 et
3452 6146 3967 6211 inobservatores
4011 6144 4296 6231 ipsorum

818 6392 895 6457 (1)
935 6391 1106 6444 Vide:
1147 6391 1369 6459 Savioli,
1397 6394 1545 6447 Ama.
1572 6394 1702 6459 bol„
1738 6395 1845 6446 vol.
1872 6394 2009 6462 111.‚
2049 6412 2166 6464 par.
2193 6395 2295 6461 11.,
2335 6411 2484 6447 num.
2513 6397 2634 6460 728,
2672 6412 2727 6464 p.
2756 6398 3013 6456 366-867,
3050 6399 3106 6448 et
3142 6395 3426 6461 Fantuzzi,
3463 6394 3609 6446 Mon.
3638 6392 3768 6445 Rav.
3794 6392 3992 6445 de'sec.
4018 6392 4080 6444 di
4102 6408 4293 6458 maza,

659 6485 789 6532 tom.
817 6480 919 6547 V„
959 6498 1107 6533 num.
1146 6480 1346 6548 LXV„
1385 6500 1439 6552 p.
1479 6487 1734 6536 338·339.
