5542 7775
1678 671 2147 723 SPEOTANTIA
2203 672 2306 722 An
2364 672 2876 725 morl-:secans
2932 674 3144 725 sums
3201 673 3468 724 cumas
4239 655 4385 726 105

747 825 1077 890 dominum
1123 832 1414 890 nostrum
1460 826 1711 913 Papam
1758 826 2137 913 predictum,
2173 825 2470 913 prefatus
2517 827 2817 892 dominus
2866 829 3155 892 notarius
3202 827 3467 892 nuntius
3514 829 3846 915 respondit
3877 836 3942 894 et
3981 830 4146 894 dixit
4183 829 4392 894 eidem

748 933 1006 998 domino
1055 932 1321 998 Thadeo
1385 954 1459 997 ac
1516 933 2112 1017 ambassiatoribus,
2159 933 2412 998 sindico
2461 942 2526 999 et
2571 934 2821 999 civibus
2866 934 3204 1021 predictis,
3255 935 3688 1021 presentibus,
3739 937 3910 1022 quod
3957 937 4171 1003 facere
4219 938 4394 1023 quic-

748 1041 900 1127 quid
949 1047 1186 1126 posset,
1235 1041 1416 1106 salvo
1464 1041 1707 1106 honore
1755 1041 2018 1106 Domini
2064 1042 2270 1106 nostri
2314 1049 2378 1105 et
2427 1062 2692 1106 romane
2738 1041 3032 1107 Ecclesie
3087 1063 3162 1107 ac
3208 1064 3347 1125 suo,
3380 1049 3638 1128 poterat
3684 1052 3750 1108 et
3794 1043 4092 1109 debebat.
4143 1045 4393 1110 Tamen

745 1151 883 1237 ipse
940 1149 1237 1215 dominus
1283 1149 1573 1214 notarius
1620 1149 1883 1213 nuntius
1928 1150 2163 1213 missus
2209 1156 2351 1213 erat
2399 1149 2482 1213 ad
2530 1149 2768 1213 dictam
2813 1149 3140 1214 civitatem
3187 1149 3268 1213 ad
3317 1158 3560 1214 certam
3618 1172 3792 1234 rem,
3842 1173 4037 1237 quam
4093 1153 4230 1238 ipse
4273 1152 4391 1218 do·

745 1258 955 1321 minus
989 1256 1315 1340 Thadeus,
1350 1256 1849 1321 ambassiatores
1881 1263 1947 1321 et
1978 1255 2260 1321 sindicus
2292 1256 2567 1342 predicti
2599 1256 2763 1321 bene
2796 1256 3108 1336 sciebant,
3142 1263 3207 1320 et
3240 1257 3410 1343 quod
3443 1264 3687 1322 certam
3724 1265 3789 1323 et
3834 1258 4178 1323 limitatam
4208 1266 4390 1345 pote-

745 1372 978 1429 statem
1026 1364 1330 1447 habebat‚
1366 1385 1579 1449 quam,
1613 1369 1679 1427 et
1721 1363 1945 1428 literas
1991 1363 2380 1450 apostolicas
2427 1384 2624 1450 super
2669 1363 2769 1428 his
2818 1363 3142 1428 confectas
3190 1365 3304 1446 eis,
3354 1385 3430 1429 ac
3476 1364 3742 1430 consilio
3792 1365 3960 1431 dicte
4001 1367 4279 1431 civitatis
4327 1374 4393 1432 et

744 1473 864 1538 toti
910 1472 1148 1559 populo
1196 1478 1463 1558 paratus
1510 1477 1651 1535 erat
1682 1478 1747 1535 et
1794 1470 2054 1536 volebat
2099 1471 2319 1535 statim
2362 1470 2601 1535 ibidem
2635 1470 2973 1536 ostendere
3006 1478 3070 1535 et
3103 1471 3456 1557 publicare,
3489 1473 3542 1536 si
3577 1472 3817 1537 vellent
3848 1472 4094 1556 audire,
4128 1480 4193 1538 et
4225 1475 4389 1539 alias

741 1580 1088 1666 perficere,
1135 1578 1371 1664 exequi
1418 1585 1483 1643 et
1530 1578 1853 1663 complere
1900 1584 2211 1663 quantum
2260 1577 2343 1641 ad
2390 1599 2539 1642 eum
2585 1578 2951 1663 pertinebat
3000 1578 3217 1643 omnia
3263 1585 3328 1642 et
3372 1579 3629 1664 singula
3677 1580 3743 1643 in
3791 1580 3978 1645 dictis
4024 1581 4228 1645 literis
4276 1603 4391 1645 an-

745 1694 989 1769 notata,
1025 1686 1370 1751 dummodo
1417 1706 1534 1772 per
1580 1706 1691 1750 eos
1736 1685 2033 1771 primitus
2080 1686 2309 1749 fierent
2356 1684 2593 1768 omnia,
2626 1705 2750 1770 que
2799 1684 3014 1749 facere
3061 1692 3361 1749 tenentur
3416 1692 3482 1749 et
3527 1685 3765 1750 debent
3810 1687 4162 1751 secundum
4210 1696 4390 1752 teno-

745 1817 903 1877 rem,
950 1794 1184 1858 seriem
1230 1802 1295 1858 et
1342 1793 1632 1858 ordinem
1678 1793 2013 1856 literarum
2060 1792 2516 1878 predictarum.

920 1901 1170 1966 Eodem
1202 1922 1394 1982 ann0,
1428 1900 1530 1964 die
1564 1900 1821 1964 sabathi
1868 1900 2152 1964 secunda
2199 1898 2469 1985 predicti
2515 1899 2758 1963 mensis
2798 1899 3109 1984 januarij,
3144 1898 3434 1985 prefatus
3467 1900 3763 1964 dominus
3797 1902 4085 1967 notarius
4128 1903 4391 1967 nuntius

745 2011 1019 2075 accessit
1064 2009 1149 2073 ad
1195 2007 1436 2073 dictum
1482 2007 1799 2093 palatium
1847 2006 2241 2089 Communis,
2288 2007 2637 2092 requisitus
2692 2016 2757 2071 et
2806 2014 3071 2090 rogatus
3117 2029 3232 2093 per
3278 2007 3518 2072 dictum
3565 2007 3895 2072 dominum
3942 2008 4279 2074 Thadeum
4326 2018 4394 2076 et

744 2117 1088 2182 nonnullos
1135 2115 1327 2198 alios,
1377 2136 1537 2201 quos
1584 2114 1941 2180 Consilium
1989 2115 2354 2200 sapientum
2402 2114 2763 2197 vocabant,
2814 2115 2923 2200 qui
2986 2124 3172 2179 erant
3239 2136 3541 2198 numero,
3591 2122 3663 2178 ut
3706 2116 4071 2199 ferebatur,
4119 2120 4391 2183 trecenti

747 2233 810 2290 et
856 2225 1065 2307 ultra,
1112 2231 1178 2288 et
1225 2223 1464 2287 ibidem
1512 2222 1579 2286 in
1623 2222 1793 2286 dicto
1841 2221 2086 2308 palatio
2149 2221 2534 2286 constitutus
2596 2222 2932 2308 proposuit
2979 2228 3043 2285 et
3091 2221 3256 2285 dixit
3303 2223 3470 2286 inter
3516 2230 3759 2306 cetera,
3810 2245 3934 2309 que
3996 2233 4390 2310 sequuntur3

743 2332 1077 2397 videlicet:
1114 2330 1283 2416 quod
1331 2330 1468 2417 ipse
1516 2329 1811 2393 dominus
1859 2330 2148 2393 notarius
2194 2328 2457 2393 nuntius
2505 2336 2646 2393 erat
2691 2329 2924 2393 missus
2971 2329 3053 2392 ad
3100 2330 3449 2410 civitatem,
3498 2330 3869 2394 comitatum
3918 2339 3983 2396 et
4029 2330 4389 2396 districtum

742 2440 1170 2504 bononienses
1220 2459 1335 2524 pro
1382 2436 1799 2523 perficiendO,
1850 2435 2266 2521 exequendo,
2317 2434 2700 2521 complendo
2748 2442 2814 2500 et
2860 2437 3362 2501 consummando
3410 2437 3625 2500 omnia
3673 2445 3737 2500 et
3783 2437 4041 2521 singula
4086 2447 4391 2504 contenta

743 2548 808 2611 in
864 2546 1068 2610 literis
1134 2544 1524 2631 apostoliciS,
1574 2544 1763 2608 factis
1809 2550 1875 2607 et
1922 2543 2161 2607 habitis
2207 2564 2402 2628 super
2448 2542 2797 2627 legatione,
2847 2530 2972 2607 seu'
3009 2543 3420 2607 nunciatione
3468 2563 3587 2607 sua
3635 2544 3698 2607 in
3746 2545 3919 2609 facto
3967 2566 4079 2609 seu
4129 2547 4388 2631 negotio

741 2653 1303 2735 reconciliationis,
1352 2651 1712 2733 concordie,
1747 2671 1861 2715 seu
1908 2651 2087 2736 pacis
2136 2649 2357 2713 habite
2410 2650 2579 2713 inter
2624 2648 2916 2714 dominos
2961 2657 3214 2714 nostros
3260 2649 3553 2714 dominos
3601 2650 3935 2715 Summum
3981 2652 4390 2735 Pontificem,

743 2771 807 2827 et
854 2760 1233 2826 Cardinales
1280 2758 1603 2846 predictos
1649 2779 1733 2821 ex
1779 2766 1965 2844 parte
2013 2778 2166 2839 una,
2199 2764 2263 2821 et
2310 2756 2608 2821 dominos
2654 2756 2935 2821 Paulum
2983 2756 3062 2821 (le
3108 2757 3450 2842 LiazariJS,
3483 2758 3960 2822 Macanhanum
4009 2768 4074 2822 et
4119 2759 4387 2823 Petrum

741 2870 1239 2950 ambaxiatorcS,
1274 2875 1338 2931 et
1383 2865 1755 2931 Rolandum
1801 2865 1881 2929 de
1926 2864 2273 2947 Fantucijs
2319 2862 2636 2928 sindicum
2687 2873 2750 2927 et
2797 2872 3301 2950 procuratorem,
3337 2872 3401 2928 et
3433 2865 3875 2950 procuratorio
3910 2867 4165 2930 nomine
4201 2865 4392 2930 Com·

740 2979 986 3058 muniS,
1052 2973 1490 3039 universitatis
1553 2980 1619 3036 et
1680 2973 1905 3058 populi
1974 2971 2255 3035 civitatis
2324 2971 2611 3058 predicte
2682 2993 2765 3035 ex
2828 2972 3054 3035 altera.
3109 2971 3195 3035 Et
3257 2972 3427 3057 quod
3490 2971 3641 3035 licet
3706 2972 3827 3057 ipsi
3904 2972 4389 3037 ambaxiatores

741 3094 805 3151 et
851 3084 1169 3165 sindicus,
1217 3089 1283 3146 et
1328 3103 1443 3167 per
1490 3101 1892 3165 consequens
1941 3079 2111 3143 idem
2159 3078 2454 3142 dominus
2502 3078 2807 3143 Thadeus
2857 3086 2922 3142 ct
2967 3078 3320 3165 prudentes
3375 3079 3612 3142 scirent
3659 3086 3722 3142 et
3769 3080 3933 3143 scire
3981 3088 4279 3166 poterant
4327 3088 4393 3144 et

741 3193 1065 3257 debebant
1114 3190 1328 3255 omnia
1374 3196 1439 3252 ct
1484 3188 1744 3272 singula
1791 3194 2093 3251 contenta
2139 3187 2208 3249 in
2256 3186 2626 3272 apostolicis
2672 3186 2878 3250 literis
2923 3185 3293 3275 prelibatis,
3342 3185 3758 3250 nihilominus
3806 3194 4023 3251 tamen
4070 3194 4141 3251 ut
4188 3187 4390 3273 aliqui

740 3301 820 3364 de
869 3300 1041 3363 dicta
1087 3298 1347 3362 civitate
1395 3296 1474 3360 de
1523 3295 1841 3359 contentis
1891 3295 1956 3357 in
2002 3294 2191 3358 dictis
2239 3293 2443 3357 literis
2489 3314 2617 3357 non
2663 3293 2959 3358 valerent
3007 3294 3441 3379 ignorantiam
3486 3294 3889 3379 pretendere,
3931 3303 4200 3381 paratus
4247 3303 4389 3360 erat

740 3407 956 3472 statim
1006 3412 1392 3492 potestatem
1438 3412 1503 3467 et
1550 3402 2064 3467 commissionem
2112 3424 2318 3483 suam,
2368 3408 2431 3464 ct
2477 3401 2699 3465 literas
2746 3401 3157 3487 apostolicas,
3193 3410 3258 3465 et
3305 3401 3521 3465 omnia
3568 3409 3632 3465 et
3681 3402 3938 3487 singula
3983 3403 4049 3465 in
4098 3403 4191 3466 eis
4238 3424 4389 3465 con-

741 3523 939 3595 tenta,
990 3514 1242 3599 legere,
1291 3533 1407 3575 seu
1467 3511 1599 3596 legi
1660 3510 1909 3592 facere,
1958 3517 2024 3574 et
2078 3510 2446 3595 publicare,
2496 3515 2560 3572 et
2621 3509 2954 3591 negotium
3016 3509 3139 3573 sibi
3202 3530 3397 3594 super
3455 3509 3629 3572 dicta
3676 3509 4219 3591 reconciliatione,
4268 3531 4383 3573 seu

740 3621 1083 3688 concordia
1129 3619 1540 3684 commissum
1587 3616 1941 3681 secundum
2008 3618 2333 3699 ordinem,
2384 3624 2708 3699 tenorem,
2757 3624 2822 3680 et
2880 3615 3343 3680 continentiam
3402 3616 3734 3680 literarum
3799 3616 4270 3702 predictarum,
4320 3626 4386 3682 et

739 3736 931 3817 prout
979 3748 1019 3791 a
1064 3728 1234 3791 dicto
1283 3725 1541 3790 domino
1592 3729 1810 3788 nostro
1859 3724 2044 3809 Papa
2093 3725 2158 3787 in
2206 3724 2526 3787 mandatis
2575 3724 2861 3788 habebat
2906 3724 3213 3809 perficere
3271 3731 3336 3787 et
3392 3723 3738 3788 efficaciter
3784 3745 4250 3788 consummare.
4298 3723 4385 3789 Et

740 3848 893 3903 tunc
940 3835 1096 3901 ‹licti
1141 3833 1437 3899 dominus
1486 3832 1791 3898 Thadeus
1841 3840 1906 3896 et
1953 3832 2323 3919 prudentes,
2357 3840 2503 3919 post
2542 3832 2779 3897 multos
2812 3839 2876 3897 et
2909 3831 3123 3897 varios
3156 3852 3483 3896 sermones
3517 3830 3772 3896 habitos
3821 3831 3987 3896 inter
4035 3853 4146 3897 eos
4193 3854 4387 3919 super

738 3945 1076 4033 predictis,
1123 3940 1595 4028 responderunt
1641 3947 1705 4004 et
1753 3940 2057 4003 dixerunt
2101 3961 2407 4025 expresse
2457 3949 2522 4004 et
2569 3939 2960 4004 unanimiter
3006 3939 3183 4002 nullo
3231 3939 3487 4025 penitus
3549 3938 3993 4022 discordante,
4043 3940 4214 4025 quod
4262 3940 4384 4026 ipsi

740 4059 927 4116 erant
974 4048 1057 4113 ad
1104 4049 1368 4134 plenum
1414 4045 1754 4110 certificati
1798 4044 1877 4109 de
1926 4053 2148 4110 tenore
2194 4045 2629 4133 predictarum
2675 4045 3010 4110 literarum
3043 4053 3107 4110 et
3138 4044 3217 4108 de
3252 4031 3547 4109 omnibus
3580 4051 3645 4109 et
3677 4045 3949 4131 singulis
3982 4047 4286 4133 capitulis
4321 4047 4387 4110 in

740 4159 832 4223 eis
881 4156 1232 4237 contentis,
1282 4161 1347 4218 et
1393 4154 1563 4240 quod
1614 4175 1732 4218 nec
1781 4154 1903 4239 ipsi
1951 4173 2068 4217 nec
2114 4153 2392 4240 populus
2439 4153 2718 4217 civitatis
2765 4152 3050 4238 predicte
3099 4152 3405 4217 volebant
3452 4151 3658 4216 dictas
3718 4153 3941 4217 literas
3998 4154 4220 4218 audire
4269 4175 4385 4218 seu

744 4266 985 4347 videre,
1020 4285 1137 4328 nec
1186 4269 1487 4327 contenta
1536 4262 1600 4325 in
1648 4261 1741 4325 eis
1789 4260 2132 4347 complere,
2168 4260 2529 4348 approbare
2580 4281 2694 4324 seu
2734 4259 3077 4342 ratificare,
3109 4280 3228 4323 nec
3262 4260 3525 4345 aliquod
3556 4259 3636 4323 de
3670 4261 3985 4324 contentis
4020 4261 4085 4324 in
4117 4261 4383 4343 eisdem,

742 4374 863 4437 nisi
898 4372 1076 4458 prius
1110 4391 1331 4436 omnes
1380 4368 1666 4433 clausule
1714 4369 1779 4432 in
1827 4368 2014 4432 dictis
2060 4368 2265 4432 literis
2313 4374 2631 4450 contente,
2668 4368 2731 4431 in
2766 4366 3018 4452 quibua,
3052 4388 3136 4432 ex
3169 4388 3441 4452 quarum
3473 4372 3716 4451 tenore,
3751 4389 3819 4431 se
3853 4389 3929 4432 ac
3962 4368 4289 4432 civitatem
4322 4377 4388 4432 et

741 4481 1096 4546 Commune
1142 4477 1464 4565 predictos
1513 4483 1818 4560 gravatos
1867 4482 1933 4540 et
1977 4475 2147 4540 lesos
2194 4476 2542 4540 enormiter
2588 4474 2986 4557 asserebant,
3036 4481 3101 4539 et
3147 4495 3270 4560 que
3319 4476 3748 4560 reparatione,
3796 4474 4259 4557 moderatione,
4312 4497 4388 4541 ac

737 4587 1175 4653 declaratione
1224 4584 1466 4649 domini
1498 4583 1701 4648 nostri
1731 4582 1912 4669 Pape
1946 4582 2247 4668 egebant,
2280 4589 2353 4646 ut
2384 4581 2720 4665 dicebant3
2755 4581 2836 4646 de
2869 4582 3100 4667 quibus
3135 4581 3330 4645 ctiam
3363 4581 3442 4646 de
3474 4581 3763 4668 plenarie
3798 4583 4183 4648 certificatos
4219 4584 4387 4648 dice-

738 4696 897 4759 bant
944 4715 1060 4780 per
1104 4714 1304 4756 unum
1352 4711 1641 4755 mensem
1681 4691 1819 4775 jam
1866 4690 2180 4776 elapsum,
2229 4697 2444 4754 essent
2491 4711 2607 4775 per
2654 4689 2895 4754 dictum
2944 4688 3274 4754 dominum
3319 4710 3558 4775 papam
3603 4697 3926 4775 reparate,
3976 4690 4237 4773 refecte,
4272 4690 4383 4755 de-

740 4802 1017 4884 clarate,
1067 4807 1133 4864 et
1180 4799 1547 4880 moderate,
1597 4798 1747 4884 quia
1796 4798 1992 4880 alias,
2041 4803 2113 4861 ut
2160 4797 2281 4883 ipsi
2336 4797 2673 4879 dicebant,
2721 4797 2894 4861 dicta
2955 4796 3427 4876 reconciliatiO,
3475 4817 3643 4882 pax,
3693 4819 3808 4861 seu
3867 4797 4210 4862 concordia
4258 4798 4387 4862 dici

748 4915 1004 4996 poterat
1046 4908 1260 4995 potius
1305 4906 1707 4992 desperati03
1741 4904 2155 4990 adjungendo
2202 4911 2269 4969 et
2313 4904 2584 4969 dicendo
2630 4925 2957 4991 expresse,
2993 4903 3163 4990 quod
3209 4904 3332 4967 nisi
3365 4904 3532 4968 dicte
3579 4904 3867 4968 clausule
3901 4913 4384 4991 repararentur,

748 5024 813 5081 et
858 5014 1399 5095 modificarentur,
1447 5021 1513 5077 et
1559 5011 2045 5077 declararentur
2090 5012 2443 5076 secundum
2489 5012 2775 5097 capitula
2821 5033 2938 5097 per
2983 5032 3127 5094 eos,
3175 5016 3248 5074 ut
3301 5010 3637 5093 dicebant,
3687 5032 3833 5074 cum
3893 5011 4065 5076 dicto
4127 5011 4386 5077 domino

750 5130 969 5188 nostro
1016 5142 1264 5186 summo
1310 5119 1624 5184 Pontifice
1673 5118 2081 5200 concordata,
2131 5119 2437 5184 volebant
2481 5119 2696 5205 potius
2740 5118 2809 5181 in
2857 5117 3296 5183 misericordia
3342 5116 3488 5198 Dei,
3522 5125 3588 5181 et
3634 5139 3856 5182 eorum
3901 5125 4077 5182 statu
4124 5141 4386 5184 manere

750 5239 813 5294 et
852 5239 1054 5313 stare,
1102 5249 1297 5315 quam
1344 5227 1690 5313 suscipere,
1740 5248 1854 5290 seu
1901 5234 2284 5312 supportare
2326 5228 2579 5312 jugum,
2628 5225 2802 5312 quod
2849 5247 2977 5290 non
3023 5233 3288 5312 possent
3331 5225 3739 5311 postmodum
3786 5225 4095 5308 tolerare,
4142 5248 4260 5312 pro
4308 5248 4384 5290 eo

749 5337 1107 5425 presertim,
1155 5334 1348 5422 quod,
1396 5340 1467 5398 ut
1512 5333 1833 5415 dicebant,
1883 5333 2160 5417 quedam
2207 5332 2494 5397 clausule
2540 5339 2726 5397 erant
2773 5354 2891 5419 per
2937 5332 3178 5397 dictum
3224 5332 3553 5397 dominum
3602 5332 3990 5415 Ostiensem,
4024 5339 4090 5397 et
4134 5333 4386 5419 aliquos

751 5445 914 5509 alios
961 5444 1253 5508 dominos
1302 5441 1680 5507 Cardinales
1728 5440 1944 5504 addite
1990 5447 2056 5504 et
2100 5440 2306 5526 posite
2353 5440 2421 5504 in
2464 5440 2668 5505 literis
2716 5440 3074 5527 prelibatis,
3123 5447 3464 5527 postquam
3512 5440 3772 5503 fuerant
3816 5440 4104 5525 capitula
4160 5463 4388 5527 supra·

750 5554 922 5617 dicta
969 5550 1357 5616 concordata
1405 5571 1548 5613 cum
1596 5548 1855 5613 domino
1902 5555 2121 5612 nostro
2167 5547 2353 5634 Papa
2391 5554 2456 5612 et
2502 5547 3058 5613 ambaxiatoribus
3105 5556 3170 5612 et
3201 5547 3446 5612 sindico
3480 5547 3885 5633 supradictis.
3923 5546 4140 5621 Quare
4173 5549 4387 5633 requi-

750 5661 981 5725 rebant
1028 5665 1093 5723 et
1138 5656 1460 5742 rogabant
1505 5655 1834 5720 dominum
1881 5656 2203 5719 notarium
2250 5655 2565 5737 nuntium,
2615 5655 2786 5741 quod
2850 5655 2991 5742 ipsa
3039 5654 3250 5719 redire
3297 5654 3563 5719 deberet
3609 5654 3694 5718 ad
3742 5653 4003 5718 Curiam
4052 5676 4387 5719 romanam

752 5767 836 5832 ad
884 5766 1213 5831 dominum
1260 5770 1550 5828 nostrum
1595 5762 1867 5849 Papam,
1902 5770 1968 5827 et
2011 5762 2376 5849 supplicare
2421 5770 2485 5826 et
2530 5763 2773 5827 instare
2821 5761 2994 5848 apud
3040 5783 3188 5826 eum
3236 5783 3353 5848 pro
3393 5761 3853 5844 moderatione,
3889 5761 4386 5845 modificatione,

750 5897 825 5939 ac
872 5872 1308 5939 declaratione
1354 5870 1792 5936 clausularum
1839 5870 2307 5956 predictarum3
2340 5877 2406 5934 et
2451 5870 2622 5956 quod
2669 5870 3088 5935 nihilominus
3133 5869 3557 5951 mirabantur,
3593 5891 3791 5955 quare
3825 5869 3888 5933 in
3922 5869 4094 5934 dicta
4125 5870 4388 5934 civitate

750 5989 1005 6047 tantum
1052 5979 1428 6044 morabatur
1459 5985 1524 6042 et
1570 5999 1698 6042 non
1746 5978 1999 6042 redibat
2044 5977 2126 6041 ad
2174 5999 2508 6042 romanam
2556 5977 2819 6043 Curiam
2867 5978 3245 6064 predictam,
3280 5977 3451 6042 dicto
3492 5976 3751 6041 domino
3784 5978 4034 6041 notario
4067 5985 4130 6041 et
4164 5978 4389 6042 nuntio

750 6110 1007 6175 semper
1054 6095 1120 6152 et
1166 6087 1466 6152 continue
1509 6093 1573 6150 et
1621 6107 1767 6150 cum
1812 6085 2121 6149 instantia
2167 6086 2567 6172 requirente,
2618 6085 2790 6171 quod
2836 6085 3042 6150 dictas
3091 6085 3312 6149 literas
3357 6084 3746 6170 apostolicas
3795 6083 4018 6148 audire
4075 6091 4140 6148 et
4199 6084 4388 6148 intel·

751 6198 954 6282 ligere
1001 6195 1263 6277 vellent,
1313 6200 1377 6258 et
1423 6199 1727 6258 contenta
1772 6193 1839 6256 in
1887 6193 1981 6256 eis
2025 6193 2421 6257 ratificarent
2466 6199 2532 6257 et
2578 6193 3035 6279 approbarent,
3091 6200 3157 6257 et
3201 6192 3608 6277 integraliter
3654 6191 3943 6255 facerent
3996 6199 4061 6254 et
4107 6191 4387 6277 comple-

752 6310 915 6387 rent,
956 6323 1080 6389 que
1129 6300 1352 6366 audire
1401 6307 1466 6365 et
1511 6300 1725 6365 facere
1773 6322 1840 6364 se
1888 6301 2060 6365 nolle
2106 6300 2409 6365 dixerunt
2455 6321 2783 6386 expresse,
2831 6306 2902 6363 ut
2949 6321 3145 6386 supra
3192 6298 3446 6382 dicitur,
3494 6298 3809 6384 siquidem
3856 6296 4159 6363 dominus
4204 6305 4387 6362 nota-

752 6412 886 6476 rius
934 6415 1001 6474 et
1047 6409 1309 6473 nuntius
1356 6408 1522 6472 dixit
1567 6415 1720 6473 tunc
1767 6414 1831 6472 et
1879 6408 2041 6473 alias
2089 6407 2492 6493 frequenter,
2543 6406 2715 6493 quod
2758 6428 2877 6493 per
2922 6428 3070 6471 eum
3116 6427 3245 6470 non
3292 6405 3543 6488 stabat,
3592 6426 3709 6469 nec
3763 6411 3998 6487 staret,
4048 6404 4388 6490 quominus

751 6517 1045 6606 predicta
1090 6516 1566 6600 complerentur
1612 6521 1679 6579 et
1723 6515 1972 6610 fierent,
2020 6520 2085 6579 et
2132 6515 2211 6579 de
2257 6514 2334 6579 iis
2381 6514 2505 6579 fuit
2550 6521 2702 6579 tunc
2751 6520 2817 6578 et
2861 6513 3025 6577 alias
3071 6533 3378 6599 expresse
3426 6521 3490 6577 et
3535 6511 3790 6599 publice
3837 6517 4252 6598 protestatus.

913 6655 1051 6695 mou.
1091 6655 1154 6693 11.
4161 6639 4226 6688 14
