5542 7775
1222 637 1319 708 88
2790 658 3270 709 MONUMENTA

2945 1027 3120 1092 LIV.

2656 1244 2850 1324 1306,
2899 1266 3098 1308 mense
3142 1245 3409 1329 anqusti.

1554 1457 1659 1521 Ex
1708 1456 2060 1522 Tabulario
2108 1457 2287 1522 Max.
2337 1457 2524 1541 bon.,
2574 1457 2638 1522 in
2686 1457 2992 1543 Registro
3043 1456 3121 1521 G.
3175 1458 3729 1541 Reformationum‚
3777 1480 3831 1522 c.
3887 1462 4009 1522 119
4060 1480 4110 1522 r.
4160 1463 4224 1521 et
4277 1459 4401 1521 122
4455 1479 4515 1522 V.

1386 1674 1579 1739 Anno
1627 1673 1891 1738 Domini
1938 1673 2277 1739 millesimo
2324 1674 2773 1738 trecentesimo
2822 1681 3006 1738 sexto
3056 1673 3400 1738 indictione
3449 1689 3679 1759 quarta
3725 1673 3804 1738 de
3868 1674 4193 1738 mensibus
4263 1672 4422 1753 iulii,
4472 1672 4732 1757 augusti
4778 1679 4842 1736 et

1208 1781 1661 1868 septembri[s].
1696 1789 1802 1859 ρξ’
1822 1782 2233 1845 Provisiones
2281 1781 2451 1845 facte
2498 1803 2613 1867 per
2659 1781 2952 1846 dominos
3000 1782 3432 1846 Bonvilanum
3480 1782 3560 1846 do
3610 1780 4004 1865 Thederisijs
4052 1788 4116 1844 et
4164 1781 4381 1862 sot'OS,
4416 1779 4648 1865 quibus
4690 1800 4838 1844 con·

1208 1912 1458 1954 cessum
1505 1890 1627 1954 fuit
1674 1889 2011 1954 arbitrium
2057 1890 2360 1976 generale
2408 1912 2524 1976 per
2572 1890 2928 1954 Consilium
2975 1898 3040 1954 et
3087 1911 3366 1953 massam
3426 1889 3650 1976 populi
3711 1889 4023 1970 Bononie,
4063 1887 4305 1952 cedulis
4353 1887 4681 1973 premissis
4729 1908 4842 1972 per

1210 1998 1554 2063 Sotietates
1600 1998 1823 2084 populi
1869 1998 2183 2080 Bononie,
2233 2005 2304 2062 ut
2352 2005 2603 2062 constat
2649 2020 2733 2062 ex
2781 1998 3238 2063 reformatione
3298 1999 3537 2084 scripta
3598 2019 3794 2061 manu
3855 1996 4238 2081 Bonacursij
4295 1996 4373 2059 de
4436 1994 4841 2061 Rombolinis

1207 2105 1440 2171 notarii
1487 2106 1928 2170 Ancianorum
1974 2113 2038 2170 et
2086 2105 2438 2170 Consulum
2487 2105 2705 2192 populi
2750 2104 3096 2189 Bo[nonie]
3146 2105 3381 2169 mensis
3429 2105 3585 2169 iunii
3631 2106 3924 2191 proxime
3972 2104 4197 2190 clapsi,
4245 2104 4479 2190 scripte
4537 2125 4652 2189 per
4699 2101 4837 2165 Ma-

1202 2215 1424 2277 theum
1469 2214 1687 2277 fratris
1733 2213 2052 2279 Johannis
2100 2212 2179 2277 de
2225 2212 2495 2278 Devotis
2546 2214 2869 2277 notarium
2915 2213 3232 2278 dictorum
3280 2213 3705 2277 dominorum.

1209 2364 4835 2386 0000000000000000000000000000000000000000000000000000000

1382 2536 1569 2618 Item,
1616 2535 2096 2601 considerantes
2141 2542 2379 2620 quante
2430 2535 2723 2599 utilitatis
2770 2541 2833 2598 et
2883 2535 3143 2599 honoris
3190 2542 3338 2599 sunt
3386 2543 3450 2599 et
3500 2535 3760 2599 fuerunt
3805 2541 4118 2621 perpetuo
4166 2541 4230 2597 et
4275 2541 4464 2597 erunt
4511 2533 4834 2617 deinceps,

1200 2643 1481 2707 Domino
1529 2642 1940 2725 concedente,
1973 2643 2254 2707 scolares
2296 2648 2360 2706 ct
2409 2641 2707 2706 Studium
2753 2643 3098 2706 scolarium
3132 2642 3470 2707 Communi
3516 2649 3578 2706 ct
3609 2643 3848 2729 populo
3880 2641 4402 2717 bononiensibus,
4436 2647 4500 2704 et
4542 2640 4831 2704 nolentes

1199 2757 1463 2837 propter
1508 2750 1824 2814 modicam
1871 2750 2151 2835 gratiam
2196 2750 2279 2814 ab
2327 2750 2420 2814 eis
2467 2771 2583 2836 per
2629 2749 2939 2814 Rectores
2988 2749 3444 2814 Universitatis
3490 2751 3833 2815 scolarium
3880 2750 4292 2836 postulatam,
4325 2747 4835 2833 indignationem

1200 2857 1487 2942 aliquam
1532 2858 1705 2944 ipsos
1752 2857 2033 2922 scolares
2081 2878 2406 2921 assumere
2456 2878 2643 2943 posse
2691 2857 3162 2921 rationabiliter
3193 2865 3418 2922 contra
3465 2857 3703 2921 dictum
3744 2858 4052 2944 populum
4099 2864 4162 2921 et
4210 2878 4500 2937 comune,
4537 2862 4636 2918 set
4676 2853 4835 2940 peti-

1198 2964 1356 3028 tioni
1398 2965 1683 3051 ipsorum
1716 2965 2121 3028 dominorum
2152 2963 2502 3028 Rectorum
2536 2965 2964 3028 reverentiam
2999 2972 3061 3028 et
3096 2964 3426 3047 honorem,
3462 2966 3571 3051 qui
3603 2972 3696 3029 tot
3731 2987 3952 3029 eorum
3986 2986 4194 3050 posse,
4227 2972 4738 3049 procuraverunt
4770 2968 4833 3025 et

1198 3078 1549 3159 procurant
1593 3071 1870 3136 retinere
1920 3071 2213 3136 Studium
2263 3079 2326 3135 et
2372 3070 2652 3136 scolares
2700 3072 2766 3135 in
2815 3072 3072 3136 civitate
3120 3071 3434 3155 Bononio,
3483 3073 3663 3136 ouius
3711 3073 4036 3158 petitionis
4083 3080 4268 3136 tenor
4315 3071 4463 3134 talis
4509 3080 4646 3135 cst:

1384 3206 1415 3239 ι
1469 3181 1692 3245 Coram
1743 3179 1896 3244 robis
1940 3181 2207 3244 dominis
2256 3177 2418 3260 Octa,
2467 3179 2687 3263 quibus
2729 3180 3014 3263 qenerale
3057 3179 3389 3244 arbitrium
3422 3189 3504 3245 est
3547 3201 3886 3245 concessum
3921 3202 4040 3264 per
4079 3182 4378 3263 populum
4407 3177 4830 3242 bononiensem

1201 3290 1267 3353 in
1312 3291 1559 3375 siqnum
1604 3289 1958 3372 dilectionis,
1991 3311 2106 3375 que
2136 3290 2254 3353 huc
2282 3310 2473 3374 usque
2499 3290 2625 3372 fuit
2656 3311 2890 3373 semper
2918 3287 3104 3373 [per]
3122 3290 3428 3373 populum
3474 3297 3528 3353 et
3572 3288 3902 3353 Commune
3947 3288 4224 3353 Bonouie
4268 3290 4430 3351 circa
4474 3288 4734 3351 scolares
4779 3294 4833 3350 et

1193 3396 1467 3461 studium
1511 3397 1840 3461 scolarium
1884 3399 2142 3461 civitatis
2186 3396 2483 3477 Bononia,
2516 3405 2569 3461 et
2613 3398 2698 3461 ad
2728 3397 2836 3461 lioc
2869 3405 2936 3460 ut
2969 3399 3098 3481 ipsa
3131 3398 3365 3461 delectio
3396 3397 3630 3461 durare
3657 3396 4077 3477 hostendatur,
4110 3402 4163 3459 et
4193 3416 4316 3459 non
4348 3417 4469 3460 esse
4499 3397 4822 3459 extinctam

1193 3506 1356 3567 circa
1416 3502 1877 3568 Universitatem
1919 3505 2249 3568 scolarium
2294 3505 2741 3588 supradictam,
2789 3506 3094 3589 suplicant
3138 3504 3455 3568 liunuliter
3499 3512 3554 3569 et
3591 3504 3792 3568 devote
3835 3505 4121 3567 dominus
4175 3502 4457 3567 Thornax
4509 3501 4826 3566 Torrellus

1196 3611 1272 3675 de
1315 3609 1577 3696 Neapoli
1621 3618 1675 3674 et
1720 3611 2006 3675 dominus
2040 3610 2300 3676 Pontius
2344 3611 2855 3676 archidiachonus
2898 3611 3243 3675 albanensis
3277 3613 3686 3696 provintialis,
3733 3612 3876 3675 olim
3925 3618 4181 3675 rectores
4242 3609 4661 3674 Universitatis
4705 3630 4830 3673 sco·

1196 3718 1429 3782 larium
1474 3720 1730 3782 civitatis
1774 3717 2051 3783 Bononie
2085 3740 2207 3803 pro
2252 3740 2312 3783 se
2360 3720 2504 3803 ipsis
2557 3726 2610 3783 et
2654 3727 2776 3783 tota
2838 3717 3236 3783 Unirersitate
3281 3727 3334 3783 et
3379 3721 3698 3801 unirer-sis,
3741 3720 3850 3804 qui
3892 3718 4218 3783 studerunt
4263 3718 4382 3782 huc
4428 3738 4618 3802 usque
4665 3726 4718 3781 et
4758 3717 4833 3782 de

1192 3833 1383 3891 cetero
1425 3826 1670 3892 studere
1715 3827 2041 3892 intendunt
2084 3829 2151 3891 in
2198 3829 2358 3892 iuris
2401 3828 2593 3891 civilis
2636 3829 2914 3910 sciencia,
2963 3829 3110 3913 quia
3156 3849 3361 3892 omnes
3405 3827 3509 3893 liec
3549 3830 3776 3913 qratia,
3802 3830 3997 3912 tanqit
4044 3834 4097 3892 et
4142 3827 4227 3892 ad
4271 3827 4398 3908 hoc,
4439 3834 4508 3891 ut
4551 3825 4832 3890 omnibus

1191 3935 1535 4018 exemplum
1578 3935 1867 4000 studendi
1911 3943 1965 4000 et
2000 3935 2367 4019 proficiendi
2412 3937 2476 3999 in
2508 3936 2663 4018 jure
2708 3937 2889 4019 civili,
2922 3956 3026 4000 seu
3077 3938 3334 4001 materia
3379 3937 3454 4001 de
3497 3944 3686 4000 cetero
3720 3935 4075 4020 prebeatur,
4108 3943 4160 4000 et
4200 3935 4304 4000 laec
4335 3937 4542 3999 civitas
4572 3935 4646 3998 de
4675 3934 4825 3998 bono

1192 4043 1257 4104 in
1304 4043 1522 4106 melius
1569 4062 1733 4107 more
1775 4043 1946 4106 solito
1989 4050 2315 4127 auqmtnr,
2348 4050 2402 4107 et
2448 4042 2523 4107 de
2566 4042 2674 4107 hoc
2708 4065 2831 4128 per
2875 4045 3230 4108 universum
3279 4044 3582 4108 mundum
3623 4045 3800 4127 fama
3847 4043 4141 4125 discurat,
4174 4051 4476 4128 quatenus
4509 4041 4664 4106 tobis
4691 4044 4829 4126 pla-

1189 4156 1317 4213 ceat
1362 4149 1723 4234 procidere,
1771 4149 1936 4234 quod
1980 4148 2447 4214 Bartholomeus
2504 4149 2838 4214 Castellani
2855 4201 2870 4234 ,
2918 4150 3237 4215 Johannes
3297 4159 3351 4215 et
3404 4152 3639 4234 fratres
3698 4152 4006 4236 quondam
4051 4151 4381 4214 Accursini
4431 4150 4820 4214 desendentes

1192 4256 1533 4321 venerande
1577 4258 1862 4320 memorie
1906 4256 2141 4320 domini
2185 4258 2474 4340 Accursij
2516 4264 2570 4322 et
2614 4257 2849 4321 domini
2892 4256 3211 4322 Francisci
3255 4258 3331 4322 de
3367 4259 3700 4342 Accursijs,
3721 4266 3980 4342 patrum
4013 4265 4067 4322 et
4107 4257 4501 4321 dominorum
4544 4259 4822 4321 omnium

1185 4364 1516 4427 scolarium
1563 4371 1616 4428 et
1659 4363 2035 4428 studentium
2082 4366 2150 4427 in
2178 4364 2334 4446 jure
2377 4365 2541 4428 civili
2572 4385 2693 4450 per
2735 4367 3092 4429 universum
3153 4366 3495 4449 mundum,
3544 4368 3653 4451 qui
3695 4373 3938 4430 tantum
3984 4386 4232 4430 onorem
4273 4366 4555 4448 foeerunt
4600 4365 4828 4428 civitati

1187 4468 1494 4554 Bononie‚
1534 4471 1828 4556 qlosando
1872 4473 1939 4534 in
1986 4473 2221 4535 civitate
2264 4471 2543 4536 Bononie
2579 4479 2633 4536 et
2676 4472 3091 4536 illuminando
3132 4473 3247 4556 jus
3291 4475 3461 4538 civile
3505 4481 3560 4539 et
3603 4475 3860 4538 scolares
3904 4473 3979 4538 de
4022 4480 4139 4537 toto
4185 4473 4423 4537 mundo
4470 4495 4544 4537 ea:
4586 4473 4695 4537 lioc
4739 4472 4825 4536 ad

1186 4579 1483 4643 civitatem
1530 4578 1802 4642 Bononie
1846 4579 2241 4663 convocanda,
2289 4582 2376 4643 ita
2423 4580 2586 4665 quod
2631 4583 2762 4665 ipsa
2806 4582 3016 4644 civitas
3057 4580 3418 4664 honoratur,
3462 4589 3517 4646 et
3560 4582 3921 4667 diculqatur
3966 4581 4096 4663 ejus
4135 4581 4314 4663 fama
4349 4602 4469 4665 per
4513 4580 4821 4644 'nundum

1188 4688 1582 4769 universum,
1626 4707 1747 4749 non
1809 4694 2188 4771 ayraventur
2246 4689 2311 4750 in
2372 4688 2601 4752 coiectis
2660 4695 2715 4752 et
2772 4689 2915 4752 aliis
2974 4687 3257 4753 oneribus
3313 4689 3646 4754 subeundis
3695 4710 3816 4774 pro
3863 4696 4048 4774 parte
4105 4686 4697 4770 Lambertatiorum,
4742 4696 4826 4752 set

1182 4794 1417 4857 solvant
1460 4795 1667 4858 colecte
1713 4802 1767 4859 et
1810 4796 1939 4859 alia
1983 4815 2173 4859 onera
2217 4793 2471 4859 subeant
2514 4803 2584 4859 ut
2628 4795 2750 4876 alij
2790 4798 2943 4859 cives
2975 4798 3182 4880 partis
3227 4795 3491 4860 Ecclesie
3530 4803 3585 4860 et
3616 4796 4094 4862 Jeremiensium
4138 4799 4394 4860 civitatis
4438 4795 4734 4878 Bononie‚
4769 4804 4822 4860 et

1193 4902 1356 4986 quod
1399 4903 1652 4965 nomina
1695 4909 1750 4966 et
1793 4905 2151 4986 coquomina
2194 4902 2510 4986 cujuslibet
2544 4903 2964 4988 predictorum
3023 4903 3513 4968 descendentium
3565 4925 3687 4968 non
3725 4911 4048 4989 ponantur
4092 4906 4154 4967 in
4203 4905 4409 4989 aliquo
4454 4902 4609 4967 libro
4651 4904 4816 4986 facto

1193 5010 1279 5073 rel
1317 5008 1521 5093 fiendo
1565 5009 1641 5073 de
1685 5010 1809 5073 illis
1838 5010 1913 5073 de
1931 5017 2116 5093 parte
2148 5009 2728 5092 Lambertatiorum,
2764 5012 2854 5075 vel
2881 5011 3151 5074 aliorum
3196 5011 3698 5096 ayravandorum
3743 4997 4044 5076 occasione
4088 5011 4241 5075 dicte
4283 5014 4480 5096 partis
4533 5010 4822 5076 Lamber-

1187 5119 1481 5182 tatiorum
1515 5139 1637 5202 per
1686 5116 2020 5183 Commune
2064 5116 2371 5203 Bononie,·
2403 5127 2456 5184 et
2486 5122 2540 5183 si
2583 5122 2811 5204 scripta
2857 5121 3297 5204 reperirentur,
3330 5120 3632 5184 tollantur
3667 5127 3720 5185 et
3765 5120 4155 5184 abraduntur
4189 5142 4309 5205 per
4352 5120 4669 5206 quemlibet
4717 5140 4823 5183 no-

1187 5227 1423 5289 tarium
1466 5226 1825 5310 deputatum
1870 5225 1956 5288 ad
1996 5224 2383 5291 scribendum
2428 5226 2612 5291 libros
2646 5228 2954 5311 predictos
2996 5229 3127 5291 sine
3161 5249 3366 5311 pena,
3409 5235 3464 5291 et
3524 5228 3688 5312 quod
3737 5249 3857 5311 pro
3911 5248 4034 5291 non
4088 5229 4333 5311 scriptis
4377 5228 4823 5312 intelliqantur,

1188 5340 1242 5397 et
1286 5341 1357 5397 ut
1406 5334 1528 5397 reri
1565 5332 1972 5397 Jeremienses
2014 5340 2356 5398 tractentur
2399 5342 2453 5398 et
2496 5333 2861 5398 habeantur.
2891 5355 3030 5397 cum
3069 5335 3332 5418 predicti
3373 5335 3792 5399 descendentes
3833 5355 4070 5419 semper
4107 5336 4352 5418 fuerint
4396 5336 4482 5397 ad
4525 5335 4820 5398 mandata

1192 5438 1547 5504 Communis
1591 5439 1870 5504 Bononie
1916 5448 1971 5504 et
2014 5441 2302 5504 solverint
2345 5441 2634 5523 collectas,
2666 5448 2721 5505 et
2748 5442 2908 5505 alias
2926 5440 3209 5526 publicas
3239 5442 3535 5525 factiones
3567 5451 3621 5507 et
3652 5442 4032 5506 cavalclzatas
4055 5443 4314 5525 fecerint
4345 5449 4398 5507 et
4429 5444 4723 5506 exercitus
4752 5449 4822 5506 ut

1183 5548 1302 5630 alij
1342 5548 1494 5611 cives
1537 5549 1794 5611 ciritatis
1839 5545 2134 5630 Bononie,
2182 5556 2236 5612 et
2268 5555 2514 5633 partem
2562 5547 2826 5614 Ecclesie
2872 5557 2927 5614 et
2963 5547 3438 5614 Jeremiensium
3468 5551 3828 5634 juraverint
3872 5551 4128 5613 civitatis
4173 5548 4470 5632 Bononie‚
4504 5556 4558 5613 et
4589 5556 4658 5613 ut
4688 5557 4818 5614 tra-
4913 5573 4920 5578 ·

1182 5662 1423 5719 ctentur
1466 5661 1535 5718 ut
1565 5652 1992 5738 Jeremienses,
2023 5675 2164 5718 cum
2210 5654 2503 5719 mandata
2539 5655 2897 5720 Communis
2928 5656 3205 5720 Bononie
3246 5677 3485 5741 semper
3522 5657 3782 5740 fecerint
3813 5665 3866 5721 et
3913 5657 4235 5721 intendant
4275 5656 4482 5738 facere
4529 5659 4592 5720 in
4636 5657 4818 5739 futu-

1187 5783 1327 5824 rum
1344 5785 1367 5844 ;
1397 5768 1452 5826 et
1495 5759 1602 5824 hoc
1646 5782 1771 5825 non
1814 5760 2185 5826 obstantibus
2213 5762 2523 5848 aliquibus
2552 5766 2793 5827 statutis
2824 5771 2927 5828 etc.
2951 5814 2967 5844 ‚
3001 5767 3383 5829 unanimiter
3423 5772 3478 5829 et
3520 5765 3893 5828 concorditer
3922 5764 4388 5846 ordinaverunt,
4411 5764 4819 5848 providerunt

1184 5876 1237 5933 et
1281 5869 1748 5953 dimaosuerunt,
1796 5869 1960 5954 quod
2006 5867 2471 5933 Bartliolomeus
2527 5869 2836 5934 Castelani
2853 5921 2869 5952 ,
2919 5869 3194 5936 Joannes
3253 5879 3308 5936 et
3363 5872 3598 5954 fratres
3659 5872 3968 5956 quondam
4014 5873 4345 5936 Accursini
4405 5871 4822 5936 descendentes

1184 5976 1524 6040 venerande
1571 5979 1853 6041 memorie
1897 5977 2134 6040 domiui
2162 5978 2415 6041 Acursii
2446 5985 2497 6041 et
2528 5978 2763 6041 domini
2808 5976 3128 6042 Francisci
3163 5980 3238 6042 de
3285 5980 3567 6062 Acursijs
3613 6000 3735 6042 non
3777 5987 4119 6063 qraventur
4166 5982 4232 6043 in
4280 5980 4533 6044 collectis
4579 5987 4632 6043 et
4678 5980 4821 6062 alijs

1181 6083 1467 6149 oneribus
1508 6083 1843 6150 subeundis
1876 6105 1999 6169 pro
2036 6092 2219 6169 parte
2267 6082 2848 6168 Lambertatiorum,
2880 6093 2965 6150 set
3003 6087 3236 6150 solz-ant
3281 6088 3552 6151 collectas
3596 6093 3650 6150 et
3694 6087 3821 6150 alia
3867 6108 4056 6150 onera
4101 6085 4355 6150 subeant
4399 6094 4468 6151 ut
4513 6088 4631 6170 alii
4669 6090 4820 6152 eires

1173 6194 1375 6278 partis
1403 6191 1668 6256 Ecclesie
1715 6200 1768 6256 et
1800 6191 2277 6257 Jeremiensium
2308 6193 2564 6256 cii-itatis
2607 6191 2907 6274 Bononie,
2941 6201 2994 6258 et
3042 6194 3204 6278 quod
3248 6195 3500 6258 nomina
3547 6201 3598 6258 et
3645 6196 3999 6278 cognomina
4044 6193 4362 6276 cujuslibet
4397 6194 4819 6278 predictorum

1177 6299 1671 6363 descendentium
1718 6319 1839 6362 non
1873 6305 2202 6382 ponantur
2248 6300 2313 6361 in
2358 6299 2567 6383 aliquo
2628 6298 2783 6364 libro
2838 6300 3004 6383 facto
3063 6301 3152 6364 rel
3205 6300 3410 6384 fiendo
3455 6301 3529 6365 de
3575 6302 3699 6365 illis
3744 6301 3818 6364 de
3860 6308 4037 6384 parte
4081 6300 4678 6384 Lambertatiorum‚
4729 6303 4818 6366 vel

1176 6407 1445 6470 aliorum
1505 6405 2046 6490 aqqrarandorum
2101 6408 2403 6470 occasione
2446 6406 2601 6471 dicte
2634 6409 2842 6491 partis
2889 6407 3448 6473 Lambertatiorum
3489 6430 3610 6493 per
3661 6406 3993 6472 Commune
4040 6408 4348 6492 Bononie,·
4396 6417 4451 6473 et
4493 6411 4548 6473 si
4591 6412 4818 6493 scripta

1173 6516 1617 6598 reperirentur,
1650 6513 1971 6596 tollantur,
2004 6514 2417 6578 cancellentur
2446 6521 2503 6579 et
2546 6513 2942 6579 abraduntur
2975 6537 3098 6600 per
3143 6516 3459 6601 quemlibet
3509 6519 3820 6580 notarium
3867 6517 4225 6601 deputatum
4266 6518 4352 6581 rel
4396 6517 4817 6602 deputandum
