5542 7775
2094 659 2477 710 APPENDIX
2531 659 2827 709 ALTERA
4138 637 4288 708 283

761 814 1117 900 Gregorius
1172 815 1511 880 Bonifacio
1574 816 1781 902 primo
1844 816 2201 881 defensori:
2273 822 2403 899 post

627 945 865 1008 paaecca:
891 923 1061 998 Quia
1092 923 1291 1009 igitur
1339 922 1751 988 defensorum
1783 923 2061 988 officium
2095 924 2158 987 in
2191 921 2402 987 causis

632 1031 922 1095 Ecclesie
970 1037 1035 1094 et
1076 1030 1400 1116 obsequiis
1462 1031 1747 1095 noscitur
1801 1031 2099 1096 laborare
2147 1029 2401 1116 pontifi-

634 1160 799 1222 cum,
833 1139 955 1203 hac
1004 1160 1114 1203 eos
1156 1160 1461 1203 concessa
1492 1139 1940 1226 perspeximus
1974 1159 2400 1224 reconpensa-

633 1247 826 1311 tionis
873 1247 1289 1333 prerogativa
1336 1245 1642 1332 gaudere,
1678 1248 2138 1311 constituentes
2180 1254 2251 1310 ut
2283 1245 2401 1309 sci-

633 1355 783 1419 licet
829 1355 894 1418 iu
938 1354 1174 1419 Schola
1208 1354 1604 1418 notariorum
1635 1362 1828 1439 atque
1863 1353 2403 1418 subdiaconorum

634 1484 750 1550 per
799 1462 1114 1527 indultam
1161 1462 1353 1547 longe
1397 1470 1568 1526 retro
1601 1462 1988 1526 Pontificum
2031 1461 2403 1546 largitatem

633 1570 762 1634 sint
809 1569 1162 1655 regionarii
1208 1570 1559 1651 constituti,
1610 1576 1731 1633 etc.

763 1677 912 1763 Cap.
964 1679 1236 1762 sequenti
1286 1675 1357 1740 C.
1384 1699 1405 1739 .·

762 1785 842 1859 Q.
870 1805 1041 1870 papa
1076 1784 1427 1868 Gregorius
1452 1783 1747 1847 Romano
1781 1782 2104 1847 defensori
2136 1780 2405 1845 adauxit

640 1892 974 1956 honorem.

761 1998 1115 2083 Gregorius
1148 1998 1344 2062 Petro
1377 1996 1771 2061 subdiacono
1806 1996 2024 2061 Sicilie
2056 1996 2135 2060 de
2169 1995 2403 2059 divinis

636 2109 880 2173 causis:
927 2110 1090 2171 inter
1134 2115 1405 2171 caetera:
1450 2106 1818 2170 Romanum
1887 2105 2290 2169 defensorem
2338 2103 2403 2166 in

634 2217 848 2301 gratia
887 2214 1345 2279 familiaritatis
1379 2215 1613 2300 recepi.
1651 2213 1885 2279 Coram
1919 2213 2088 2277 clero
2121 2210 2401 2298 polypti-

636 2346 783 2388 cum
830 2322 1072 2386 deduxi
1118 2321 1548 2408 presbiterum
1596 2329 1661 2385 et
1707 2321 1881 2384 auxi.
1929 2319 2008 2383 In
2067 2320 2209 2384 loco
2256 2340 2404 2382 eum

636 2432 1045 2516 superiorum
1092 2430 1259 2494 inter
1307 2429 1678 2493 defensores
1727 2427 1934 2514 posui,
1984 2437 2105 2492 etc.

770 2537 918 2621 Cap.
974 2535 1150 2600 CIX.
1200 2537 1466 2600 eiusdem
1513 2535 1696 2599 libri:

762 2643 948 2719 Quod
1016 2642 1327 2729 Spiritum
1389 2642 1697 2707 Sanctum
1755 2640 2243 2727 blasphemant,
2294 2640 2405 2726 qui

636 2758 862 2815 contra
909 2773 1127 2815 sacros
1175 2770 1452 2814 canones
1501 2770 1803 2836 perverse
1853 2754 2077 2833 agunt.

761 2857 1115 2942 Gregorius
1164 2878 1334 2943 papa
1374 2856 1660 2920 Johanni
1707 2857 2006 2942 episcopo
2041 2854 2403 2920 Corinthio-

643 2988 802 3030 rum.
838 2965 1250 3050 Aequitateni
1285 2971 1478 3050 atque
1513 2965 2011 3029 sollicitudinem
2052 2963 2404 3029 Secundini

634 3073 852 3137 fratris
899 3080 964 3137 et
1012 3073 1372 3159 coepiscopi
1421 3073 1640 3153 nostri,
1678 3092 1800 3156 que
1834 3071 1988 3135 olim
2022 3071 2205 3135 nobis
2239 3072 2402 3135 bene

637 3190 774 3244 erat
821 3181 1115 3265 cognita,
1165 3179 1362 3244 etiam
1419 3179 1617 3242 series
1660 3177 1953 3262 judicata
2000 3178 2400 3242 monstravit.

637 3288 714 3351 In
762 3309 889 3373 qua
936 3310 1005 3351 re
1054 3286 1244 3351 valde
1292 3286 1536 3372 placuit
1592 3286 1883 3371 letosque
1931 3286 2229 3365 reddidit,
2280 3292 2401 3349 etc.

747 3396 1076 3460 Plurimae
1095 3396 1257 3459 aliae
1280 3395 1407 3459 diri
1436 3394 1721 3479 Greyorii
1745 3395 2023 3477 epistolae
2045 3394 2407 3477 afferuntur

635 3503 807 3567 libris
844 3503 1245 3588 sequentibus,
1280 3523 1433 3588 quas
1478 3509 1680 3566 tamen
1726 3502 1822 3565 hic
1879 3503 2232 3583 omittimus,
2264 3522 2404 3565 cum

639 3614 702 3674 in
755 3612 1011 3695 rulyatis
1048 3610 1336 3694 Greyorii
1382 3609 1555 3673 libris
1600 3608 1960 3673 habeantur.
1995 3610 2230 3693 Aliqua
2263 3616 2401 3672 tan-

637 3727 765 3784 tum
837 3718 934 3782 hic
979 3719 1335 3781 adiIciemus
1380 3717 1455 3781 de
1516 3719 1592 3780 iis
1654 3716 1828 3780 libris
1890 3718 1997 3802 qui
2055 3718 2121 3779 iu
2189 3715 2402 3781 Codice

636 3825 982 3891 Barberino
1012 3823 1465 3890 desiderantur.
1505 3822 1627 3889 Sed
1645 3825 1856 3909 primo
1897 3824 2236 3889 notandum
2281 3846 2399 3889 nu·

638 3957 876 4000 merum
920 3934 1329 4019 capitulorum
1377 3935 1443 3997 in
1481 3933 1588 3997 hoc
1628 3932 1841 3997 Codice
1873 3934 2122 3998 minime
2152 3954 2399 4017 respon-

632 4044 775 4108 dere
823 4044 897 4106 iis
928 4064 1083 4128 quae
1115 4043 1181 4105 in
1211 4040 1559 4105 Barberino
1589 4043 1950 4105 notavimus.
1984 4040 2109 4123 Ita,
2143 4042 2401 4125 evempli

627 4152 857 4235 qratia,
889 4148 1043 4213 liber
1069 4150 1319 4233 primus
1363 4150 1623 4213 continet
1662 4149 1932 4233 capitula
1965 4146 2363 4212 LXXXIX.
2384 4198 2402 4231 ,

645 4258 949 4322 secundus
993 4253 1361 4320 LXXXII.
1383 4305 1401 4338 ,
1427 4254 1580 4319 liber
1623 4257 1839 4319 tertius
1891 4253 2177 4319 CXVII.
2202 4306 2219 4336 ,
2251 4255 2404 4319 liber

639 4371 899 4450 quartus
933 4363 986 4426 L
1007 4361 1081 4426 V.
1101 4412 1118 4446 ,
1151 4362 1304 4426 liber
1335 4364 1588 4447 quintus
1612 4361 2015 4426 LXXVIII.
2041 4411 2058 4445 ,
2090 4362 2244 4427 liber
2269 4384 2402 4427 sex-

639 4480 737 4536 tus
788 4469 982 4553 CCL,
1029 4470 1182 4535 liber
1225 4472 1515 4555 septimus
1566 4469 1798 4535 CCIX.

765 4578 953 4643 Liber
997 4577 1184 4641 VIII.
1206 4628 1222 4660 ,
1258 4585 1323 4642 ut
1369 4580 1495 4642 iam
1529 4578 1618 4641 ad
1655 4598 1786 4642 rem
1822 4580 2152 4661 veniamus,
2186 4578 2402 4642 inscri-

639 4688 806 4751 bitur
850 4685 951 4750 De
998 4685 1252 4771 Lapsis.
1307 4684 1584 4749 Conte'net
1628 4685 1898 4770 capitula
1929 4684 2303 4768 XXXIX,
2336 4687 2404 4749 in

642 4792 859 4879 quibus
891 4794 1101 4877 primo
1140 4794 1480 4877 yeneratim
1510 4794 1721 4877 ayitur
1764 4792 1838 4856 de
1883 4794 2134 4876 clericis,
2166 4801 2295 4856 tum
2328 4793 2404 4858 de

642 4903 946 4986 episcopiS,
967 4900 1361 4984 presbyteris,
1392 4902 1757 4984 caeterisque
1801 4902 1866 4963 in
1917 4899 2259 4964 minoribus
2302 4922 2401 4964 or-

640 5007 886 5073 dinibus
931 5007 1284 5070 emistitutiS.
1333 5007 1427 5071 Ac
1459 5007 1658 5091 plura
1702 5006 1813 5071 hoc
1855 5005 2010 5071 libro
2045 5007 2407 5090 afferuntur

640 5117 880 5181 decreta
926 5135 1000 5178 ea:
1050 5114 1348 5199 Greqorio
1388 5112 1481 5176 M.
1520 5113 1837 5193 Quaedam
1868 5117 2046 5178 etiam
2082 5136 2155 5179 ex
2186 5114 2407 5179 Siricio

629 5246 800 5310 papa
847 5230 900 5288 et
951 5220 1281 5307 Cypriano.

769 5329 949 5394 Libri
992 5328 1120 5392 IX.
1154 5330 1424 5411 capitula
1469 5336 1614 5392 sunt
1656 5327 1915 5392 LXIX.
1935 5379 1953 5412 ,
1987 5331 2053 5393 in
2087 5329 2304 5414 quibus
2331 5330 2407 5395 de

644 5439 1055 5503 Sacramentis
1094 5437 1238 5519 fuse
1275 5439 1505 5522 ayitur.
1539 5435 1802 5501 Decreta
1834 5458 1990 5521 quae
2019 5436 2240 5500 ibidem
2269 5459 2406 5501 con·

641 5550 939 5630 tinentur,
988 5567 1062 5609 ex
1106 5544 1467 5609 Alexandro
1513 5543 1684 5609 urbis
1730 5544 1962 5609 Romae
2008 5546 2293 5629 episcopO,
2334 5566 2408 5609 ex

645 5655 959 5737 Sitrestro,
1005 5653 1245 5735 Leone,
1300 5652 1574 5718 Gelasio.
1627 5651 1967 5734 Clemente,
2013 5651 2406 5736 InnocentiO,

645 5761 983 5827 Melclziacle
1028 5761 1384 5845 deprompta
1443 5769 1607 5825 sunt.
1660 5759 1980 5839 Quaedam
2041 5763 2224 5826 etiam
2289 5760 2406 5847 Cy-

631 5872 889 5956 priani,
944 5869 1231 5954 Greqorii
1278 5867 1369 5931 Μ.
1419 5876 1472 5932 et
1521 5869 1858 5953 Auyustini
1901 5891 2120 5935 nomen
2155 5892 2407 5955 praese-

638 5979 876 6061 ferunt.

769 6083 958 6148 Liber
1020 6082 1107 6146 X.
1153 6083 1328 6148 habet
1387 6085 1656 6168 capitula
1703 6083 2037 6149 LXXIII.
2085 6085 2169 6150 In
2217 6088 2292 6150 iis
2336 6086 2412 6151 de

643 6199 1023 6256 sacramento
1070 6193 1449 6255 matrimonii
1502 6193 1762 6255 materia
1822 6194 2020 6257 omnis
2065 6195 2410 6278 eae-ponitur,

772 6446 850 6509 (l)
889 6442 1074 6494 Codex
1111 6458 1344 6512 magnae
1383 6442 1543 6495 molis
1582 6442 1901 6494 membrana
1939 6443 1994 6494 in
2033 6442 2127 6494 fol.
2165 6459 2313 6495 max.
2341 6458 2410 6495 ex

645 6539 783 6603 post.
824 6550 968 6586 saec.
1006 6532 1165 6584 XIII.

2529 814 2872 900 desinitque
2902 815 3054 879 liber
3087 817 3151 879 in
3184 816 3554 900 implicandis
3583 818 3954 901 coynationis
3973 815 4288 902 yradibus.

2533 920 2791 986 Praeter
2835 922 3140 1009 Greyorii,
3172 923 3565 1009 Hieronymi,
3596 925 3983 1008 aliorumque
4027 944 4292 987 summo-

2529 1051 2674 1094 rum
2717 1032 3072 1115 pontificum
3122 1033 3371 1096 nomina
3414 1031 3500 1095 ad
3540 1039 3722 1116 caput
3764 1030 4029 1095 XXIX.
4066 1032 4164 1096 De
4199 1052 4295 1095 se-

2526 1137 2865 1222 paratione
2928 1137 3451 1222 coniugatorum,
3504 1138 3614 1223 qui
3681 1138 3882 1202 filium
3953 1139 4295 1203 defunctae

2529 1251 2969 1330 susceperunt,
3017 1247 3246 1309 citatur
3287 1244 3665 1328 Deusdedit‚
3713 1255 3956 1310 sanctae
4004 1268 4295 1311 romanae

2528 1350 2832 1415 Ecclesiae
2865 1359 2917 1414 et
2947 1353 3305 1436 apostolicae
3334 1352 3690 1438 Episcopus,
3717 1353 4045 1418 Gordiano
4077 1355 4295 1440 hispa-

2532 1458 2769 1522 niensis
2804 1458 3091 1523 Ecclesie
3134 1461 3512 1546 coepiscopo
3545 1467 3610 1525 et
3641 1460 3822 1524 fratri
3857 1461 4293 1543 dilectissimo,

2530 1573 2633 1632 etc.

2655 1675 2760 1738 Ad
2804 1682 2986 1759 caput
3034 1673 3282 1737 XXXI
3302 1675 3372 1740 V.
3407 1678 3748 1739 recitantur
3792 1677 4107 1741 duodecim
4140 1698 4295 1741 ana-

2529 1782 2897 1845 thematismi
2926 1784 3122 1846 sancti
3160 1784 3447 1868 Greyorii
3479 1782 3568 1846 Μ.
3595 1786 3755 1847 circa
3788 1805 3917 1847 rem
3946 1805 4293 1849 sacramen-

2529 1890 2776 1953 tariam.
2825 1889 2932 1953 Eu
2979 1892 3262 1953 initium:

2657 1996 2727 2060 Si
2773 1997 2917 2082 quis
2963 1997 3388 2083 presbiteram
3442 2000 3447 2015 ²

2660 2103 2730 2167 Si
2776 2104 2918 2189 quis
2965 2104 3305 2169 diaconam

2658 2210 2728 2275 Si
2776 2211 2917 2296 quis
2966 2212 3349 2276 monacham
3506 2215 3570 2278 in
3619 2216 3992 2302 conjugium
4039 2214 4298 2279 duxerit

2657 2318 2726 2383 Si
2775 2320 2917 2404 quis
2964 2325 3313 2383 comati-em
3650 2322 3997 2386 anathema
4045 2323 4147 2386 sit.

2658 2427 2727 2490 Si
2775 2428 2917 2512 quis
2965 2447 3251 2491 sororem

2659 2533 2724 2597 Si
2776 2535 2918 2618 quis
2966 2542 3244 2620 neptem,
3286 2541 3445 2619 etc„

2656 2640 2838 2705 Libri
2892 2641 3017 2706 XI.
3066 2643 3335 2726 capitula
3386 2651 3531 2707 sunt
3578 2642 3867 2707 LXXV.
3918 2643 4015 2707 De
4060 2664 4291 2707 excom-

2533 2750 2940 2812 municatione
2987 2748 3205 2812 ibidem
3250 2752 3480 2833 ayitur.
3514 2752 3716 2835 Atque
3762 2751 3925 2813 illud
3968 2752 4129 2814 inter
4166 2772 4296 2813 cae-

2530 2863 2662 2920 tera
2724 2856 2996 2939 affertur
3056 2879 3129 2921 ex
3202 2859 3445 2923 Gelasio
3494 2880 3684 2942 papa.
3749 2857 3933 2932 Quod
4015 2857 4294 2921 Acacius

2526 2964 2701 3047 juste
2749 2972 2814 3027 et
2861 2966 3167 3029 canonice
3215 2966 3298 3029 sit
3345 2965 3705 3029 damnatus.
3749 2965 3924 3029 Haec
3967 2966 4296 3029 declaratio

2527 3071 2639 3135 sub
2690 3074 2931 3136 nomine
2968 3072 3202 3136 Gelasii
3237 3072 3496 3136 liabetur
3521 3074 3750 3158 P‘191‘22‘1
3784 3073 3935 3155 245,
3966 3094 4038 3136 ac
4078 3073 4299 3135 desinit

2527 3200 2667 3264 pay.
2719 3180 2871 3243 254.
2926 3179 3026 3242 Sic
3088 3181 3332 3264 incipit:
3380 3178 3679 3243 Gelasius
3741 3179 4078 3266 episcopus
4129 3178 4292 3243 Dar-

2533 3286 2744 3352 danie.
2780 3288 2991 3351 Valde
3039 3288 3253 3352 mirati
3301 3309 3540 3369 sumus,
3577 3289 3728 3374 quia
3774 3295 3991 3352 vestra
4039 3287 4295 3351 dilectio

2533 3395 2719 3480 quasi
2758 3416 2994 3458 novam
3031 3402 3095 3459 et
3127 3395 3326 3459 veluti
3360 3396 3681 3460 difficilem
3715 3396 4113 3480 questionem
4136 3445 4152 3477 ,
4186 3403 4289 3459 etc.

2659 3503 2849 3567 Liber
2882 3504 3127 3567 tandem
3162 3502 3325 3567 XII.
3361 3505 3629 3587 capitula
3664 3502 4006 3567 XXVIII.
4040 3504 4291 3587 comple-

2527 3614 2743 3675 ctitur:
2776 3610 2875 3675 De
2907 3611 3192 3676 vindicta
3239 3620 3303 3675 et
3350 3612 3794 3696 persecutione
3836 3613 4034 3695 justa.
4078 3611 4292 3674 Plera-

2528 3741 2663 3805 que,
2698 3742 2853 3805 quae
2896 3720 3003 3784 hoc
3048 3720 3203 3784 libro
3245 3723 3653 3801 continentur,
3686 3728 3829 3783 sunt
3862 3721 4200 3804 Auyustini
4240 3726 4293 3783 et

2532 3829 2840 3915 Greyorii,
2885 3831 2939 3893 si
2986 3830 3287 3893 nonnulla
3339 3829 3573 3894 Gelasii
3618 3831 3897 3913 excipias

3355 4026 3475 4091 VI.

2653 4188 2757 4252 Ex
2808 4187 3021 4254 Codice
3080 4188 3372 4253 Vaticano
3418 4212 3478 4254 u.
3521 4188 3717 4270 2280,
3762 4189 4099 4253 continente
4144 4186 4287 4250 Hu-

2529 4297 2859 4383 guccionis
2923 4296 3189 4361 Summa
3251 4318 3445 4383 super
3506 4296 3820 4377 Decreto,
3866 4318 3907 4360 a
3955 4295 4067 4379 fol.
4122 4297 4158 4358 1
4211 4296 4297 4359 ad

2523 4404 2636 4488 fol.
2672 4404 2826 4487 371,
2872 4426 3010 4468 cum
3056 4404 3471 4469 additionibus
3514 4405 3600 4468 ad
3653 4404 3923 4469 eamdem
3974 4401 4294 4466 Summam

2530 4511 2841 4576 Johannis
2887 4512 2962 4576 de
3010 4512 3161 4594 Dec,
3206 4535 3245 4576 a
3293 4513 3450 4576 dicto
3489 4513 3600 4597 fol.
3648 4512 3734 4576 ad
3779 4511 3911 4574 388
3936 4512 4034 4574 (1).

2653 4675 2788 4741 Fol.
2834 4675 2893 4740 I.
2943 4678 3188 4760 incipit:

2650 4784 2757 4849 Ad
2801 4785 3112 4848 honorem
3151 4804 3406 4869 sponse,
3439 4781 3605 4845 idest
3644 4780 3953 4845 Ecclesie.
4004 4781 4161 4844 Post
4203 4780 4293 4844 le-

2530 4913 2679 4977 gem
2727 4891 3089 4955 naturalem
3160 4897 3383 4955 secuta
3429 4896 3526 4952 est
3572 4889 3889 4971 mosaica,
3939 4887 4085 4952 inde
4149 4910 4294 4974 pro-

2529 4999 2825 5085 phetica,
2874 5004 3101 5084 postea
3156 4996 3570 5081 evangelica,
3619 4995 3853 5059 exinde
3903 4994 4291 5080 apostolica;

2533 5107 2792 5170 demum
2825 5112 2899 5169 ut
2943 5104 3152 5191 gloria
3184 5124 3417 5190 sponse
3449 5102 3703 5189 plenius
3735 5102 4106 5188 refulgeret,
4141 5102 4291 5166 sub-

2532 5222 2754 5279 secuta
2801 5223 2900 5279 est
2946 5215 3062 5278 lux
3108 5213 3453 5293 canonica,
3496 5211 3915 5297 multiplicem
3962 5211 4029 5274 in
4075 5232 4143 5274 se
4192 5230 4295 5274 ca·

2533 5343 2772 5387 nonum
2835 5323 2969 5385 sive
3027 5321 3430 5384 decretorum
3493 5319 3826 5383 continens
3888 5318 4291 5382 varietatem.

2659 5429 2835 5494 Haec
2878 5427 3128 5493 uberius
3173 5427 3490 5511 describit;
3534 5435 3667 5491 tum
3720 5426 4016 5490 Gratiani
4066 5433 4293 5490 textum

2521 5546 2820 5624 perpetuo
2857 5535 3303 5602 Commentario
3334 5536 3605 5599 illustrat
3635 5534 3721 5598 ad
3740 5556 3886 5619 pay.
3920 5553 4111 5618 usque
4143 5532 4292 5595 370.

2538 5648 2688 5733 Paq.
2725 5647 2856 5711 371
2902 5652 3250 5730 sequuntur
3292 5643 3634 5708 additiones
3679 5641 3988 5706 Johannis
4033 5641 4107 5705 de
4162 5640 4294 5704 Deo

2532 5756 2798 5841 hispani,
2846 5774 3115 5840 quarum
3160 5751 3513 5816 huiusmodi
3557 5758 3640 5815 est
3684 5752 3970 5813 initium:

2659 5861 3036 5927 Venerabili
3071 5867 3286 5924 nostro
3313 5858 3610 5923 Deodato
3642 5857 3774 5951 filio
3807 5856 4090 5920 Prefecti
4120 5854 4298 5918 urbis

2534 5971 2762 6053 Rome,
2799 5991 2874 6034 ac
2921 5967 3245 6053 magistris
3278 5975 3343 6030 et
3374 5965 3774 6030 scholaribus
3823 5963 4137 6027 universis
4170 5961 4297 6026 Bo·

2538 6079 2728 6143 nonie
2778 6077 3177 6141 morantibus
3225 6073 3984 6159 magister(2)J0hannes
4031 6070 4110 6134 de
4158 6069 4299 6133 Deo

2537 6187 2845 6273 Yspanus
2893 6184 3136 6248 Doctor
3182 6182 3586 6247 decretorum
3612 6180 3689 6245 (3)
3715 6187 3818 6244 etc.

2662 6441 2740 6504 (2)
2780 6438 2931 6502 Nat„
2968 6437 3023 6489 id
3062 6442 3144 6488 est
3182 6442 3390 6488 noster:
3425 6436 3520 6489 sed
3559 6436 3679 6504 lege
3718 6435 3986 6499 maqister.

2666 6532 2744 6595 (3)
2784 6528 3009 6597 Legitur
3045 6528 3333 6578 doctorum.
