5542 7775
1209 657 1307 727 84
2785 678 3264 728 MONUMENTA

2969 1030 3082 1094 LI.

2686 1228 2881 1305 1303,
2935 1228 2971 1289 1
3019 1226 3362 1291 (les-mebris,

1689 1421 1793 1484 Ex
1840 1428 2013 1487 tomo
2060 1421 2445 1486 LXXXIII.
2502 1423 2736 1485 Codicis
2781 1422 3179 1507 Diplmnate‘ce'
3229 1424 3457 1508 Gymn.
3509 1422 3705 1505 Bou„
3753 1423 3893 1487 doe.
3943 1445 4115 1487 num.
4164 1423 4370 1488 XLV.

1384 1636 1774 1701 Benedictus
1820 1637 2004 1723 Papa
2051 1636 2172 1700 XI.
2201 1636 2278 1699 (1)
2326 1636 2639 1722 Magistro
2690 1637 3037 1701 Guillelmo
3085 1636 3381 1701 Accursii
3428 1637 3506 1700 de
3555 1636 3871 1720 Bononia,
3919 1637 4138 1721 legum
4185 1637 4450 1720 doctori,
4500 1638 4837 1703 Archidia-

1206 1767 1367 1809 00110
1417 1744 1903 1808 Gualdafaiarie
1952 1744 2017 1807 111
2066 1743 2357 1808 Ecclesia
2404 1744 2711 1826 toletana,
2762 1744 3115 1831 Capellano
3164 1751 3402 1808 nostr0.

1382 1852 1690 1917 Provenit
1739 1874 1823 1915 ex
1869 1851 2228 1917 devotionis
2276 1860 2339 1915 et
2388 1852 2726 1938 probitatis
2775 1860 2881 1916 tue
2931 1852 3174 1915 meritis
3221 1859 3327 1935 ut,
3377 1859 3439 1915 te
3490 1852 3730 1915 favoris
3791 1852 4128 1938 apostolici
4173 1854 4571 1939 plenitudine
4619 1875 4836 1939 prose-

1205 1968 1509 2043 quentes,
1560 1960 1676 2023 tibi
1723 1960 1787 2022 in
1838 1961 1914 2022 iis
1962 1981 2085 2044 que
2134 1958 2326 2043 digne
2373 1959 2681 2045 postulae,
2730 1959 3075 2023 reddamur
3121 1958 3203 2023 ad
3250 1959 3527 2044 gratiam
3576 1959 3899 2023 liberales.
3947 1960 4119 2025 Hinc
4165 1969 4261 2024 est
4307 1961 4478 2046 quod
4528 1984 4662 2044 nos,
4712 1963 4838 2026 tuis

1204 2068 1783 2155 supplicationibus
1833 2067 2143 2149 inclinati,
2193 2066 2578 2130 auctoritate
2626 2066 2741 2129 tibi
2790 2067 3184 2153 presentium
3231 2066 3659 2151 indulgemus,
3709 2074 3779 2130 ut
3826 2067 4132 2152 quamdiu
4180 2069 4244 2132 in
4293 2090 4559 2133 romana
4608 2069 4835 2153 Curia,

1204 2176 1307 2239 vel
1355 2177 1512 2239 alibi
1560 2175 1883 2261 obsequiis
1932 2174 2281 2260 apostolice
2332 2173 2516 2237 Sedis
2564 2173 2642 2237 de
2691 2174 2891 2259 ipsius
2942 2173 3125 2237 Sedis
3165 2174 3429 2259 speciali
3461 2175 3767 2238 mandato
3800 2174 4061 2238 duxeris
4094 2175 4536 2259 insistendum,
4571 2178 4836 2261 fructus,

1202 2284 1489 2347 redditus
1538 2291 1601 2347 et
1650 2290 2001 2369 proventus
2050 2281 2525 2368 prebendarum
2573 2289 2633 2345 et
2683 2281 2956 2345 aliorum
3003 2281 3459 2345 beneficiorum
3515 2290 3774 2345 tuorum
3833 2282 4448 2365 ecclesiasticorum,
4497 2306 4620 2369 que
4669 2307 4837 2349 nunc

1203 2392 1476 2474 obtineS,
1512 2399 1574 2455 et
1622 2399 1684 2455 te
1734 2391 2024 2454 obtinere
2074 2390 2414 2474 contigerit
2463 2389 2525 2452 in
2576 2389 2884 2471 futurum,
2933 2389 3130 2453 etiam
3175 2389 3230 2452 si
3277 2390 3624 2473 dignitates
3671 2398 3735 2454 et
3782 2398 4163 2476 personatus
4209 2391 4490 2456 existant
4522 2401 4586 2456 et
4619 2415 4838 2458 curam

1204 2498 1487 2563 habeant
1535 2499 1932 2577 animarum,
1981 2497 2188 2583 possis
2236 2519 2379 2559 cum
2444 2518 2521 2559 ea
2585 2496 2957 2581 integritate
3020 2497 3389 2582 percipere,
3440 2496 3829 2581 quotidianis
3884 2497 4440 2563 distributionibus
4502 2499 4840 2565 dumtaxat

1202 2607 1529 2692 exceptis,
1578 2628 1723 2670 cum
1781 2626 1908 2690 qua
1957 2605 2100 2667 illos
2148 2604 2510 2690 perciperes
2572 2604 2624 2665 si
2674 2603 3099 2689 personaliter
3146 2604 3209 2666 in
3259 2604 3413 2689 ipsis
3461 2603 3746 2667 ecclesiis
3793 2604 4144 2688 resideres3
4193 2612 4256 2669 et
4310 2605 4566 2670 interim
4613 2608 4696 2671 ad
4742 2608 4837 2672 fa·

1203 2714 1499 2777 ciendum
1550 2714 1614 2776 in
1662 2713 1905 2776 eisdem
1952 2711 2238 2776 ecclesiis
2286 2710 2690 2796 personalem
2739 2710 3152 2774 residentiam
3202 2712 3461 2775 minime
3508 2711 3821 2794 tenearis,
3871 2733 4078 2797 neque
4141 2713 4223 2776 ad
4285 2714 4349 2777 id
4411 2735 4451 2777 a
4513 2736 4838 2801 quoquam

1204 2822 1426 2885 valeas
1474 2820 1810 2899 coarctari,
1856 2841 1979 2883 non
2031 2819 2435 2883 obstantibus
2482 2818 2538 2881 si
2584 2826 2653 2881 tu
2702 2817 2766 2881 in
2815 2818 3055 2881 eisdem
3103 2819 3388 2883 ecclesiis
3437 2819 3711 2904 primam
3757 2826 3821 2883 et
3869 2828 4243 2883 consuetam
4290 2842 4418 2886 non
4463 2822 4692 2886 feceris
4739 2846 4837 2887 re-

1202 2929 1547 2992 sidentiam
1590 2926 2019 3013 personalem,
2069 2947 2183 2989 seu
2231 2926 2739 3011 quibuscumque
2789 2926 3046 2989 statutis
3094 2926 3430 2989 contrariis
3479 2933 3542 2989 et
3591 2926 4159 2990 consuetudinibus
4207 2927 4492 3014 ipsarum
4537 2930 4837 2994 ecclesia-

1202 3059 1345 3101 rum
1387 3037 1786 3120 juramentO,
1836 3034 2319 3097 confirmatione
2370 3032 2553 3096 Sedis
2601 3033 2986 3119 apostolice,
3036 3034 3139 3097 vel
3188 3033 3316 3095 alia
3365 3033 3658 3118 quamvis
3705 3033 4005 3097 firmitate
4055 3035 4346 3117 vallatiS,
4391 3036 4585 3100 etiam
4632 3037 4687 3101 si
4733 3046 4837 3119 tu,

1204 3145 1308 3208 vel
1354 3150 1732 3229 procurator
1781 3150 1928 3205 tuus
1976 3148 2086 3204 tuo
2136 3141 2412 3222 nomine,
2462 3141 2540 3203 de
2590 3141 2714 3204 illis
2763 3140 3097 3205 servandis
3146 3148 3209 3205 et
3257 3162 3382 3205 non
3429 3140 3849 3227 impetrandis
3900 3141 4129 3205 litteris
4185 3143 4552 3229 apostolicis
4615 3153 4838 3210 contra

1201 3274 1279 3316 ea
1327 3259 1391 3315 et
1438 3251 1591 3336 ipsis
1639 3249 1870 3313 litteris
1919 3270 2044 3312 non
2093 3249 2330 3312 utendo
2378 3249 2769 3333 prestiteris,
2819 3249 2923 3312 vel
2984 3258 3271 3335 prestare
3330 3249 3671 3333 contigerit
3726 3250 4203 3333 juramentum,
4253 3272 4367 3314 seu
4432 3251 4486 3315 si
4552 3252 4838 3317 locorum

1203 3359 1564 3425 Ordinariis
1612 3359 1693 3422 sit
1740 3357 1822 3420 ab
1871 3357 2097 3420 eadem
2148 3356 2313 3421 Sede
2361 3379 2735 3421 concessum
2783 3365 2851 3421 ut
2900 3358 3240 3422 canonicos
3288 3365 3351 3421 et
3399 3356 3829 3443 prebendatos
3877 3357 4296 3421 ecclesiarum
4341 3381 4633 3443 suarum,
4684 3361 4836 3426 civi-

1203 3476 1409 3533 tatum
1457 3476 1519 3531 et
1567 3466 1893 3529 diecesum
1940 3465 2324 3549 compellere
2372 3464 2632 3528 valeant
2680 3464 2762 3527 ad
2811 3464 3177 3528 faciendum
3223 3465 3632 3550 personalem
3679 3465 4094 3528 residentiam
4157 3466 4222 3529 in
4285 3466 4560 3551 eisdem,
4609 3490 4720 3532 seu
4785 3471 4838 3533 si

1207 3575 1521 3662 Capitulis
1568 3572 1939 3637 earumdem
1988 3572 2425 3653 ecclesiarum,
2460 3572 2564 3636 vel
2612 3572 2935 3657 aliquibus
2984 3572 3127 3635 aliis
3176 3573 3259 3635 ab
3307 3573 3536 3635 eadem
3582 3572 3664 3635 sit
3714 3571 3879 3635 Sede
3930 3571 4250 3636 indultum
4298 3574 4468 3659 quod
4519 3576 4843 3641 canonicis

1204 3684 1308 3747 vel
1357 3683 1501 3746 aliis
1550 3682 1615 3745 111
1662 3680 2086 3766 dignitatibus
2142 3701 2255 3742 seu
2302 3680 2751 3764 personatibus
2801 3680 3184 3761 constitutis,
3219 3688 3330 3743 aut
3380 3678 3733 3743 rectoribus
3780 3678 4196 3743 ecclesiarum
4248 3681 4531 3767 ipsarum
4575 3683 4840 3767 fructus,

1200 3790 1489 3854 redditus
1529 3798 1593 3852 et
1642 3796 1990 3874 proventus
2038 3787 2531 3872 prebendarum,
2567 3786 2974 3871 dignitatum,
3009 3795 3490 3872 personatuum,
3525 3786 3941 3850 ecclesiarum
3982 3793 4046 3849 et
4091 3787 4546 3852 beneficiorum
4579 3812 4840 3856 suorum

1198 3898 1779 3963 ecclesiasticorum
1828 3896 2193 3959 ministrare
2240 3894 2305 3958 in
2354 3894 2646 3958 absentia
2694 3895 2957 3958 minime
3005 3903 3380 3978 teneantur3
3432 3895 3729 3981 quodque
3777 3894 3860 3957 ad
3913 3894 3978 3958 id
4042 3895 4340 3982 compelli
4403 3918 4532 3961 non
4594 3900 4841 3984 possint

1201 4028 1318 4092 per
1364 4006 1610 4069 litteras
1659 4003 2046 4089 apostolicas
2096 4024 2223 4065 non
2272 4001 2581 4065 facientes
2644 4002 2902 4088 plenam
2950 4011 3012 4066 et
3061 4025 3436 4088 expressam
3498 4024 3572 4066 ac
3631 4002 3709 4066 de
3769 4003 3967 4067 verbo
4015 4002 4098 4066 ad
4146 4003 4416 4067 verbum
4461 4005 4540 4068 de
4587 4005 4835 4070 indulto

1198 4113 1569 4197 hujusmodi
1616 4111 2027 4191 mentionem,
2065 4117 2129 4173 et
2169 4109 2561 4194 quibuslibet
2610 4110 2987 4195 privilegiis,
3023 4109 3440 4196 indulgentiis
3487 4118 3552 4173 et
3600 4110 3830 4174 litteris
3872 4110 4261 4196 apostolicis,
4294 4132 4839 4199 quorumcumque

1204 4228 1501 4285 tenorum
1548 4219 1856 4300 existant,
1905 4239 2147 4303 perque
2195 4216 2600 4301 presentibus
2650 4238 2778 4280 non
2825 4239 3133 4303 expressa
3179 4218 3284 4281 vel
3329 4216 3614 4281 totaliter
3659 4217 4098 4300 noninserta,
4153 4217 4419 4282 effectus
4468 4219 4836 4303 hujusmodi

1201 4327 1409 4413 gratie
1458 4325 1754 4412 impediri
1801 4324 2018 4388 valeat
2066 4323 2547 4408 quomodolibet
2594 4325 2698 4388 vel
2744 4324 3008 4407 differri,
3058 4333 3122 4389 et
3169 4325 3247 4389 de
3296 4324 3527 4410 quibus
3575 4346 4121 4410 quorumcumque
4155 4326 4305 4388 totis
4339 4326 4666 4390 tenoribus
4700 4328 4832 4414 ple-

1200 4456 1350 4498 nam
1398 4442 1461 4498 et
1509 4453 1881 4520 expressam
1940 4453 2015 4495 ac
2064 4431 2142 4493 de
2190 4430 2387 4494 verbo
2437 4431 2518 4494 ad
2570 4432 2839 4495 verbum
2887 4440 3181 4518 oporteat
3213 4432 3276 4495 in
3311 4432 3717 4518 presentibus
3749 4431 3886 4495 fieri
3920 4432 4327 4496 mentionem.
4361 4433 4632 4498 Proviso
4667 4435 4836 4520 quod

1196 4549 1600 4629 personatuS,
1649 4540 2019 4625 ‹lignitateS,
2069 4537 2358 4620 ecclesie,
2405 4561 2479 4602 ac
2530 4539 2841 4603 beneficia
2890 4540 3258 4624 hujusmodi
3304 4539 3535 4603 debitis
3584 4539 3840 4603 iuterim
3887 4539 4211 4625 obsequiis
4258 4561 4386 4604 nou
4434 4541 4833 4625 fraudentur,

1196 4658 1261 4716 et
1306 4651 1665 4714 animarum
1713 4669 1868 4712 cura
1916 4648 1977 4710 in
2029 4647 2142 4726 eis,
2178 4646 2410 4731 quibus
2458 4647 2570 4710 illa
2618 4648 2926 4728 imminet,
2963 4648 3330 4712 nullatenus
3379 4648 3767 4733 negligatur.
3801 4647 3983 4711 Nulli
4015 4669 4171 4733 ergo
4206 4648 4464 4712 omnino
4505 4649 4834 4714 hominum

1198 4760 1387 4824 liceat
1436 4759 1601 4821 lianc
1650 4757 1954 4842 paginam
2008 4762 2220 4818 nostre
2271 4755 2701 4818 concessionis
2747 4755 3120 4840 infringere,
3155 4756 3257 4818 vel
3298 4755 3356 4818 ei
3397 4777 3558 4818 ausu
3591 4755 3935 4819 temerario
3969 4755 4321 4839 contraire3
4357 4756 4585 4841 siquis
4620 4769 4836 4822 autem

1195 4867 1317 4932 hoc
1366 4872 1687 4929 attentare
1734 4862 2175 4949 presumserit,
2228 4861 2739 4947 indignationem
2789 4863 3244 4948 omnipotentis
3291 4862 3415 4928 Dei
3463 4861 3582 4926 hac
3603 4862 3680 4927 (2)
3714 4862 4050 4926 beatorum
4097 4863 4278 4927 Petri
4324 4871 4388 4927 et
4428 4863 4621 4927 Pauli
4659 4866 4835 4950 Apo-

1194 4974 1508 5038 stolorum
1555 4972 1692 5035 eius
1740 4992 1809 5034 se
1860 4970 2111 5034 noverit
2157 4969 2582 5033 incursurum.

1374 5079 1615 5143 Datum
1664 5076 1994 5158 Laterani,
2045 5075 2342 5139 kalendis
2390 5076 2768 5160 decembris,
2819 5078 3241 5142 Pontificatus
3288 5077 3491 5140 nostri
3538 5098 3708 5140 anno
3755 5077 3983 5162 primo.

2947 5345 3096 5409 LII.

2678 5526 2874 5606 1303,
2927 5527 2962 5588 1
3010 5524 3358 5590 decembres.

1916 5705 2021 5768 Ex
2073 5705 2218 5768 Cod.
2267 5705 2419 5789 dz'pl.
2471 5702 2679 5768 Studia·
2722 5703 2900 5786 bom,
2948 5711 3120 5768 tomo
3167 5702 3598 5786 LXXXIII„
3645 5724 3820 5767 num.
3868 5701 4111 5766 XLVI.

1367 5885 1758 5950 Benedictus
1807 5884 1994 5970 Papa
2040 5882 2161 5947 XI.
2190 5882 2267 5947 (3)
2316 5881 2629 5967 Magistro
2678 5880 3027 5946 Guillelmo
3076 5881 3370 5947 Accursii
3418 5881 3497 5946 de
3545 5880 3861 5963 Bononia,
3910 5880 4128 5965 legum
4176 5879 4442 5961 doctori,
4490 5878 4832 5943 Archidia-

1190 6015 1353 6060 cono
1403 5991 1892 6058 Gualdafaiarie
1944 5991 2008 6054 in
2054 5990 2349 6054 Ecclesia
2395 5989 2703 6071 toletana,
2757 5988 3112 6072 Capellano
3160 5997 3399 6054 nostro.

1371 6100 1533 6165 Cum
1583 6098 1818 6164 nostris
1865 6106 1930 6162 et
1978 6096 2329 6182 apostolice
2380 6094 2565 6160 Sedis
2613 6095 2937 6180 obsequiis
3001 6095 3391 6177 immoreris,
3441 6102 3703 6181 propter
3763 6093 3934 6179 quod
3997 6093 4421 6174 monasteria,
4470 6092 4829 6178 prioratus,

1192 6207 1535 6291 ecclesias,
1584 6206 1886 6287 clericOS,
1936 6224 2247 6291 personas
2311 6210 2375 6267 et
2440 6203 2584 6268 loca
2639 6203 3111 6286 ecelesiastica,
3159 6201 3721 6267 archidiaconatus
3767 6201 3863 6264 tui
3912 6199 4400 6265 Gualdafaiarie
4447 6199 4511 6262 in
4559 6198 4831 6263 ecclesia

1349 6458 1429 6524 (1)
1467 6456 1552 6508 Ex
1588 6457 1725 6524 Reg.
1765 6455 1895 6507 anni
1932 6454 2095 6523 primi
2135 6453 2419 6507 Benedicti
2458 6452 2594 6520 XL,
2634 6470 2720 6522 ep.
2761 6455 2883 6504 228.
3226 6453 3305 6518 (3)
3345 6450 3428 6502 Ex
3465 6451 3602 6520 Reg.
3640 6450 3768 6502 anni
3806 6450 3968 6518 primi
4007 6448 4292 6502 Benedicti
4329 6447 4460 6512 XL,
4499 6463 4586 6516 ep.
4620 6448 4741 6499 239.

1349 6548 1427 6614 (2)
1467 6546 1573 6598 Sic.
