5542 7775
1284 654 1434 723 226
2854 675 3333 727 monum-mu

1278 829 1467 893 fratri
1514 829 1800 915 Ugolino
1848 829 1927 894 de
1978 828 2284 912 CasteUO,
2320 830 2508 895 fratri
2553 832 3017 897 Bonaventure
3064 832 3144 896 de
3192 832 3528 916 Fannano,
3564 833 3751 898 fratri
3796 835 3994 900 Petro
4036 836 4354 919 PizininO,
4390 838 4577 901 fratri
4609 839 4928 904 Jacobino

1276 937 1356 1001 (16
1405 937 1715 1019 Galleria,
1764 937 1951 1001 fratri
2002 937 2364 1002 Gerardino
2412 938 2492 1002 de
2538 938 2793 1003 Mutina
2839 946 2906 1003 et
2951 940 3136 1003 fratri
3184 940 3552 1025 Maynerio,
3600 942 3898 1006 omnibus
3947 943 4026 1007 de
4076 943 4320 1008 Ordine
4368 944 4667 1009 Fratrum
4719 946 4926 1010 Mino-

1279 1067 1441 1127 rum,
1490 1045 1754 1108 cuilibet
1803 1066 2023 1109 eorum
2073 1052 2329 1109 centum
2378 1046 2594 1109 soldos
2642 1047 3131 1111 bononenorum
3180 1047 3258 1111 de
3307 1049 3596 1133 predicta
3643 1071 3892 1113 summa
3944 1050 4239 1136 reliquid.

1453 1153 1619 1216 Item
1667 1152 1746 1216 de
1794 1152 1967 1216 dicta
2015 1173 2266 1216 summa
2314 1161 2378 1217 et
2426 1153 2789 1239 quantitate
2831 1176 3049 1240 supra,
3086 1155 3311 1219 relicta
3358 1177 3474 1241 pro
3523 1156 3739 1220 anima
3787 1158 4025 1222 sororis
4074 1158 4438 1241 Frescucie,
4474 1160 4602 1224 filie
4636 1159 4926 1224 Bonfan·

1274 1261 1428 1325 zulli
1460 1259 1539 1323 de
1573 1259 1925 1342 Florentia,
1962 1281 2085 1345 que
2135 1266 2234 1324 est
2281 1260 2361 1324 de
2411 1259 2656 1326 Ordine
2701 1260 3012 1326 Sororum
3045 1261 3124 1325 de
3157 1261 3548 1345 Penitentia,
3584 1271 3841 1328 centum
3874 1265 4074 1329 libras
4107 1266 4594 1331 bononenorum
4627 1268 4923 1352 reliquid.

1450 1367 1617 1431 Item
1667 1366 1941 1449 Gasdie,
1989 1367 2119 1430 filie
2170 1367 2561 1452 Battaglerij
2612 1368 2691 1432 de
2740 1367 3118 1451 Florentia,
3168 1369 3640 1455 quinquaginta
3686 1371 3886 1435 libras
3933 1372 4458 1456 bononenorum,
4507 1373 4587 1437 de
4636 1373 4928 1459 predicta

1272 1496 1523 1539 summa
1570 1482 1634 1539 et
1682 1475 2063 1560 quantitate,
2118 1474 2416 1560 reliquid.

1451 1582 1617 1646 Item
1653 1581 1947 1645 Bandino
1982 1581 2308 1666 quondam
2343 1581 2657 1667 Synhaldi
2683 1581 2761 1645 (1)
2785 1581 2864 1646 (16
2897 1582 3250 1665 Florentia,
3278 1584 3510 1668 viginti
3545 1585 3828 1670 quinque
3861 1585 4062 1649 libras
4094 1586 4578 1651 bononenorum
4613 1587 4921 1673 reliquid;

1273 1712 1468 1776 quam
1502 1690 1927 1776 quantitatem
1961 1690 2231 1775 pecunie
2265 1710 2406 1753 esse
2440 1689 2645 1754 voluit
2680 1711 2880 1775 penes
2914 1690 3388 1755 commissarios
3421 1713 3592 1774 suos,
3629 1692 3833 1757 donec
3867 1714 3997 1756 uua
4029 1692 4135 1756 161
4167 1692 4292 1757 (166
4326 1694 4476 1776 filie,
4511 1716 4673 1780 quas
4705 1695 4923 1778 habet,

1271 1797 1512 1862 fuerint
1557 1804 1850 1877 uxorate,
1884 1803 1950 1860 et
1991 1805 2142 1860 tuuc
2188 1796 2377 1860 detur
2426 1797 2521 1860 eis
2572 1797 2635 1859 in
2684 1796 3043 1860 subsidium
3091 1798 3447 1881 uxorandi3
3480 1808 3545 1862 et
3577 1799 3631 1862 si
3679 1820 3807 1863 non
3855 1799 4097 1865 fuerint
4143 1808 4417 1865 uxorate
4462 1801 4613 1865 hine
4661 1802 4744 1865 ad
4790 1810 4921 1866 tres

1275 1926 1500 1985 annos,
1535 1910 1647 1967 661
1691 1904 1745 1967 61
1793 1904 2183 1967 morirentur
2229 1903 2399 1967 infra
2447 1904 2793 1967 terminum
2841 1903 3081 1968 dictum
3132 1905 3326 1968 trium
3375 1926 3712 1987 annorum,
3747 1912 3899 1970 tunc
3948 1907 4089 1992 ipsa
4139 1908 4466 1993 quantitas
4500 1908 4923 1974 distribuatur

1271 2034 1390 2099 per
1436 2011 1908 2076 commissarios
1956 2032 2105 2074 suos
2155 2012 2322 2075 inter
2369 2032 2688 2096 pauperes
2739 2009 3013 2093 Christi,
3063 2011 3412 2076 secundum
3478 2012 3649 2099 quod
3710 2014 3803 2077 eis
3870 2014 4099 2078 melius
4147 2013 4490 2097 videbitur,
4538 2037 4655 2101 pro
4705 2018 4921 2082 anima

1272 2120 1634 2201 testatoris3
1669 2126 1733 2182 et
1780 2119 1834 2182 si
1883 2118 2052 2182 infra
2100 2118 2341 2182 dictum
2376 2119 2719 2182 terminum
2753 2118 2997 2183 fuerint
3029 2126 3324 2201 uxorate,
3359 2142 3474 2206 pro
3508 2120 3918 2185 matrimonio
3952 2122 4334 2207 complendo
4365 2122 4607 2187 habere
4642 2123 4921 2190 debeant

1271 2226 1510 2291 dictam
1561 2227 2013 2312 quantitatem.

1449 2334 1614 2398 Item
1663 2334 1920 2398 domine
1969 2333 2197 2416 Marie,
2234 2355 2357 2419 que
2406 2336 2740 2398 consuevit
2787 2333 3068 2398 vendere
3101 2355 3351 2419 pannos
3384 2334 3463 2399 de
3498 2335 3751 2420 capella
3784 2337 3989 2399 sancti
4023 2335 4289 2400 Martini
4321 2336 4401 2401 de
4436 2337 4916 2421 Cazzanimicis,

1272 2441 1493 2505 decem
1541 2441 1740 2505 libras
1789 2441 2276 2505 bononenorum
2325 2441 2621 2526 reliquid.

1451 2548 1618 2612 Item
1664 2548 2046 2612 dominabus
2097 2548 2377 2633 Symone
2425 2556 2490 2611 et
2535 2548 2883 2630 Barthole,
2933 2548 3066 2612 suis
3115 2549 3450 2635 neptibus,
3499 2549 3764 2613 cuilibet
3811 2570 4035 2614 earum
4082 2550 4313 2635 viginti
4374 2551 4657 2637 quinque
4718 2552 4916 2616 libras

1271 2657 1758 2720 bononenorum
1805 2654 1885 2719 de
1932 2656 2222 2741 predicta
2271 2676 2522 2719 summa
2569 2663 2632 2719 et
2680 2655 3042 2741 quantitate
3092 2655 3404 2741 reliquid,
3454 2677 3577 2741 que
3643 2657 3971 2742 quantitas
4030 2656 4219 2722 detur
4264 2658 4357 2721 eis
4403 2680 4520 2744 pro
4568 2668 4917 2744 augmento

1271 2763 1459 2827 dotis.

1448 2870 1612 2933 Item
1663 2870 1939 2954 reliquid
1985 2869 2115 2932 filie
2162 2869 2528 2933 Benvenuti
2576 2871 2676 2933 sui
2722 2871 3084 2953 servientis,
3120 2892 3243 2956 que
3292 2891 3417 2934 666
3467 2871 3645 2934 videt
3691 2871 3854 2935 bene
3901 2872 4140 2952 lumen,
4175 2871 4513 2936 duodecim
4555 2874 4756 2937 libras
4801 2874 4914 2939 bo-

1271 2999 1671 3041 nonenorum
1716 2977 1796 3040 de
1845 2977 2135 3062 predicta
2182 2998 2432 3039 summa
2480 2986 2544 3040 et
2593 2978 2953 3063 quantitate
3001 2978 3225 3041 relicta
3276 3000 3391 3064 pro
3426 2979 3643 3041 anima
3675 3000 3902 3064 supra3
3936 2978 4211 3065 reliquid
4248 2980 4598 3044 Codeferro
4632 3002 4749 3045 suo
4782 3003 4915 3045 ser-

1269 3084 1473 3147 vienti
1503 3084 1732 3167 viginti
1770 3085 2052 3169 quinque
2087 3084 2285 3148 libras
2318 3083 2826 3167 bononenorum,
2861 3086 2915 3148 si
2961 3093 3250 3171 tempore
3285 3086 3497 3148 obitus
3530 3086 3731 3171 ipsius
3764 3086 4091 3150 testatoris
4124 3087 4373 3150 steterit
4405 3109 4642 3152 secum.
4686 3088 4913 3153 Nicole

1271 3191 1351 3255 de
1400 3191 1622 3254 Cassia
1673 3191 1902 3275 viginti
1950 3192 2232 3276 quinque
2283 3190 2481 3255 libras
2528 3192 3037 3273 bononenorum,
3087 3193 3137 3255 si
3188 3202 3476 3277 tempore
3527 3192 3739 3257 obitus
3786 3194 4112 3257 testatoris
4159 3194 4412 3258 steterit
4457 3216 4696 3277 seeum,
4746 3195 4913 3259 Zan-

1269 3298 1422 3362 nino
1470 3297 1549 3362 de
1598 3298 1912 3379 Anzissa,
1962 3319 2080 3361 suo
2128 3298 2469 3380 familiari,
2520 3299 2991 3383 quinquaginta
3041 3298 3238 3362 libras
3297 3299 3817 3379 bononenorum,
3867 3309 3933 3363 et
3977 3299 4344 3382 Beatrixie,
4393 3322 4508 3364 sue
4568 3302 4912 3382 servienti,

1267 3406 1438 3470 ultra
1486 3406 1795 3469 salarium
1843 3426 2050 3485 suum,
2100 3412 2234 3469 otto
2283 3405 2483 3468 libras
2531 3406 3019 3469 bononenorum
3070 3406 3121 3469 si
3171 3412 3458 3492 tempore
3508 3406 3720 3469 obitus
3768 3408 4094 3470 testatoris
4143 3407 4392 3471 steterit
4438 3428 4676 3471 secum.

1445 3513 1611 3577 Item
1658 3513 1864 3577 voluit
1908 3521 1971 3576 et
2020 3512 2296 3598 reliquid
2343 3512 2515 3598 quod
2561 3514 2794 3597 viginti
2842 3513 2922 3577 de
2971 3514 3375 3578 scholaribus
3423 3514 3555 3577 suis
3603 3514 3956 3599 elligantur
4018 3515 4227 3599 magis
4275 3535 4593 3601 pauperes
4641 3521 4706 3579 et
4754 3513 4914 3578 indi-

1264 3627 1492 3706 gentes
1540 3642 1657 3706 per
1705 3622 2084 3705 magistrum
2132 3619 2434 3705 Mag-rum
2483 3627 2546 3683 et
2594 3621 2975 3704 magistrum
3024 3620 3428 3703 Anselmum,
3477 3621 3607 3706 qui,
3665 3642 3809 3685 cum
3858 3621 4099 3685 fuerint
4146 3621 4335 3685 electi
4380 3643 4497 3707 per
4545 3621 4913 3685 commissa-

1263 3729 1394 3792 rios
1440 3750 1628 3809 suos,
1678 3727 1958 3791 debeant
2008 3727 2185 3791 indui
2232 3728 2311 3791 de
2360 3748 2576 3813 panno
2624 3727 2811 3809 albo,
2862 3748 3085 3791 eorum
3133 3728 3480 3811 cujuslibet
3527 3728 3973 3792 indumentum
4021 3729 4104 3791 sit
4150 3727 4389 3792 valoris
4436 3736 4501 3793 et
4546 3730 4748 3814 precij
4797 3750 4915 3792 sex

1263 3835 1576 3900 librarum
1623 3835 2131 3918 bononenorum,
2181 3842 2245 3900 et
2294 3835 2584 3921 predicta
2628 3835 2767 3899 fieri
2817 3833 3097 3899 debeant
3145 3832 3225 3898 de
3273 3833 3564 3921 predicta
3610 3856 3860 3899 summa
3907 3856 4105 3921 supra
4148 3856 4264 3921 pro
4312 3835 4527 3899 anima
4577 3836 4823 3901 relicta.

1445 3943 1612 4008 Item
1663 3944 1864 4008 voluit
1912 3951 1976 4007 et
2021 3943 2355 4007 mandavit
2404 3942 2574 4028 quod
2619 3964 2841 4007 omnes
2890 3943 2990 4006 sui
3035 3943 3389 4006 familiares
3438 3943 3728 4024 maseuli,
3764 3944 3874 4028 qui
3906 3944 4170 4007 stabunt
4212 3965 4431 4008 seeum
4478 3951 4767 4029 tempore
4815 3945 4914 4007 sui

1261 4051 1518 4133 obitus,
1568 4057 1632 4115 et
1695 4051 1853 4114 socii
1910 4051 2010 4113 sui
2073 4059 2136 4114 et
2184 4050 2405 4114 bidelli
2458 4049 2811 4114 induantur
2857 4057 2923 4113 et
2967 4050 3208 4114 11611616
3258 4050 3493 4114 (1611661
3542 4050 3811 4135 quilibet
3876 4071 4098 4115 eorum
4169 4049 4249 4114 de
4312 4050 4604 4136 predicta
4664 4071 4914 4114 summa

1262 4180 1460 4245 supra
1508 4159 1735 4223 relicta
1779 4179 1897 4243 pro
1947 4157 2183 4240 anima,
2220 4178 2416 4220 66661
2453 4165 2702 4220 vestem
2749 4157 2966 4221 albam
3015 4157 3213 4243 precii
3261 4165 3324 4220 et
3374 4157 3710 4221 1611616611
3757 4179 3875 4221 sex
3926 4158 4235 4220 librarum
4276 4157 4762 4221 bononenorum
4795 4179 4911 4243 pro

1262 4267 1551 4355 quolibet
1596 4274 1662 4329 et
1706 4264 1997 4350 qualibet
2043 4271 2244 4329 veste.

1440 4374 1606 4438 Item
1655 4372 2001 4437 66616611ιί
2044 4370 2345 4435 Fratrum
2390 4371 2712 4435 Minorum
2748 4372 2921 4435 illius
2955 4371 3256 4454 civitatis,
3293 4371 3356 4435 iu
3393 4393 3520 4456 qua
3554 4371 3689 4457 ipse
3723 4372 4031 4455 magister
4064 4370 4323 4435 Tadeus
4356 4379 4627 4436 testator
4658 4371 4908 4454 obierit,

1262 4483 1485 4547 decem
1533 4481 1733 4544 libras
1781 4479 2264 4543 bononenorum
2316 4478 2394 4542 de
2442 4478 2732 4564 predicta
2781 4501 3032 4542 summa
3080 4488 3144 4543 et
3193 4479 3552 4564 quantitate
3600 4500 3798 4564 supra
3859 4479 4085 4543 relicta
4144 4501 4262 4565 pro
4320 4480 4537 4543 anima
4598 4478 4909 4565 reliquid,

1260 4589 1510 4654 dandas
1558 4597 1622 4651 et
1668 4586 2033 4671 erogandas
2082 4587 2146 4649 16
2196 4586 2484 4670 quolibet
2531 4585 3088 4672 infrascriptorum
3133 4586 3576 4668 terminorum,
3611 4585 3911 4650 videlicet
3952 4586 4174 4650 decem
4221 4586 4420 4650 libras
4463 4606 4580 4672 pro
4623 4586 4914 4671 qualibet

1259 4698 1422 4776 1166,
1457 4695 1703 4760 scilicet
1750 4695 1816 4757 16
1863 4694 2137 4779 septimo
2184 4693 2309 4775 (116,
2345 4693 2697 4778 trigesimO,
2733 4694 3083 4758 centesimo
3131 4700 3195 4758 et
3242 4693 3686 4757 anniversario
3727 4714 3865 4774 666,
3900 4715 4016 4779 1116
4051 4693 4399 4758 refectione
4432 4694 4719 4779 ipsorum
4751 4693 4911 4756 Fra-

1258 4811 1451 4886 trum,
1503 4802 1586 4866 ad
1633 4802 1755 4866 hoc
1801 4808 1875 4864 ut
1923 4822 2037 4886 pro
2087 4801 2303 4864 anima
2350 4801 2492 4883 ejus
2541 4807 2725 4864 orent
2772 4800 2854 4864 ad
2904 4801 3276 4865 Dominum.
3324 4799 3409 4863 Et
3457 4800 3521 4862 in
3587 4821 3666 4863 ea
3730 4800 3991 4864 civitate
4054 4800 4165 4863 ubi
4221 4800 4451 4864 obierit
4513 4800 4913 4885 sepulturam

1259 4933 1443 4976 suam
1492 4931 1632 4974 esse
1682 4909 1887 4973 voluit
1935 4907 2108 4995 apud
2156 4907 2497 4972 ecclesiam
2545 4907 2847 4971 Fratrum
2896 4907 3220 4972 Minorum
3267 4908 3440 4970 illius
3490 4907 3805 4990 civitatis3
3839 4908 3903 4970 in
3947 4928 4074 4992 qua
4108 4907 4363 4992 quidem
4414 4929 4531 4971 sua
4578 4907 4911 4993 sepultura

1259 5027 1325 5084 et
1373 5020 1437 5082 in
1487 5017 1791 5103 expensis
1848 5038 1971 5103 que
2019 5017 2174 5079 fient
2221 5016 2284 5079 16
2336 5037 2414 5079 66
2459 5022 2524 5079 et
2572 5016 2743 5079 circa
2792 5037 2935 5080 eam
2991 5023 3056 5080 et
3104 5017 3244 5100 ejus
3294 5014 3652 5096 occasione,
3701 5015 3983 5101 expendi
4029 5015 4234 5079 161611
4281 5022 4346 5079 61
4390 5014 4531 5078 (1611
4578 5015 4912 5079 mandavit

1260 5125 1340 5189 de
1387 5125 1763 5211 supradicta
1808 5124 2084 5209 pecunia
2131 5123 2358 5187 relicta
2407 5144 2523 5208 pro
2572 5123 2811 5204 anima,
2859 5124 3208 5209 quingente
3231 5124 3308 5188 (2)
3333 5124 3496 5189 libre
3541 5124 4050 5189 bononenorum.

1439 5232 1608 5297 Item
1655 5231 1862 5295 161611
1907 5237 1973 5295 61
2020 5230 2391 5312 mandavit,
2443 5230 2612 5316 quod
2661 5230 2741 5294 de
2789 5230 3161 5315 supradicta
3206 5232 3481 5316 pecunia
3529 5239 3593 5295 et
3639 5251 3891 5294 summa
3936 5229 4165 5294 relicta
4212 5250 4328 5316 pro
4395 5228 4615 5293 anima
4679 5229 4913 5294 dentur

1261 5341 1572 5427 magistro
1639 5338 1924 5403 Guidoni
1986 5338 2066 5402 de
2125 5337 2629 5423 Montepulzano
2693 5345 2942 5423 septem
3005 5338 3168 5402 libre
3230 5338 3755 5420 bononenorum,
3804 5338 4114 5422 magistro
4162 5337 4449 5402 Johanni
4512 5336 4592 5400 de
4640 5336 4912 5401 Ancona

1259 5457 1390 5514 tres
1437 5448 1601 5512 libre
1661 5447 2185 5527 bononenorum,
2235 5452 2299 5510 et
2361 5446 2672 5531 magistro
2735 5445 3023 5510 Johanni
3085 5447 3165 5510 de
3232 5446 3518 5511 Tortona
3577 5454 3710 5511 tres
3774 5446 3937 5510 libre
3998 5446 4506 5509 bononenorum.
4553 5444 4911 5509 Residuum

1257 5577 1434 5639 1616,
1485 5554 1656 5640 (166(1
1703 5553 2038 5633 superabit
2086 5560 2150 5617 et
2197 5561 2460 5639 superat
2508 5574 2547 5616 6
2594 5553 2783 5616 (116116
2832 5553 3066 5637 legatis
3105 5561 3169 5618 et
3203 5554 3442 5617 relictis
3475 5553 3555 5617 de
3589 5552 3879 5639 predicta
3911 5573 4162 5616 summa
4194 5559 4259 5616 et
4291 5553 4652 5638 quantitate
4686 5552 4911 5616 decem

1263 5664 1536 5727 millium
1582 5663 1897 5727 librarum
1942 5661 2429 5725 bononenorum
2476 5661 2849 5724 relictarum
2900 5682 3015 5746 pro
3064 5661 3300 5742 anima,
3330 5661 3524 5744 jussit
3569 5669 3635 5725 et
3681 5660 3884 5724 voluit
3930 5660 4071 5723 dari
4119 5667 4184 5724 et
4232 5659 4531 5723 distribui
4578 5680 4695 5745 per
4737 5681 4910 5723 com-

1259 5771 1590 5835 missarios
1637 5791 1789 5834 suos
1838 5770 2007 5832 inter
2053 5789 2372 5855 pauperes
2421 5769 2663 5833 Christi
2708 5768 2990 5832 civitatis
3038 5768 3329 5832 Bononie
3378 5775 3442 5831 et
3489 5768 3836 5849 districtus,
3872 5767 4116 5831 scilicet
4164 5766 4392 5830 viduas
4433 5787 4773 5852 pauperes,
4808 5787 4911 5830 or·

1256 5879 1507 5966 phanes
1556 5898 1895 5963 pauperes,
1931 5877 2217 5940 infirmos
2265 5898 2606 5962 pauperes,
2640 5876 3020 5940 miserables
3042 5877 3119 5940 (3)
3154 5897 3461 5962 personas
3505 5882 3569 5939 et
3616 5895 4048 5959 vergouzosas
4094 5894 4435 5960 pauperes,
4470 5881 4535 5937 et
4574 5874 4655 5937 ad
4704 5873 4908 5938 domi-

1258 5987 1457 6051 cellas
1506 6006 1825 6071 pauperes
1873 5984 2267 6066 uxorandas,
2303 5990 2366 6047 et
2412 5983 2534 6047 hoc
2583 6005 2698 6068 pro
2733 5983 3175 6048 satisfactione
3223 5989 3287 6047 61
3334 5982 3927 6067 recompensatione
3970 5981 4138 6044 male
4172 5980 4557 6063 ablatorum,
4592 5987 4656 6044 et
4688 5981 4910 6045 illicite

1258 6094 1759 6180 acquisitorum,
1809 6093 1889 6157 de
1938 6092 2171 6178 quibus
2222 6113 2349 6156 non
2396 6098 2493 6155 est
2540 6092 2599 6155 ei
2649 6092 2980 6155 memoria.
3030 6090 3115 6154 Et
3161 6090 3366 6154 voluit
3427 6089 3594 6176 quod
3653 6110 3783 6154 non
3844 6088 4093 6174 possint
4146 6087 4421 6174 predicti
4466 6089 4567 6152 sui
4614 6088 4911 6152 commis-

1258 6202 1411 6267 sarii
1461 6202 1617 6266 dare
1667 6201 1861 6265 alicui
1909 6199 1989 6264 de
2036 6198 2343 6286 predictis
2391 6198 2684 6284 personis
2731 6198 2902 6262 ultra
2952 6197 3379 6284 quantitatem
3426 6196 3657 6282 viginti
3705 6196 4031 6260 soldorum
4078 6194 4585 6278 bononenorum,
4619 6195 4742 6258 nisi
4787 6217 4909 6281 pro

1256 6310 1490 6396 puellis
1523 6308 1940 6396 pauperibus,
1974 6314 2040 6372 et
2072 6307 2345 6371 multum
2380 6306 2821 6392 indigentibus
2852 6305 3226 6388 uxorandis,
3253 6305 3486 6392 quibus
3518 6304 3765 6391 possint
3797 6302 4136 6390 providere
4169 6309 4234 6367 et
4265 6301 4420 6366 dare
4453 6302 4520 6366 16
4550 6302 4911 6366 subsidium

1417 6542 1492 6608 (1,
1533 6544 1564 6593 2
1604 6544 1659 6593 et
1699 6541 1753 6606 3)
1794 6539 1900 6591 Sic.
