5542 7775
2178 693 2558 743 APPEme
2612 695 2914 745 ALTERA

1462 953 1648 1018 XIV.
1684 953 1733 1003 A

760 1169 866 1232 Ex
907 1171 1152 1234 archiro
1198 1172 1359 1255 reye'o
1401 1173 1641 1234 senensi
1654 1195 1677 1252 ,·
1722 1192 1796 1233 ex
1840 1171 2010 1235 Actis
2056 1174 2436 1255 monasterii,

926 1299 1030 1343 seu
1063 1277 1341 1342 abbatiae
1369 1279 1565 1342 sancti
1601 1278 1894 1363 Galqani,
1921 1279 2034 1362 fol.
2068 1278 2202 1342 283
2230 1286 2272 1343 t.

833 1492 915 1557 In
976 1494 1232 1558 nomine
1290 1492 1588 1575 Domini,
1652 1514 1861 1557 amen.
1928 1494 2121 1559 Anno
2189 1495 2476 1559 eiusdem

709 1600 1050 1665 millesimo
1097 1601 1535 1666 ducentesimo
1584 1602 1990 1687 sexagesimo
2031 1602 2333 1686 secundo,
2382 1603 2476 1666 in-

711 1708 989 1773 dictione
1040 1710 1284 1795 quinta,
1334 1709 1436 1773 die
1483 1730 1653 1774 nono
1698 1708 2014 1773 kalendas
2062 1711 2340 1795 augusti.

833 1816 976 1902 Ego
1022 1817 1393 1881 Bonaiunta
1439 1817 1765 1904 quondam
1809 1817 2121 1904 Peponis,
2171 1819 2328 1883 civis
2375 1841 2475 1885 se-

709 1925 947 2007 nensis,
982 1925 1292 2008 notarius,
1325 1947 1443 2011 pro
1491 1926 1703 1990 anime
1751 1946 1891 1989 mee
1938 1926 2221 1990 remedio
2266 1934 2332 1990 et
2371 1948 2471 1991 sa-

706 2031 840 2095 lute
889 2053 966 2096 ac
1019 2033 1397 2097 remissione
1461 2040 1873 2119 peccatorum
1926 2055 2235 2118 meorum,
2285 2033 2471 2100 titulo

705 2138 1069 2204 donationis
1113 2142 1285 2205 inter
1330 2141 1512 2204 vivos
1560 2141 2114 2223 inrevocabiliter,
2164 2142 2254 2206 ita
2300 2142 2470 2228 quod

705 2247 885 2311 nulla
930 2248 1133 2334 possit
1178 2248 1659 2334 ingratitudinis
1706 2270 1902 2313 eausa
1942 2250 2253 2331 revocari,
2286 2250 2469 2315 vobis

705 2356 918 2423 donno
954 2358 1274 2445 Galgano,
1309 2359 1532 2424 abbati
1567 2360 1915 2425 monasteri
1948 2361 2153 2425 sancti
2186 2360 2469 2447 Galgani

704 2465 1128 2530 cisterciensis
1180 2467 1421 2532 ordinis
1482 2467 1818 2531 vulterana
1881 2467 2152 2532 diocesis
2214 2475 2465 2552 vestm,

702 2582 1053 2639 conventus
1099 2581 1163 2639 et
1209 2575 1529 2640 fratruum
1576 2596 1651 2640 ac
1698 2575 2070 2640 monasterii
2110 2577 2307 2640 vestri
2351 2598 2465 2641 no·

703 2682 874 2746 mine
920 2682 1289 2768 recipienti,
1338 2690 1402 2747 et
1464 2705 1579 2770 per
1633 2705 1747 2748 vos
1795 2683 1916 2770 ipsi
1964 2684 2352 2748 monasterio
2401 2684 2466 2748 in

702 2796 1106 2876 perpetuum,
1134 2791 1323 2875 dono,
1351 2791 1454 2875 do,
1488 2791 1672 2857 trado
1705 2799 1899 2878 atque
1932 2793 2211 2857 concedo
2246 2814 2467 2857 omnes

700 2898 897 2963 libros
944 2921 1120 2964 meos
1176 2899 1517 2965 canonicos
1580 2907 1645 2964 et
1705 2900 1950 2984 legales
2013 2921 2089 2965 ac
2149 2901 2469 2986 quoslibet

699 3007 861 3070 alios
927 3007 1385 3093 cuiuscumque
1449 3007 1606 3071 artis
1667 3013 1732 3071 et
1792 3006 2121 3071 facultatis
2183 3009 2468 3072 existant

700 3114 1089 3200 ubicumque
1137 3114 1265 3180 sint
1311 3122 1376 3179 et
1422 3115 1659 3180 alicubi
1693 3115 1954 3179 valeant
1986 3115 2259 3179 inveniri
2292 3116 2461 3202 apud

698 3243 1167 3308 quamcumque
1233 3222 1592 3306 hominem,
1641 3244 1984 3308 personam
2031 3230 2096 3287 et
2143 3224 2354 3287 locum
2400 3230 2466 3288 et

697 3330 1055 3415 spetialiter
1086 3339 1293 3395 totum
1326 3329 1574 3416 Corpus
1622 3331 1779 3394 iuris
1827 3330 2071 3414 civilis,
2106 3330 2276 3416 quod
2323 3331 2462 3417 qui·

698 3436 843 3501 dem
878 3437 1126 3524 Corpus
1166 3445 1263 3502 est
1310 3438 1376 3501 in
1423 3438 1645 3524 primis
1692 3460 1856 3502 unus
1890 3438 2095 3502 codex
2127 3438 2205 3502 de
2239 3439 2464 3503 lietera

695 3566 863 3609 nova
896 3566 1039 3609 eum
1074 3546 1414 3631 Apparatu
1456 3544 1697 3610 domini
1729 3545 1984 3628 Acursi,
2019 3546 2130 3632 qui
2163 3546 2336 3610 valet
2366 3547 2459 3611 vi·

694 3653 858 3738 giuti
917 3660 982 3716 et
1037 3653 1318 3739 quinque
1375 3652 1574 3717 libras
1622 3653 2034 3718 denariorum
2095 3655 2461 3719 senensium

695 3761 1111 3824 minutorum.
1137 3759 1305 3824 Item
1335 3760 1681 3846 Digestum
1715 3760 1918 3825 Vetus
1952 3783 2094 3825 cum
2120 3763 2460 3848 Apparatu

694 3867 935 3933 domini
980 3868 1261 3933 Aezonis
1316 3876 1379 3933 et
1418 3869 1693 3933 Accursi
1740 3867 1962 3956 quo[d]
2010 3870 2186 3935 valet
2231 3870 2462 3957 viginti

692 3976 892 4040 libras
940 3983 1193 4040 monete
1248 3976 1554 4062 predicte.
1601 3977 1769 4041 Item
1814 3977 2159 4063 Digestum
2204 3979 2461 4043 Novum

691 4087 771 4151 de
835 4088 1059 4151 lietera
1121 4109 1289 4150 nova
1351 4108 1496 4151 cum
1542 4087 1882 4173 Apparatu
1930 4088 2240 4172 Accursi,
2289 4089 2461 4176 quod

689 4195 863 4258 valet
912 4195 1179 4280 triginta
1224 4194 1425 4258 libras
1474 4194 1674 4282 ipsius
1723 4203 1997 4261 monete.
2040 4196 2207 4261 Item
2246 4197 2457 4262 Infor-

689 4302 928 4365 ziatum
977 4310 1041 4365 et
1088 4308 1218 4365 tres
1265 4308 1483 4388 partes
1526 4302 1590 4365 in
1624 4323 1751 4367 uno
1783 4303 2110 4367 volumine
2145 4326 2289 4368 cum
2321 4305 2457 4392 Ap-

687 4416 922 4495 paratu
967 4408 1211 4473 domini
1257 4408 1559 4494 Ugolini,
1610 4410 1721 4495 qui
1767 4410 2011 4474 scilicet
2072 4412 2237 4475 liber
2282 4413 2458 4477 valet

684 4517 916 4603 viginti
962 4516 1162 4580 libras
1209 4524 1462 4580 monete
1496 4516 1766 4602 prefate.
1802 4517 1967 4581 Item
2000 4518 2455 4585 Auctenticuin

689 4647 835 4690 cum
876 4625 1081 4688 tribus
1128 4624 1309 4688 libris
1343 4624 1596 4689 Codicis
1630 4624 1696 4689 in
1724 4646 1855 4690 uno
1902 4626 2248 4709 volumine,
2283 4627 2455 4713 quod

685 4732 862 4796 valet
908 4732 1130 4796 decem
1176 4732 1376 4796 libras
1424 4732 1709 4796 eiusdem
1752 4742 2027 4798 monete.
2061 4735 2226 4798 Item
2261 4735 2453 4800 Insti-

686 4839 966 4904 tutiones
1000 4862 1146 4904 eum
1178 4840 1519 4927 Apparatu
1550 4839 1895 4925 Accu[r]si,
1923 4864 2045 4927 que
2072 4843 2292 4906 valent
2322 4852 2452 4908 tres

686 4946 885 5010 libras
946 4955 1202 5011 monete
1251 4947 1521 5033 prefate.
1570 4947 1845 5035 Insuper
1902 4958 1999 5014 est
2058 4972 2224 5014 unus
2287 4952 2452 5016 alius

684 5053 889 5119 codex
934 5054 1014 5118 de
1062 5054 1266 5117 veteri
1310 5054 1536 5119 lietera
1592 5076 1737 5119 cum
1784 5056 2125 5142 Apparatu
2173 5058 2451 5124 Aczonis

684 5168 750 5225 et
781 5161 924 5224 aliis
957 5161 1141 5225 bonis
1184 5168 1248 5225 et
1293 5161 1560 5225 utilibus
1608 5162 1821 5245 closiS,
1854 5164 1962 5249 qui
2011 5165 2183 5229 valet
2229 5165 2450 5231 decem

683 5275 749 5332 et
796 5277 937 5333 octo
969 5268 1169 5332 libras
1202 5268 1516 5332 dictorum
1551 5268 1980 5334 denariorum.
2013 5270 2323 5336 Preterea
2354 5280 2453 5338 est

683 5375 882 5441 Suma
935 5375 1214 5440 Aezonis
1279 5397 1474 5463 super
1535 5375 1771 5441 Codice
1819 5384 1882 5441 et
1929 5377 2449 5445 Institutionibus

682 5483 1040 5569 spetialiter
1086 5483 1281 5565 edita,
1317 5504 1440 5568 que
1473 5483 1740 5547 totidem
1786 5484 1980 5548 valet.
2015 5486 2314 5571 Amplius
2351 5493 2450 5552 est

681 5598 747 5655 et
768 5590 1060 5654 Libellus
1085 5589 1352 5653 dominii
1369 5590 1446 5655 (1)
1472 5590 1765 5654 Roffredi
1790 5591 1868 5655 dc
1894 5591 2269 5658 Benevento
2302 5616 2448 5658 eum

680 5698 946 5763 Summa
971 5698 1207 5762 Acursi
1238 5720 1432 5784 super
1456 5698 1875 5763 Autenticum
1900 5707 1965 5764 et
1996 5722 2140 5765 cum
2167 5702 2447 5787 questio-

678 5807 867 5871 nibus
917 5806 1194 5872 Aezonis
1241 5814 1306 5871 et
1344 5806 1748 5872 dominorum
1780 5807 1971 5872 Pileii
2003 5817 2069 5872 et
2101 5808 2448 5874 Guarnerii

680 5921 873 6000 atque
908 5936 1048 5979 cnm
1084 5914 1467 5979 Broccardis
1514 5914 1814 5997 Aczonis,
1863 5937 1981 5980 nee
2029 5938 2154 5980 non
2195 5924 2260 5981 et
2302 5918 2446 5982 aliis

678 6020 953 6103 libellis,
1003 6021 1193 6086 closis
1241 6030 1305 6087 et
1358 6023 1716 6087 rationibus
1764 6024 1827 6087 in
1877 6024 2065 6088 unius
2122 6026 2445 6091 volumine

678 6129 848 6212 libri,
882 6129 993 6215 qui
1032 6130 1207 6194 valet
1255 6130 1620 6217 quindecim
1667 6132 1865 6195 libras
1915 6141 2265 6197 memorate
2312 6157 2443 6200 mo-

677 6244 846 6301 nete.
882 6236 1091 6323 Super
1124 6243 1221 6302 est
1252 6259 1507 6323 quoque
1541 6245 1604 6302 et
1638 6237 1886 6325 Corpus
1910 6238 2080 6303 Iuris
2114 6240 2444 6326 Canonici,

676 6343 846 6430 quod
880 6351 977 6407 est
1008 6343 1431 6409 Decretorum
1478 6344 1660 6429 liber,
1696 6345 1805 6432 qui
1844 6346 2060 6411 valeat
2107 6346 2445 6413 duodecim

799 6577 878 6643 (1)
918 6575 1023 6628 Sic.

4213 679 4362 752 301

2602 849 2803 913 libras
2844 859 3098 916 monete
3131 852 3417 916 senensis
3452 853 3715 917 minute.
3749 852 3917 918 Item
3948 861 4046 920 est
4076 861 4142 919 et
4172 854 4370 919 Liber

2603 955 3042 1021 Decretalium
3091 980 3440 1043 novarum,
3491 960 3600 1046 qui
3654 961 3831 1025 valet
3891 961 4112 1026 decem
4168 962 4368 1027 libras

2601 1071 2855 1128 monete
2904 1066 3366 1151 prenominate.

2730 1171 2971 1237 Omnes
3019 1173 3334 1259 siquidem
3382 1175 3529 1239 libri
3575 1175 3666 1240 sie
3705 1176 4036 1261 sigillatim
4076 1177 4368 1264 expressi

2600 1287 2757 1365 aput
2803 1302 2918 1343 vos
2965 1287 3030 1343 et
3061 1288 3448 1345 conventum
3479 1290 3629 1346 sunt
3661 1283 3725 1346 in
3758 1285 4146 1348 monasterio
4179 1286 4367 1350 sicuti

2602 1386 2711 1473 qui
2758 1409 2868 1452 eos
2908 1388 3091 1452 vobis
3125 1390 3511 1453 manualiter
3557 1390 3704 1455 dedi
3736 1399 3800 1455 et
3830 1392 4088 1475 tradidi,
4123 1415 4364 1479 vosque

2602 1493 2846 1559 habere
2895 1517 2970 1559 ac
3017 1503 3236 1560 tenere
3284 1496 3456 1582 ipsos
3505 1498 3813 1563 confiteor
3856 1507 3922 1564 et
3962 1500 4101 1584 jam
4140 1522 4364 1588 eorpo-

2603 1602 2828 1666 raliter
2876 1602 3223 1689 possidere.
3272 1603 3560 1678 Quorum
3622 1606 4090 1691 possessionem
4136 1608 4202 1671 in
4249 1630 4365 1673 vos

2603 1714 2669 1772 et
2700 1710 3162 1773 monasterium
3194 1710 3610 1795 transferens,
3628 1712 3812 1776 vobis
3843 1734 3988 1776 eam
4021 1714 4267 1778 ratifico
4300 1720 4366 1778 et

2603 1816 2909 1881 confirmo
2958 1823 3028 1880 ut
3081 1816 3219 1882 iure
3274 1816 3540 1882 dominii
3594 1824 3660 1883 et
3702 1819 3892 1905 plene
3951 1821 4362 1905 proprietatis

2599 1932 2665 1989 et
2709 1925 3131 2012 possessionis
3177 1946 3398 1990 omnes
3443 1926 3643 1992 libros
3689 1948 3865 1991 meos
3910 1934 4043 1991 tam
4090 1929 4362 2015 prescri-

2598 2040 2743 2120 ptos
2792 2056 2987 2120 quam
3033 2035 3194 2101 alios
3234 2057 3522 2123 quosque
3555 2035 3825 2100 ubilibet
3857 2037 4267 2101 inveniantur
4297 2045 4364 2102 et

2597 2141 3131 2229 quandocumque
3180 2142 3259 2207 de
3292 2151 3504 2207 cetero
3536 2142 3851 2224 habeatis,
3886 2144 4179 2227 teneatiS,
4214 2166 4360 2230 pos-

2595 2247 2860 2312 sideatis
2908 2257 2971 2313 et
3016 2249 3270 2314 faciatis
3316 2250 3549 2314 exinde
3582 2250 3885 2336 quicquid
3917 2250 4101 2314 vobis
4135 2258 4198 2314 et
4229 2250 4359 2314 fra-

2593 2355 2801 2421 tribus
2848 2377 2924 2421 ae
2970 2357 3445 2421 suecessoribus
3485 2357 3715 2422 vestris
3761 2357 3976 2422 facere
4023 2358 4357 2445 placuerit.

2591 2462 2695 2529 Do
2728 2465 2993 2551 insuper
3023 2465 3204 2530 vobis
3236 2475 3301 2529 et
3331 2465 3640 2530 fratribus
3670 2465 3903 2530 vestris
3942 2466 4213 2530 liberam
4245 2489 4358 2552 po-

2592 2578 2893 2635 testatem
2939 2572 3224 2659 ipsorum
3270 2573 3580 2637 librorum
3611 2594 3920 2655 meorum,
3955 2594 4114 2659 quos
4148 2574 4358 2638 adhuc

2594 2699 2720 2743 non
2754 2679 3009 2743 habetis
3042 2701 3158 2744 nee
3191 2679 3363 2766 apud
3397 2702 3511 2745 vos
3543 2688 3712 2763 sunt,
3739 2681 4034 2766 quotiens
4067 2688 4131 2744 et
4157 2702 4360 2766 quan-

2593 2785 2675 2851 do
2722 2788 3061 2873 potueritis
3108 2794 3173 2851 et
3219 2788 3570 2872 volueritis,
3603 2809 3720 2875 per
3760 2811 3874 2853 vos
3922 2797 3988 2854 et
4035 2811 4148 2875 per
4194 2790 4356 2854 alios

2593 2893 2954 2980 plenariam
2998 2896 3497 2982 possessionem,
3548 2896 3930 2961 auctoritate
3978 2905 4213 2979 vestra,
4262 2897 4357 2961 in-

2592 3001 2927 3087 grediendi
2974 3009 3039 3066 et
3085 3003 3441 3089 accipiendi
3486 3011 3552 3067 et
3591 3011 3661 3068 ut
3700 3004 3918 3067 statim
3949 3004 4355 3090 possideatis,

2592 3131 2693 3173 me
2740 3131 2826 3174 ex
2871 3131 3042 3174 nunc
3088 3132 3197 3174 eos
3245 3112 3563 3175 constituo
3609 3118 3824 3176 vestro
3870 3119 3935 3175 et
3980 3111 4355 3176 monasterii

2591 3220 2788 3282 vestri
2833 3219 3091 3284 nomine
3140 3220 3488 3306 possidere.

2712 3326 2932 3412 thue
2979 3328 3263 3391 omnium
3300 3327 3613 3391 librorum
3643 3348 3934 3391 meorum
3965 3333 4098 3390 tam
4131 3347 4353 3391 eorum

2590 3434 2701 3520 qui
2746 3441 2906 3520 aput
2950 3456 3065 3500 vos
3111 3442 3295 3518 sunt,
3346 3457 3541 3521 quam
3605 3456 3829 3500 eorum
3875 3434 3984 3520 qui
4031 3456 4158 3498 non
4205 3443 4355 3498 sunt

2587 3541 2801 3606 adhuc
2847 3541 3017 3628 apud
3068 3564 3202 3625 vos,
3238 3543 3302 3606 in
3342 3563 3596 3607 omnem
3642 3543 3854 3607 locum
3901 3549 3966 3606 et
3997 3544 4106 3626 jus
4139 3564 4353 3606 meum

2589 3649 2957 3713 subcedatis
3003 3649 3376 3714 universum
3422 3649 3656 3714 exinde
3704 3672 3818 3714 vos
3866 3657 3929 3714 et
3976 3650 4209 3713 fratres
4241 3671 4350 3714 ve-

2588 3764 2753 3822 stros
2802 3758 3060 3821 nomine
3108 3758 3261 3822 dicti
3315 3757 3688 3822 monasterii
3747 3757 3814 3821 in
3875 3779 4013 3821 rem
4068 3764 4351 3821 vestram

2586 3873 3034 3953 procuratores
3077 3865 3243 3932 facio
3276 3873 3340 3931 et
3372 3866 3690 3931 constituo
3722 3872 3788 3930 et
3823 3865 4082 3952 possitis
4130 3887 4347 3951 agere,

2586 3976 2889 4062 experiri,
2938 3977 3237 4062 excipere
3292 3982 3358 4040 et
3417 3975 3731 4062 replicare
3777 3996 3894 4061 pro
3942 3974 4239 4038 omnibus
4286 3982 4352 4039 et

2587 4083 2860 4169 singulis
2914 4084 3223 4147 adversus
3288 4104 3542 4147 omnem
3603 4084 3854 4165 locum,
3899 4082 4223 4147 hominem
4285 4090 4351 4146 et

2585 4213 2949 4278 personam,
2977 4199 3040 4256 et
3064 4192 3278 4257 facere
3304 4214 3428 4278 que
3460 4213 3582 4278 ego
3609 4191 3746 4279 ipse
3777 4191 3990 4256 facere
4018 4190 4347 4277 posse[m].

2583 4299 2988 4365 Promietens
3036 4321 3145 4364 eos
3193 4300 3376 4364 vobis
3423 4300 3693 4364 ulterius
3740 4321 3869 4364 non
3916 4300 4177 4383 tollere,
4218 4321 4348 4365 non

2584 4408 2949 4491 molestare,
2984 4414 3083 4472 set
3120 4408 3203 4472 ab
3251 4408 3426 4472 omni
3469 4407 3726 4472 homine
3772 4407 4117 4471 defendere
4158 4415 4223 4472 et
4252 4408 4347 4472 ‹li-

2583 4515 2899 4601 sbrigare,
2932 4524 2998 4580 et
3043 4516 3214 4601 quod
3254 4516 3363 4601 jus
3411 4537 3623 4580 meum
3657 4536 3852 4602 super
3889 4515 4010 4581 1100
4043 4516 4201 4580 nulli
4236 4516 4347 4580 alii

2581 4623 2805 4687 datum
2851 4630 2950 4687 est
2996 4645 3111 4688 seu
3158 4623 3546 4707 alienatum,
3593 4623 3714 4688 sub
3766 4645 3936 4710 pena
3982 4623 4161 4710 dupli
4207 4625 4346 4689 eius

2579 4732 2751 4796 unde
2798 4732 2893 4795 lix
2938 4732 3121 4796 fieret
3167 4732 3541 4796 solemniter
3585 4732 3937 4818 promissa;
3971 4741 4036 4796 et
4076 4733 4194 4797 hec
4226 4733 4346 4796 sub

2580 4840 2977 4926 obligatione
3024 4840 3339 4904 bonorum
3385 4846 3452 4904 et
3494 4840 3806 4904 heredum
3860 4862 4169 4905 meorum.
4216 4841 4347 4905 Re·

2579 4948 2872 5034 numptio
2924 4968 3179 5033 quoque
3241 4948 3308 5010 in
3369 4947 3493 5011 hiis
3553 4947 3727 5012 omni
3788 4948 4153 5034 exceptioni
4217 4969 4346 5013 non

2578 5054 2748 5119 facte
2796 5054 3160 5119 donationis
3207 5061 3273 5118 et
3318 5076 3515 5118 causa
3559 5055 4042 5141 ingratitudinis
4092 5056 4347 5141 legibus

2578 5170 2643 5227 et
2689 5162 2968 5246 statutis,
3017 5162 3580 5226 constitutionibus
3635 5170 3701 5226 et
3743 5162 4037 5245 decretis,
4080 5184 4205 5249 que
4252 5164 4346 5229 lo·

2577 5276 2810 5335 cuntur
2857 5269 2936 5334 de
2984 5269 3439 5334 donationibus
3493 5269 3906 5352 revocandis,
3957 5270 4346 5336 condictioni
4427 5288 4432 5299 ·

2577 5377 2848 5441 indebiti
2895 5385 2960 5442 et
3006 5377 3143 5441 sine
3191 5398 3408 5459 eausa,
3442 5376 3567 5442 fori
3611 5377 3953 5464 privilegio
4000 5385 4066 5442 et
4113 5379 4344 5465 cuique

2576 5485 2733 5550 iuris
2766 5493 2832 5550 et
2862 5485 3080 5571 legum
3119 5484 3383 5549 auxilio.
3418 5484 3604 5550 Licet
3634 5490 3851 5549 autem
3885 5485 4130 5550 abitum
4165 5486 4343 5552 obla·

2576 5601 2790 5658 torum
2836 5593 3215 5657 clericorum
3270 5592 3467 5656 vestri
3527 5594 3901 5658 monasterii
3966 5601 4217 5681 portem
4277 5600 4343 5659 et

2571 5701 2966 5788 portaverim
3011 5700 3289 5784 iamdiu,
3337 5701 3457 5766 hec
3511 5708 3730 5766 tamen
3777 5701 3945 5767 facio
3994 5710 4344 5789 antequam

2572 5811 2775 5877 verbo
2821 5812 3150 5898 professus
3198 5812 3496 5877 existam.

2695 5918 2841 6005 Ego
2888 5940 3043 5983 vero
3097 5918 3544 6006 infrascriptus
3577 5919 3982 5983 Alamannus
4030 5920 4340 6001 notarius,

2572 6026 2827 6113 prefato
2875 6026 3134 6092 domino
3181 6027 3549 6092 Bonaiunte
3594 6027 3837 6092 volenti
3902 6035 3967 6091 et
4012 6028 4343 6093 confitenti

2574 6156 2649 6199 ac
2698 6135 2762 6198 in
2811 6156 2880 6198 se
2927 6143 3155 6222 sponte
3203 6134 3607 6220 suscipienti,
3655 6135 3918 6222 precepi
3962 6157 4079 6222 per
4124 6157 4341 6200 sacra-

2572 6250 2881 6326 mentum,
2916 6243 3172 6307 nomine
3219 6243 3617 6328 guarantisie
3663 6243 4016 6308 secundum
4064 6243 4234 6330 quod
4274 6244 4341 6307 in

2573 6351 2921 6417 constituto
2992 6350 3297 6416 Oomunis
3366 6352 3656 6417 senensis
3725 6352 3959 6417 dicitur
4004 6352 4339 6435 contineri,
