5542 7775
1217 539 1249 608 1
1268 539 1312 608 4
2795 557 3274 607 nouum-:nris

2985 907 3076 970 ΙΙ.

2750 1086 2944 1169 1217,
2991 1086 3079 1149 26
3123 1086 3307 1151 iunii.

2495 1261 2597 1326 Ex
2646 1261 2874 1327 eodem
2919 1269 3115 1344 tomo,
3168 1284 3337 1327 num.
3387 1262 3571 1327 XIV.

1493 1459 1831 1546 [Injunyit
1879 1459 2288 1543 scholaribus,
2337 1481 2410 1526 ne
2453 1460 2912 1525 bononiensium
2962 1461 3208 1525 Statura
3252 1469 3462 1525 contra
3507 1483 3717 1525 eorum
3762 1461 4092 1526 libertatem
4131 1463 4550 1547 promulyata‚

2468 1569 2597 1633 ullo
2634 1576 2814 1654 ρασίυ
2859 1589 3104 1633 servare
3139 1570 3504 1652 promittant
3511 1566 3577 1650 J.

1384 1765 1716 1831 Honorius
1783 1764 2002 1829 III.(¹)
2053 1764 2471 1830 scholaribus
2518 1764 2838 1830 universis
2887 1763 2965 1828 de
3013 1764 3221 1847 Urbe,
3270 1764 3348 1829 de
3397 1764 3753 1851 Campania
3799 1775 3864 1830 et
3910 1764 3988 1830 de
4036 1765 4272 1831 Tuscia
4319 1765 4610 1831 Bononie
4660 1790 4830 1832 com-

1205 1873 1627 1937 morantibus.

1382 1979 1526 2045 Etsi
1571 1981 1843 2045 multam
1887 1980 2313 2063 honestatem,
2361 1980 2489 2046 imo
2537 1981 2988 2045 necessitatem
3035 1980 3200 2044 sicut
3246 1980 3552 2063 asseritis,
3599 2001 3795 2045 causa
3837 1981 4182 2063 contineat,
4217 2003 4341 2067 que
4387 2003 4503 2047 vos
4551 1981 4634 2046 ad
4682 2005 4833 2048 con-

1204 2086 1591 2152 trahendam
1638 2087 2011 2152 societatem
2058 2086 2350 2171 induxit,
2399 2088 2550 2174 quia
2596 2094 2812 2152 tamen
2861 2086 3217 2168 interdum,
3266 2109 3344 2151 ea
3391 2109 3515 2173 que
3559 2088 3729 2153 bono
3786 2087 4169 2153 inchoantur
4215 2088 4529 2176 principio
4577 2090 4638 2154 in
4687 2111 4835 2177 pra·

1202 2216 1356 2259 vum
1405 2193 1810 2260 deducuntur
1868 2194 2115 2260 exitum
2178 2216 2294 2281 per
2354 2196 2646 2276 abusum,
2696 2194 2992 2280 diligenti
3038 2216 3151 2258 vos
3199 2194 3382 2258 decet
3428 2194 3857 2259 sollicitudine
3907 2216 4284 2281 precavere,
4333 2217 4450 2279 ne,
4499 2198 4834 2262 occasione

1202 2302 1530 2367 societatis
1578 2302 1778 2389 ipsius
1827 2324 1865 2366 a
1928 2302 2111 2367 vobis
2174 2303 2392 2388 aliqua
2454 2311 2941 2388 presumantur,
2992 2323 3115 2387 que
3164 2302 3614 2367 scholasticam
3659 2303 3722 2366 in
3773 2303 3990 2389 aliquo
4047 2302 4401 2367 dedeceant
4463 2304 4831 2391 puritatem.

1203 2409 1618 2497 Quapropter
1661 2410 2169 2475 Universitatem
2216 2417 2497 2473 vestram
2564 2431 2898 2473 monemus
2957 2416 3022 2473 et
3085 2409 3504 2473 exhortamur
3565 2410 3627 2473 in
3691 2410 4003 2491 Domino,
4052 2432 4168 2497 per
4228 2411 4585 2497 apostolica
4647 2412 4830 2476 vobis

1201 2520 1444 2606 scripta
1483 2518 1887 2602 mandantes,
1922 2526 2239 2605 quatenus
2272 2518 2338 2581 in
2370 2518 2617 2582 artibus
2664 2517 2896 2581 vestris
2943 2538 3087 2581 eam
3136 2516 3215 2582 de
3262 2525 3474 2583 cetero
3521 2518 3898 2584 modestiam
3932 2518 4306 2601 observetis,
4340 2526 4412 2583 ut
4458 2526 4522 2584 et
4569 2518 4834 2583 iufamie

1201 2633 1423 2691 notam
1486 2634 1551 2691 et
1611 2648 1828 2692 rerum
1891 2624 2297 2712 dispendium
2352 2625 2611 2689 omnino
2659 2624 2904 2704 vitetis3
2954 2624 3033 2688 de
3082 2624 3340 2688 civitate
3388 2625 3601 2706 exire,
3652 2646 3845 2711 quam
3892 2624 4159 2711 perjurii
4207 2632 4456 2689 reatum
4506 2626 4831 2690 incurrere

1200 2734 1415 2820 potius
1462 2734 1798 2821 eligentes,
1847 2735 1902 2798 si
1948 2734 2033 2797 ad
2079 2734 2355 2798 alterum
2401 2730 2836 2819 predictorum
2883 2753 2998 2818 per
3045 2739 3428 2817 potestatem
3477 2732 3818 2818 contigerit
3863 2754 3976 2796 vos
4023 2733 4292 2797 arctari:
4343 2754 4457 2797 vos
4512 2733 4683 2797 enim
4729 2754 4832 2798 so·

1202 2842 1504 2907 cietatem
1551 2842 1934 2924 dissolvere,
1984 2849 2095 2905 aut
2143 2848 2454 2905 statutum
2500 2839 2659 2903 illud
2709 2845 2933 2904 contra
2979 2839 3345 2904 libertatem
3391 2840 3778 2905 scholarium
3819 2839 4049 2904 vestris
4086 2839 4358 2906 Statutis
4390 2839 4671 2904 inserere
4704 2861 4831 2904 non

1202 2950 1493 3036 potestis,
1528 2950 1639 3037 qui
1670 2957 2013 3034 utrumque
2046 2969 2306 3012 servare
2340 2953 2405 3011 et
2451 2968 2645 3032 quam
2692 2946 2961 3033 potestis
3006 2946 3377 3032 diligentius
3423 2968 3788 3033 procurare,
3829 2945 3952 3010 fide
3996 2945 4395 3033 interposita,
4429 2946 4831 3034 promisistis.

1377 3057 1625 3124 Datum
1666 3056 1968 3142 Anagnie
2015 3062 2201 3120 sexto
2248 3053 2563 3119 kalendas
2603 3054 2796 3139 junii,
2845 3053 3267 3118 Pontificatus
3315 3054 3515 3118 nostri
3561 3074 3730 3118 anno
3781 3054 4006 3139 primo.

2957 3338 3084 3403 III.

2742 3519 2936 3601 1219,
2983 3520 3070 3581 27
3117 3519 3295 3582 iunii.

2483 3696 2587 3761 Ex
2632 3696 2860 3762 eodem
2907 3703 3100 3777 tom0,
3150 3716 3323 3759 num.
3371 3694 3555 3758 XVI.

1304 3900 1717 3985 [Potestatem
1764 3897 2210 3962 Archidiacono
2253 3895 2465 3960 bonon.
2514 3896 2786 3981 larqt‘tur
2829 3895 3096 3959 soli-endi
3139 3916 3178 3957 a
3224 3896 3498 3959 censuris
3547 3896 3950 3961 ecclesiasticis
3996 3897 4296 3961 scholares
4341 3918 4413 3959 ac
4458 3896 4726 3960 doctores

2001 4005 2418 4088 bononienses,
2466 4006 2575 4089 qui
2620 4005 2909 4068 violentas
2953 4024 3175 4066 manus
3219 4005 3286 4066 in
3330 4004 3572 4067 clericos
3619 4004 3958 4081 injecissent
3968 4002 4034 4086 J.

1374 4205 1706 4270 Honorius
1752 4202 1880 4267 III.
1909 4202 1987 4266 (2)
2034 4199 2512 4266 Archidiacono
2558 4198 2968 4264 bononiensi.

1377 4310 1815 4377 Consideratis
1847 4307 2347 4392 circumstantijs
2378 4313 2740 4393 temporum
2772 4313 2837 4369 et
2874 4305 3182 4388 locorum,
3209 4305 3383 4391 rigor
3421 4306 3670 4390 justitie
3718 4305 3908 4370 debet
3941 4306 4288 4392 aliquando
4323 4308 4820 4373 mansuetudine

1195 4419 1579 4506 temperari,
1627 4424 1699 4482 ut
1744 4416 1879 4481 vini
1925 4415 2330 4502 compunctio
2374 4414 2640 4478 lenitate
2688 4414 2813 4479 olei
2862 4413 3192 4498 mitigetur
3236 4420 3301 4478 et
3361 4419 3661 4500 peccator
3723 4414 3786 4478 in
3849 4413 4240 4499 profundum
4302 4435 4430 4479 non
4488 4415 4706 4479 veniat
4765 4422 4832 4479 et

1204 4531 1607 4609 contemnat,
1654 4524 1994 4612 presertim
2041 4544 2187 4587 cum
2234 4522 2372 4586 sine
2422 4521 2755 4608 dispendio
2805 4520 3222 4586 ecclesiarum
3267 4541 3727 4607 usquequaque
3775 4521 4021 4584 servari
4069 4542 4195 4584 non
4246 4522 4450 4607 possit
4494 4521 4682 4607 vigor
4728 4544 4831 4587 ec-

1200 4635 1558 4701 clesiastice
1606 4632 1964 4719 discipline.
2014 4631 2185 4694 Sane
2241 4650 2388 4694 cum
2436 4650 2587 4715 sepe
2635 4629 2970 4713 contingat
3014 4626 3184 4714 quod
3241 4628 3305 4691 in
3366 4627 3624 4692 civitate
3687 4628 4066 4693 bononiensi
4129 4629 4346 4714 plures
4408 4628 4701 4693 doctores
4764 4637 4830 4693 et

1201 4742 1529 4807 scholares
1585 4747 1846 4827 propter
1892 4737 2210 4802 violentas
2256 4735 2632 4800 iniectiones
2695 4755 3003 4798 manuum
3049 4734 3114 4797 in
3162 4734 3426 4799 clericos
3481 4734 4017 4799 excommunicati
4067 4733 4401 4817 decedant,
4446 4756 4520 4799 ac
4569 4735 4683 4819 alij
4731 4757 4832 4798 re-

1200 4850 1472 4915 duentes
1519 4847 1602 4912 ad
1650 4845 1912 4934 propria
1957 4849 2461 4931 promoveantur
2516 4841 2598 4906 ad
2653 4842 2910 4906 ordines
2972 4841 3392 4906 absolutionis
3454 4841 3764 4906 beneficio
3830 4863 3953 4906 non
4012 4842 4309 4924 obtento,
4359 4841 4565 4923 unde,
4616 4850 4831 4928 preter

1199 4956 1747 5043 irregularitatem
1796 4975 1991 5039 quam
2038 4953 2392 5034 incurrunt,
2434 4950 2791 5036 improvide
2840 4950 2904 5013 in
2952 4948 3320 5034 hujusmodi
3369 4950 3553 5012 multi
3597 4948 3884 5013 nolentes
3931 4971 4118 5012 suum
4166 4949 4455 5013 confiteri
4503 4949 4828 5033 delictum,

1200 5070 1583 5154 paupertate
1629 5063 1735 5127 vel
1782 5060 2153 5125 infirmitate
2198 5058 2475 5145 gravati,
2510 5057 2609 5121 vel
2661 5058 2824 5121 alias
2871 5056 3308 5121 imbecillitate
3356 5057 3552 5120 animi
3584 5056 3993 5138 dormientes,
4029 5078 4108 5120 ne
4144 5056 4423 5121 confessi
4461 5055 4544 5120 ad
4594 5056 4830 5121 Sedem

1198 5173 1622 5262 apostolicam
1671 5169 2213 5250 transmittantur,
2262 5166 2326 5230 in
2374 5164 2654 5252 peccatis
2702 5165 2836 5228 suis
2883 5164 3333 5228 miserabiliter
3379 5164 3757 5247 moriuntur,
3791 5163 3925 5228 Nos
3975 5164 4175 5250 igitur
4221 5185 4415 5250 super
4459 5163 4827 5248 hujusmodi

1196 5281 1500 5371 periculis
1543 5279 1833 5344 volentes
1866 5276 2109 5340 eisdem
2141 5273 2508 5339 doctoribus
2541 5280 2606 5337 et
2638 5272 3038 5338 scholaribus
3070 5280 3339 5358 paterna
3372 5270 3799 5337 sollicitudine
3832 5271 4190 5358 providere,
4226 5293 4499 5357 quorum
4531 5272 4830 5336 nolumus

1195 5391 1363 5456 sicut
1426 5410 1544 5453 nec
1615 5385 1913 5472 expedit,
1966 5381 2265 5447 Studium
2310 5403 2425 5468 per
2472 5380 2830 5445 absentiam
2877 5379 3209 5466 impediri,
3257 5380 3639 5445 auctoritate
3687 5379 3803 5443 tibi
3851 5379 4245 5465 presentium
4301 5378 4711 5464 indulgemus
4759 5385 4831 5442 ut

1196 5497 1354 5583 ipsis
1387 5495 1497 5581 qui
1531 5493 1613 5558 ad
1646 5492 1922 5557 invicem
1970 5489 2034 5552 in
2083 5508 2173 5570 se,
2208 5493 2319 5551 aut
2352 5487 2417 5550 in
2449 5487 2611 5550 alias
2642 5508 2953 5574 personas
2999 5487 3466 5550 ecclesiasticas
3499 5507 3726 5550 manus
3775 5485 4108 5549 iniecerint
4154 5484 4494 5568 violentaS,
4531 5485 4654 5548 nisi
4693 5492 4828 5548 tam

1196 5603 1416 5691 gravis
1465 5601 1679 5684 fuerit,
1713 5606 1826 5663 aut
1873 5596 2153 5662 enormis
2201 5616 2504 5659 excessus
2539 5601 2610 5658 ut
2649 5595 2877 5659 merito
2910 5595 3038 5658 sint
3070 5594 3152 5657 ad
3186 5594 3418 5658 Sedem
3452 5593 3872 5679 apostolicam
3905 5591 4293 5673 destinandi,
4321 5592 4516 5676 juxta
4555 5591 4831 5656 formam

1193 5711 1485 5778 Ecclesie
1547 5707 1932 5773 beneficium
1995 5702 2419 5769 absolutionis
2483 5701 2837 5788 impendas.
2882 5701 3064 5765 Nulli
3124 5723 3278 5787 ergo
3342 5701 3600 5766 omnino
3648 5700 3978 5765 homiuum
4039 5700 4234 5764 liceat
4293 5699 4460 5763 hanc
4522 5699 4830 5785 paginam

1195 5828 1412 5886 nostre
1474 5813 1904 5882 concessionis
1966 5811 2356 5897 iufringere,
2405 5809 2509 5873 vel
2572 5810 2631 5874 ei
2697 5830 2858 5872 ausu
2914 5809 3251 5873 temerario
3315 5808 3667 5889 contraire3
3732 5808 3785 5870 si
3834 5808 3975 5893 quis
4039 5814 4256 5871 autem
4319 5806 4441 5871 hoc
4505 5812 4828 5870 attentare

1195 5924 1678 6015 presumpserit,
1728 5920 2241 6006 indignationem
2292 5916 2745 6004 omnipotentis
2793 5915 2919 5981 Dei
2966 5937 3040 5980 ac
3087 5915 3424 5980 beatorum
3477 5915 3650 5980 Petri
3697 5921 3762 5979 et
3807 5914 3998 5979 Pauli
4047 5914 4486 6001 apostolorum
4533 5914 4711 5998 ejus,
4760 5934 4829 5977 sc

1193 6034 1447 6101 noverit
1493 6033 1922 6097 incursurum.

1374 6140 1621 6205 Datum
1664 6138 1872 6202 Reate
1922 6136 2145 6221 quinto
2191 6133 2506 6198 kalendas
2546 6132 2715 6217 julii,
2763 6131 3185 6197 Pontificatus
3235 6130 3437 6196 nostri
3484 6151 3653 6195 anno
3701 6130 3912 6194 tertio.

1351 6426 1430 6490 (1)
1460 6424 1541 6475 Ex
1570 6422 1705 6491 Reg.
1735 6421 1778 6474 Ι.
1806 6419 2035 6473 Honorii
2064 6418 2196 6485 111.,
2218 6435 2304 6487 ep.
2326 6422 2449 6484 458,
2472 6417 2510 6469 f.
2537 6420 2655 6469 110.
3233 6416 3311 6480 (2)
3350 6414 3432 6465 Ex
3471 6414 3605 6483 Reg.
3635 6413 3707 6466 11.
3730 6414 3954 6466 Honorii
3999 6413 4131 6479 111.,
4171 6430 4257 6482 ep.
4285 6416 4409 6478 509,
4443 6412 4481 6464 f.
4514 6415 4630 6464 107.
