5542 7775
1209 629 1252 696 8
2487 647 2587 697 ns
2645 647 2911 698 THOMA
2967 647 3567 700 nlrnovA'rAcmo

1514 823 1721 889 neque
1769 801 1948 866 aliud
1996 802 2273 889 probant
2314 801 2604 865 Neandri
2651 801 2886 885 verba,
2936 800 3169 888 quibus
3230 802 3455 867 nititur
3514 802 3865 869 Fabritius.
3917 803 4043 868 Sed
4096 825 4197 868 res
4246 804 4482 868 clarius
4547 812 4840 870 constare

1510 917 1722 997 potest
1768 931 1853 974 ex
1897 908 2276 974 Alexandro
2325 907 2694 991 Gaboardo,
2728 909 2840 994 qui
2886 909 2954 973 in
3002 909 3275 997 epistola
3322 909 3405 973 ad
3454 909 3770 976 Thomam
3819 911 4029 997 ipsum
4058 910 4641 997 Diplovataccium,
4675 933 4841 998 quae

1508 1026 1606 1081 est
1653 1016 1736 1082 ad
1783 1017 2027 1082 calcem
2072 1015 2374 1081 editionis
2420 1015 2732 1080 Arrianni
2777 1016 3037 1081 Pisauri
3083 1038 3253 1081 anno
3305 1017 3671 1100 MDVIII.,
3719 1019 3812 1082 ita
3874 1018 4129 1082 scribit:
4189 1046 4220 1075 «ι
4267 1019 4572 1084 Judicent
4624 1026 4839 1084 tamen

1506 1124 1860 1206 doctiores,
1908 1131 1974 1188 et
2019 1129 2124 1206 tu,
2170 1123 2271 1187 vir
2326 1122 2788 1206 jurisconsulto
2849 1122 3250 1206 doctissime,
3300 1125 3411 1210 qui
3465 1125 3665 1189 vitam
3712 1124 4023 1190 Arrianni
4077 1132 4142 1189 et
4188 1125 4464 1190 aliorum
4518 1127 4837 1211 juriscon-

1505 1231 1820 1295 sultorum
1881 1230 2181 1316 legaliter
2227 1237 2292 1295 et
2346 1229 2649 1294 historice
2696 1229 3072 1316 complexus
3118 1251 3187 1294 es
3235 1231 3301 1294 in
3349 1252 3542 1318 opere
3588 1238 3700 1296 tuo
3747 1231 3847 1296 De
3879 1234 4266 1316 praestantia
4309 1233 4646 1298 Doctorum
4657 1257 4680 1318 ;
4726 1234 4834 1319 qui

1509 1360 1547 1401 a
1593 1338 1936 1403 Phoroneo
1981 1337 2231 1420 Inachi,
2265 1336 2659 1422 Argivorum
2706 1358 2884 1422 rege,
2919 1337 3000 1400 ad
3049 1337 3208 1401 haec
3254 1359 3458 1424 usque
3507 1345 3727 1403 nostra
3774 1346 4067 1425 tempora
4112 1338 4520 1423 defluxerint,
4555 1340 4621 1404 in
4668 1361 4836 1405 nono

1504 1446 1804 1511 videlicet
1848 1445 2035 1528 libro,
2070 1444 2183 1510 ubi
2228 1445 2308 1509 de
2356 1445 2548 1510 claris
2588 1445 3090 1530 jurisconsultis,
3125 1445 3296 1531 quod
3344 1447 3572 1510 merito
3603 1445 3845 1511 Joanni
3895 1445 4175 1511 Sfortiae
4223 1447 4674 1531 illustrissimo,
4706 1449 4833 1514 cle·

1507 1554 1904 1618 mentissimo
1949 1553 2208 1618 Pisauri
2255 1552 2535 1635 dominc,
2584 1551 2897 1617 dedicasti
2946 1578 3007 1617 ν.

1199 1661 1328 1726 Sed
1376 1682 1686 1748 maguum
1730 1662 1856 1726 hoc
1905 1683 2087 1749 opus,
2137 1659 2309 1746 quod
2374 1660 2691 1725 interiisse
2750 1660 2858 1724 vel
2902 1659 3120 1724 invitis
3166 1659 3372 1724 Musis
3426 1660 3683 1725 latitare
3731 1660 4038 1725 dolebant
4081 1661 4317 1726 eruditi
4364 1683 4620 1746 omnes,
4668 1662 4836 1727 redi-

1505 1769 1746 1851 vivum,
1780 1768 2012 1833 saltem
2059 1766 2273 1853 quoad
2320 1766 2699 1831 nobiliorem
2747 1766 2849 1830 sui
2894 1773 3174 1853 partem,
3203 1766 3453 1850 jamdiu
3502 1767 3830 1831 laetantur
3875 1767 4089 1833 iidem.
4136 1767 4348 1854 Igitur
4392 1769 4558 1833 liber
4601 1790 4829 1852 nonus,

1502 1877 1613 1962 qui
1657 1884 1757 1941 est
1801 1875 1901 1941 De
1951 1874 2164 1939 Claris
2209 1874 2700 1958 Juriscmzsultis,
2732 1880 2918 1938 extat
2961 1896 3125 1962 pene
3173 1875 3426 1959 integer
3471 1874 3642 1961 apud
3691 1875 3938 1939 clarum
3970 1875 4347 1958 oliverium,
4381 1877 4590 1963 quiin
4622 1876 4831 1940 fronte

1503 1983 1740 2048 codicis
1796 1983 1957 2047 haec
2018 2003 2137 2046 sua
2199 2002 2397 2046 manu
2459 1980 2834 2067 adscripsit:
2893 2007 2924 2040 ι
2973 1980 3262 2045 Thomae
3323 1981 3786 2068 Diplovatatii,
3836 1983 3947 2068 qui
4010 1982 4267 2047 Pisauri
4320 1983 4830 2070 Diplovatatiam

1500 2098 1761 2177 gentem
1808 2112 1844 2155 e
1894 2089 2172 2154 Graecia
2216 2089 2561 2175 profugam
2609 2088 2972 2171 collocavit,
3006 2110 3166 2176 opus
3213 2088 3312 2154 De
3344 2091 3734 2174 praestantia
3777 2089 4114 2154 Doctorum
4125 2114 4148 2175 ;
4194 2111 4356 2177 opus
4402 2090 4830 2155 luculentissi-

1499 2219 1674 2262 mum
1722 2198 1904 2262 initio
1949 2196 2192 2261 saeculi
2224 2196 2410 2261 XVI.
2446 2197 2550 2260 vel
2582 2196 2702 2260 sub
2750 2196 2945 2260 finem
2991 2195 3139 2259 XV.
3169 2197 3307 2281 jam
3347 2197 3677 2282 scriptum,
3711 2204 3904 2283 atque
3937 2196 4220 2261 dicatum
4252 2197 4293 2262 J
4299 2199 4492 2262 oanni
4527 2196 4828 2283 Sfortiae,

1495 2306 1755 2370 Pisauri
1800 2304 2098 2388 domino,
2147 2303 2438 2368 ducentis
2485 2304 2567 2367 ab
2613 2303 2763 2368 hinc
2827 2304 3013 2368 annis
3078 2303 3271 2390 plane
3326 2303 3765 2390 deperditum,
3813 2304 4140 2391 insperato
4187 2304 4716 2391 diligentissimus
4762 2314 4828 2371 et

1497 2412 2044 2477 fortunatissimus
2090 2411 2429 2476 Passerius
2475 2419 2714 2493 noster,
2762 2410 3056 2475 doctrina
3103 2411 3490 2496 ingenioque
3538 2410 3826 2475 Thomas
3876 2412 3999 2497 ipsi
4059 2410 4251 2476 facile
4313 2412 4829 2500 anteponendus,

1497 2519 1703 2606 pridie
1751 2518 2066 2583 kalendas
2114 2518 2413 2582 Octobris
2460 2519 2543 2582 A.
2575 2517 2660 2582 D.
2695 2516 3398 2582 MDCCXXXXVIII.
3434 2517 3678 2582 invenit
3726 2543 3786 2582 ».
3829 2518 4130 2583 Codicem
4176 2519 4346 2583 hunc
4394 2518 4564 2583 idem
4611 2519 4829 2584 Olive-

1497 2627 1630 2691 rius
1677 2626 2032 2690 transmisit
2071 2624 2462 2711 jampridem
2507 2625 2722 2690 comiti
2769 2624 3012 2689 Joanni
3058 2624 3548 2711 Elephantutio,
3597 2625 3792 2710 hujus
3839 2646 4020 2690 meae
4067 2627 4317 2712 patriae
4364 2627 4646 2691 senatori
4691 2647 4827 2690 am-

1497 2734 1786 2820 plissimo
1834 2739 1899 2797 et
1946 2733 2333 2819 optimarum
2380 2731 2616 2796 artium
2656 2731 2887 2796 cultori
2919 2731 3178 2814 eximiO,
3214 2732 3324 2817 qui
3355 2732 3652 2796 eumdem
3684 2753 3934 2797 summa
3964 2733 4302 2818 diligentia
4332 2733 4827 2799 exscribendum

1493 2841 1781 2922 curavit,
1831 2847 1901 2903 ut
1946 2839 2012 2903 in
2060 2839 2404 2904 secretiore
2455 2838 2884 2903 Scientiarum
2946 2837 3235 2903 Instituti
3291 2838 3682 2904 bibliotheca
3743 2839 4211 2904 immortalitati
4257 2846 4569 2905 servetur.
4618 2841 4827 2916 Quale

1494 2955 1711 3012 autem
1757 2947 1953 3011 fuerit
2000 2946 2370 3031 hujusmodi
2417 2967 2578 3033 opus
2626 2945 3119 3032 Diplovataccii,
3168 2966 3295 3009 non
3343 2946 3592 3030 melius,
3638 2967 3831 3033 quam
3878 2968 3962 3010 ex
4011 2946 4171 3033 ipso,
4204 2946 4548 3031 dijudicari
4593 2954 4825 3035 potest,

1495 3057 1607 3141 qui
1652 3056 1718 3119 in
1765 3054 2095 3142 prooemio
2142 3053 2434 3139 ejusdem
2487 3053 2580 3117 ita
2626 3053 2949 3118 Joannem
3007 3052 3350 3136 Sfortiam,
3399 3054 3502 3118 cui
3567 3075 3728 3140 opus
3791 3075 3979 3118 suum
4041 3053 4524 3140 infrascriptum
4585 3055 4824 3138 voluit,

1493 3162 1878 3249 alloquitur:
1922 3187 1953 3220 ι
1986 3160 2359 3226 Laudemus
2406 3160 2578 3225 viros
2625 3160 2941 3245 gloriosos
2990 3168 3055 3224 et
3099 3167 3401 3246 parentes
3434 3167 3554 3225 etc.
3587 3160 3836 3226 Eccles.
3871 3160 4256 3225 XXXXIV.
4290 3161 4648 3248 Propterea
4679 3184 4825 3227 cum

1490 3271 1659 3335 hanc
1708 3271 1915 3357 ipsam
1963 3277 2182 3334 tantae
2232 3269 2641 3334 authoritatis
2689 3269 3074 3333 sententiam
3124 3268 3432 3351 imitatus,
3479 3268 3792 3356 Princeps
3839 3270 4272 3355 magnanime,
4316 3269 4685 3335 doctoratus
4730 3271 4826 3335 di-

1492 3377 1808 3465 gnitatem
1855 3377 2196 3462 insignem,
2245 3375 2644 3462 amplissima
2690 3375 3025 3440 doctorum
3070 3375 3443 3462 privilegia,
3478 3397 3829 3462 eorumque
3872 3376 4112 3462 gradus
4159 3377 4652 3463 praecedentiae
4699 3400 4824 3443 non

1493 3485 1934 3572 aspernandos
1989 3484 2300 3571 proximis
2361 3484 2554 3568 hujus
2619 3483 2832 3570 operis
2893 3484 3096 3547 nostri
3160 3483 3596 3549 voluminibus
3659 3485 4095 3567 exaraverim,
4143 3484 4352 3548 visum
4418 3492 4516 3549 est
4571 3507 4825 3571 quoque

1490 3592 1973 3659 florentissimos
2021 3613 2307 3678 quosque
2355 3591 2557 3673 viros,
2606 3592 2716 3677 qui
2765 3612 2806 3655 a
2849 3590 3192 3655 Phoroneo
3241 3591 3490 3675 Inachi,
3537 3591 3934 3677 Argivorum
3997 3593 4194 3676 regis,
4236 3600 4526 3679 tempore
4574 3593 4657 3657 ad
4702 3594 4826 3658 hoc

1492 3722 1696 3786 usque
1730 3700 1962 3765 aetatis
1993 3707 2252 3764 nostrae
2286 3698 2675 3763 curriculum
2709 3699 3002 3763 nonnihil
3033 3699 3381 3763 memoriae
3412 3698 3680 3785 dignum
3713 3698 4132 3785 prodiderunt
4164 3720 4279 3784 per
4311 3720 4514 3764 annos
4547 3699 4823 3763 termille

1491 3813 1835 3891 trecentos,
1870 3815 2202 3893 tamquam
2251 3826 2545 3892 gemmae
2593 3806 3039 3890 electissimae,
3074 3805 3332 3870 diversa
3376 3806 3443 3870 in
3490 3805 3644 3871 orbe
3692 3805 4032 3893 gymnasia
4079 3813 4144 3869 et
4190 3807 4483 3893 proprias
4532 3806 4826 3871 civitates

1491 3915 1898 3998 illustraudO,
1946 3921 2139 4002 prout
2191 3914 2679 4000 diligentissime
2726 3920 2972 4000 potero,
3023 3914 3306 3978 breviter
3352 3935 3676 4001 exponere
3726 3940 3786 3980 ».

1192 4025 1430 4112 Incipit
1476 4024 1673 4110 igitur
1720 4045 1759 4087 a
1804 4023 2148 4087 Phoroneo
2196 4021 2450 4104 Inachi,
2498 4021 2901 4107 Argivorum
2949 4022 3158 4107 regis,
3207 4028 3344 4085 tum
3392 4020 3471 4085 de
3531 4021 3853 4087 Mercurio
3911 4022 4181 4108 aliisque
4230 4021 4500 4086 subinde
4548 4023 4830 4087 omnium

1491 4132 1783 4217 gentium
1831 4152 1906 4194 ac
1952 4130 2335 4216 praesertim
2382 4128 2782 4193 Graecorum
2828 4135 2893 4192 et
2938 4128 3382 4192 Romanorum
3427 4128 3908 4214 legislatoribus
3970 4130 4316 4216 legumque
4379 4129 4602 4215 peritis
4659 4130 4825 4194 cele-

1490 4239 1813 4303 brioribus
1862 4237 1943 4301 ad
1992 4258 2111 4301 sua
2157 4257 2362 4322 usque
2410 4242 2721 4322 tempora.
2768 4235 2974 4300 Porro
3024 4236 3089 4299 in
3145 4236 3266 4299 hoc
3332 4257 3525 4323 opere
3592 4236 4036 4301 concinnando
4102 4258 4305 4301 annos
4364 4237 4529 4301 bene
4592 4238 4826 4301 multos

1492 4345 1878 4433 impendisse
1928 4344 2170 4409 debuit.
2218 4343 2482 4408 Infinita
2527 4343 2699 4408 enim
2744 4343 3074 4408 volumina
3121 4342 3358 4408 vidisse
3406 4350 3471 4407 et
3518 4344 3842 4429 expilasse
3891 4344 4208 4431 oportuit3
4258 4365 4408 4408 nam
4454 4344 4621 4409 hanc
4668 4345 4823 4409 scri-

1488 4454 1684 4519 bendi
1730 4453 2044 4517 rationem
2092 4459 2404 4538 perpetuo
2452 4458 2708 4515 secutus
2754 4458 2874 4534 est,
2923 4457 2995 4514 ut
3041 4450 3200 4515 nihil
3252 4450 3569 4537 proferat,
3620 4451 3791 4537 quod
3837 4451 4220 4516 auctoritate
4268 4452 4652 4537 scriptorum
4697 4473 4822 4515 non

1490 4563 1770 4643 nitatur3
1822 4560 1910 4624 ita
1958 4566 2030 4624 ut
2077 4559 2235 4623 nihil
2285 4557 2463 4622 aliud
2513 4558 2642 4622 sint
2688 4558 3038 4645 pleraeque
3096 4558 3271 4623 Vitae
3317 4557 3937 4642 Jurisconsultormn,
3985 4580 4178 4644 quam
4226 4568 4529 4623 centones
4576 4560 4825 4623 consuti

1489 4691 1575 4734 ex
1617 4676 1911 4733 veterum
1959 4666 2235 4753 scriptis,
2270 4687 2355 4730 ex
2401 4665 2636 4751 quibus
2680 4665 2990 4730 historiae
3038 4666 3277 4729 veritas
3311 4665 3573 4730 mirifice
3609 4666 4083 4752 comprobatur.
4118 4665 4194 4729 In
4232 4665 4638 4730 recensendis
4671 4687 4824 4731 vero

1484 4775 1755 4862 singulis
1803 4775 2126 4839 clarorum
2167 4773 2780 4857 jurisconsultorum
2811 4772 2993 4835 libris
3026 4772 3418 4836 incredibilis
3450 4773 3645 4856 hujus
3678 4772 3956 4837 hominis
3990 4772 4327 4857 diligentia
4360 4773 4638 4837 emicuit.
4671 4773 4824 4837 Fuit

1489 4885 1555 4948 iu
1601 4884 1721 4948 hoc
1769 4902 2006 4967 genere
2054 4880 2449 4967 perdiligens
2499 4880 2711 4943 Guido
2758 4879 3178 4961 Pancirolus3
3213 4880 3327 4943 sed
3373 4880 3531 4943 nihil
3580 4879 3663 4943 ad
3709 4879 4293 4966 Diplovataccium,
4329 4880 4439 4965 qui
4486 4880 4823 4944 innumera

1488 4992 1822 5056 doctorum
1872 4988 2201 5052 volumina
2248 4994 2558 5069 recenset,
2608 4986 2864 5068 additis,
2899 4994 3210 5071 quantum
3256 4986 3561 5071 colligere
3609 4987 3837 5073 potuit,
3872 4994 4233 5072 temporum
4276 4986 4821 5070 annotationibus,

1489 5120 1615 5185 quo
1663 5080 1933 5184 quisque
1982 5096 2147 5160 liber
2194 5116 2234 5158 a
2279 5094 2413 5159 suis
2459 5093 2830 5157 auctoribus
2878 5093 3153 5180 scriptus
3202 5092 3342 5175 fuit,
3376 5093 3645 5180 prolatis
3686 5094 3882 5158 etiam
3914 5094 4138 5180 primis
4171 5102 4237 5158 et
4269 5093 4575 5158 extremis
4606 5094 4821 5159 verbis

1487 5205 1859 5271 eorumdem
1911 5203 2263 5286 librorum,
2309 5224 2582 5288 quorum
2627 5202 2765 5285 jam
2813 5208 3025 5265 aetate
3093 5207 3310 5265 nostra
3371 5201 3589 5288 plures
3651 5201 4034 5265 interierunt
4094 5201 4198 5265 vel
4261 5200 4433 5286 quod
4495 5223 4820 5288 nunquam

1488 5314 1659 5401 typis
1706 5311 1862 5376 editi
1909 5310 2169 5393 fuerint,
2204 5310 2307 5374 vel
2350 5309 2561 5396 quoad
2611 5309 2850 5396 passim
2901 5309 3181 5394 neglecti
3226 5309 3355 5372 sint
3400 5316 3465 5373 et
3510 5330 3549 5372 a
3597 5308 3780 5373 novis
3826 5309 4007 5374 libris
4055 5309 4300 5373 extrusi
4349 5308 4432 5372 ad
4470 5309 4822 5373 salsamen-

1487 5421 1798 5485 tariorum
1847 5418 2155 5484 officinas.

1180 5530 1408 5594 Plures
1455 5551 1539 5592 ex
1588 5528 1733 5591 vitis
1781 5524 2128 5589 illustrium
2172 5523 2817 5608 jurisconsultorum,
2868 5544 3027 5608 quas
3091 5522 3155 5586 in
3216 5544 3383 5587 nono
3451 5522 3616 5588 libro
3664 5524 3876 5610 operis
3924 5523 4021 5588 De
4054 5526 4441 5609 praestantia
4489 5524 4817 5588 Doctorum

1487 5633 1827 5700 adornavit
1858 5630 2410 5719 Diplovataccius,
2444 5631 2653 5695 lucem
2689 5630 3126 5715 adspexerunt
3161 5629 3225 5693 in
3257 5630 3444 5693 editis
3479 5630 3780 5716 operibus
3813 5630 4236 5694 celebriorum
4264 5631 4818 5716 jurisperitorum3

1486 5739 2024 5830 quemadmodum
2074 5737 2209 5802 vita
2256 5737 2501 5802 Bartoli
2549 5738 2612 5802 in
2665 5737 2967 5823 operibus
3015 5736 3306 5820 ejusdem
3353 5736 3701 5820 (Venetiis,
3744 5758 3914 5801 anno
3967 5737 4592 5819 MDLXXXXVI.),
4626 5759 4818 5823 quam

1482 5856 1709 5938 postea
1772 5849 2005 5912 iterum
2056 5845 2256 5910 edidit
2301 5845 2670 5927 Fabritius3
2719 5845 2856 5909 vita
2903 5844 3099 5907 etiam
3149 5844 3337 5908 Pauli
3381 5844 3456 5907 cle
3506 5843 3741 5925 Castra,
3790 5844 3964 5908 edita
4012 5843 4318 5910 Coloniae
4367 5845 4592 5909 eodem
4648 5866 4818 5910 anno

1482 5953 2098 6035 MDLXXXXV1.‚
2134 5954 2317 6038 cujus
2365 5954 2755 6017 mentionem
2804 5951 2961 6015 facit
3006 5950 3391 6016 Fontanella
3437 5951 3502 6014 in
3552 5973 3670 6016 sua
3716 5951 4084 6016 Bibliotheca
4131 5952 4386 6037 Leqali5
4417 5952 4552 6015 vita
4597 5954 4821 6038 Anqeli

1482 6065 1794 6145 Arretini,
1843 6083 2009 6148 quae
2070 6060 2344 6147 prodiit,
2396 6081 2527 6124 una
2587 6082 2732 6125 cum
2799 6059 3092 6143 ejusdem
3151 6059 3392 6144 Angeli
3448 6058 3737 6124 Tractatu
3783 6060 3859 6124 de
3903 6059 4247 6143 maleficiis,
4292 6058 4584 6123 Venetiis
4648 6080 4817 6125 anno

1478 6170 1786 6253 MDLV.,
1822 6189 2115 6256 quaeque
2154 6166 2439 6253 praefert
2484 6167 2654 6232 hunc
2703 6167 2995 6232 titulum:
3037 6167 3262 6252 Anyeli
3304 6167 3593 6230 Arretini
3646 6165 3788 6230 Vita-
3821 6188 3943 6251 per
3987 6166 4305 6230 dominum
4360 6166 4656 6231 Thomam
4702 6166 4819 6231 Di-

1471 6280 1921 6366 plovataccium
1965 6277 2707 6361 constantinopolitanum,
2723 6275 2902 6360 juris
2931 6276 3254 6359 utriusque
3299 6275 3619 6356 doctorem,
3650 6274 3736 6337 ad
3768 6273 4136 6338 Lodoeicum
4170 6281 4224 6338 et
4257 6273 4530 6338 Paulum
4565 6273 4821 6339 Paduae

1482 6391 1683 6471 qumn
1718 6384 2097 6471 professores
2144 6390 2196 6448 et
2240 6384 2523 6465 sororios,
2549 6383 2711 6465 fillos
2756 6383 3237 6447 excellentissimi
3279 6383 3514 6444 artium
3561 6388 3614 6445 et
3660 6381 3993 6445 medicinae
4038 6382 4293 6445 doctoris
4337 6382 4572 6445 domini
4603 6382 4818 6467 Anqu-

1482 6497 1630 6559 ste'ni
1673 6495 1747 6557 ale
1794 6492 2067 6577 Anyele'S,
2097 6492 2500 6575 pisaurensis.
2540 6490 2668 6554 Sed
2716 6490 2991 6555 fortasse
3041 6488 3390 6553 nonnullae
3438 6488 3605 6552 aliae
3653 6488 3716 6552 in
3766 6488 3911 6552 aliis
3957 6488 4137 6552 libris
4186 6489 4454 6574 reperiri
4493 6496 4814 6575 poterunt.
