5542 7775
1700 668 2163 719 SPECTANTIA
2220 670 2321 719 AD
2377 667 2886 719 PROFESSORES
2944 670 3155 719 JURIS
3213 670 3480 720 CIVILIS
4253 654 4398 724 109

770 821 1153 905 injuriarum
1198 822 1441 886 ultores
1488 830 1873 903 nostrarum,
1909 824 2021 887 sed
2070 823 2330 887 honoris
2378 844 2610 909 sponse
2660 822 2898 886 Christi
2946 830 3010 885 et
3058 823 3476 887 immunitatis
3525 823 3750 887 domus
3791 823 4054 889 Domini
4095 825 4409 891 zelatores

768 927 835 990 in
890 927 1277 993 damnabilis
1325 929 1481 994 facti
1527 930 1905 993 memoriam
1953 939 2018 995 et
2064 931 2374 1017 pudorem
2422 929 2932 1016 perpetrantium
2977 930 3410 1015 predictorum
3457 930 3547 994 sic
3595 931 3782 1016 pleno
3825 932 4409 998 narrationis-serie

774 1035 1149 1099 (luxerimus
1198 1036 1673 1122 exprimendOS,
1725 1045 1795 1100 ut
1843 1038 2102 1101 eosdem
2149 1059 2453 1101 excessus
2500 1037 2741 1100 seriosa
2791 1036 3391 1100 commemoratione
3442 1044 3731 1123 repetere
3780 1059 3906 1102 non
3952 1039 4034 1101 sit
4082 1061 4275 1125 opus,
4325 1063 4409 1105 cx

771 1142 895 1205 hiis
930 1150 1147 1207 tamen
1182 1165 1259 1207 ea
1291 1144 1501 1207 solum
1533 1144 1855 1209 succincte
1889 1145 2279 1209 narrationis
2312 1143 2690 1228 compendio
2737 1142 3132 1227 providimus
3174 1143 3586 1226 recensenda,
3622 1164 3744 1228 que
3778 1143 3859 1206 ad
3894 1144 4231 1208 ulteriores
4262 1167 4409 1231 pro-

769 1270 987 1313 cessus
1034 1258 1098 1313 et
1146 1251 1369 1336 culpas
1420 1252 1918 1337 exaggerandas
1968 1252 2252 1337 ipsorum
2302 1272 2430 1314 non
2478 1256 2729 1312 tantum
2768 1248 2941 1311 viam
2989 1250 3303 1335 aperiant,
3338 1250 3450 1313 sed
3483 1271 3599 1313 nos
3632 1250 3816 1335 quasi
3857 1251 4136 1336 quadam
4161 1252 4410 1335 justitie

767 1358 1153 1421 necessitate
1221 1359 1632 1444 compellant.
1683 1358 1845 1423 Cum
1893 1360 2063 1423 enim
2126 1359 2295 1422 idem
2342 1358 2629 1443 Legatus
2678 1356 2741 1419 in
2791 1364 2926 1419 tota
2973 1357 3304 1441 provincia
3348 1357 3737 1421 Lombardie
3785 1365 3848 1421 et
3896 1359 4220 1422 nonnullis
4260 1361 4407 1446 alijs

766 1463 958 1529 Italie
1006 1466 1300 1550 partibus
1348 1466 1700 1552 apostolice
1748 1466 2092 1551 legationis
2146 1465 2353 1529 officio
2401 1465 2813 1549 fungeretur,
2863 1471 2927 1526 et
2975 1464 3037 1526 in
3086 1462 3314 1527 eadem
3367 1464 3624 1528 civitate
3673 1463 4050 1528 bononiensi
4097 1487 4242 1529 cum
4288 1489 4406 1532 sua

763 1572 944 1636 curia
992 1573 1378 1637 fiducialiter
1426 1573 1757 1655 resideret,
1803 1596 1879 1639 ac
1927 1573 2218 1657 ejusdem
2265 1572 2543 1637 civitatis
2598 1592 2716 1634 nec
2765 1591 2891 1633 non
2941 1570 3302 1653 comitatus,
3335 1571 3641 1655 territorij
3681 1578 3744 1634 et
3777 1572 4123 1656 districtus,
4158 1594 4232 1636 ac
4263 1596 4407 1660 per·

758 1678 1177 1742 tinentiarum
1228 1680 1426 1765 ipsius
1475 1681 1829 1744 dominium
1874 1689 1938 1745 et
1980 1680 2495 1764 jurisdictionem
2541 1678 2622 1741 ad
2656 1697 2990 1740 romanam
3035 1676 3394 1740 Ecclesiam
3434 1677 3821 1762 pertinentia
3853 1678 3935 1741 ab
3968 1680 4253 1764 antiqu0,
4286 1703 4403 1768 pro

760 1785 933 1850 dicta
979 1786 1273 1850 Ecclesia
1319 1794 1569 1851 teneret
1617 1794 1682 1852 et
1728 1787 2105 1874 possideret,
2139 1795 2201 1851 et
2251 1786 2360 1849 diu
2408 1785 2692 1871 pacifice,
2721 1784 2896 1868 juste
2944 1792 3008 1847 et
3049 1783 3333 1869 legitime
3365 1805 3482 1870 pro
3516 1784 3743 1847 eadem
3773 1784 4065 1849 Ecclesia
4096 1788 4405 1852 tenuisset

761 1900 826 1957 et
873 1894 1069 1957 etiam
1115 1895 1527 1980 possedisset,
1561 1895 1789 1959 sindici
1839 1915 2095 1981 quoque
2143 1892 2516 1958 Communis
2564 1900 2626 1955 et
2675 1891 3114 1955 universitatis
3147 1891 3424 1954 civitatis
3457 1891 3742 1977 predicte
3775 1891 3858 1954 ad
3892 1892 4006 1955 hec
4039 1894 4406 1978 specialiter

763 2000 1094 2065 constituti
1143 2003 1669 2087 recognovissent
1715 2003 2069 2066 dominium
2117 2009 2183 2065 et
2224 1999 2739 2085 jurisdictionem
2787 1997 3077 2084 predicta
3121 1998 3313 2084 pleno
3355 1999 3502 2082 jure
3550 1997 3633 2061 ad
3695 1998 3987 2061 eamdem
4045 2000 4405 2066 Ecclesiam

761 2107 844 2171 ab
894 2109 1158 2193 antiquo
1207 2110 1592 2195 pertinuisse
1641 2118 1705 2174 et
1752 2111 1948 2174 etiam
1997 2109 2354 2196 pertinere,
2404 2114 2469 2170 et
2529 2128 2611 2170 ex
2676 2105 3034 2168 abundanti
3092 2104 3319 2168 eadem
3380 2105 3731 2169 dominium
3786 2118 3850 2169 et
3891 2106 4402 2190 jurisdictionem

762 2213 969 2299 primo
1005 2215 1215 2279 eidem
1247 2216 1520 2301 Legato,
1556 2226 1619 2280 ct
1667 2216 2047 2280 secundario
2095 2215 2301 2280 felicis
2350 2212 2812 2278 recordationis
2859 2210 3144 2275 Johanni
3175 2211 3355 2296 Pape
3405 2212 3714 2297 vigesimo
3757 2213 4036 2276 secundo
4068 2214 4402 2298 predeces-

767 2321 898 2384 sori
938 2330 1179 2405 nostro‚
1215 2329 1367 2387 tunc
1399 2324 1662 2405 viventi,
1698 2325 1953 2388 nomine
2001 2323 2291 2408 ejusdem
2338 2340 2601 2385 romane
2647 2318 2937 2383 Ecclesie
2985 2318 3461 2403 recipientibus,
3510 2339 3813 2404 expresse
3854 2320 4220 2404 donassent,
4252 2344 4402 2387 con-

752 2428 938 2492 fectis
991 2430 1227 2494 exinde
1276 2431 1552 2517 publicis
1603 2431 2063 2513 instrumentis,
2113 2429 2407 2495 nonnulli
2469 2427 2826 2513 iniquitatis
2872 2425 3136 2507 alumni,
3186 2425 3391 2489 incole
3440 2426 3717 2489 civitatis
3766 2427 4072 2512 predicte,
4122 2437 4402 2495 tractatu

754 2536 950 2599 etiam
1000 2536 1080 2600 de
1127 2537 1269 2619 hoc,
1306 2546 1373 2602 ut
1407 2539 1662 2621 dicitur,
1697 2561 1826 2603 non
1875 2540 2118 2624 absque
2166 2536 2548 2623 proditionis
2594 2542 2778 2599 reatu
2810 2532 3170 2620 prehabitO,
3211 2532 3378 2596 inter
3409 2554 3518 2596 eos
3551 2533 3895 2596 tumultum
3928 2542 3992 2598 et
4023 2535 4402 2602 seditionem

750 2642 817 2705 in
869 2644 1167 2727 ejusdem
1216 2645 1494 2709 civitatis
1541 2647 1781 2733 populo
1829 2647 2229 2726 excitarunt3
2280 2644 2576 2727 idemque
2624 2641 2899 2727 populus
2957 2647 3387 2725 congregatus
3447 2640 3512 2703 in
3578 2661 3778 2703 unum
3833 2641 3917 2704 ad
3977 2644 4399 2728 premeditato

752 2749 993 2813 diutius
1043 2751 1336 2835 ejusdem
1382 2753 1761 2838 proditionis
1810 2753 2061 2816 facinus
2109 2750 2643 2838 perpetrandum,
2689 2748 3110 2834 pluribusque
3159 2747 3546 2810 continuatis
3594 2747 3820 2810 diebus
3866 2749 4138 2834 pulsatis
4183 2750 4401 2817 hostili

754 2878 929 2921 more
980 2860 1331 2944 campaniS,
1374 2860 1698 2943 flagitioso
1746 2867 1809 2924 et
1856 2860 2176 2945 sacrilego
2226 2880 2385 2922 ausu
2435 2856 2731 2920 eumdem
2777 2854 3100 2939 Legatum
3147 2853 3212 2916 in
3261 2862 3469 2917 castro
3516 2874 3632 2939 per
3677 2875 3826 2917 eum
3872 2864 4236 2921 constructo
4283 2880 4399 2945 pro

749 2964 974 3027 cadem
1025 2987 1292 3030 romana
1338 2966 1654 3049 Ecclesia,
1689 2967 1812 3032 sito
1863 2967 2030 3031 infra
2077 2968 2406 3030 civitatem
2455 2963 2768 3045 eamdem,
2814 2962 3025 3025 nullas
3072 2970 3224 3024 tunc
3273 2962 3435 3025 tales
3483 2962 3936 3026 formidantem
3979 2964 4265 3049 insidias,
4299 2987 4399 3031 rc·

749 3071 1067 3135 sidentem
1113 3074 1587 3159 aggredienteS,
1624 3075 1944 3139 hostiliter
1997 3064 2407 3155 obsederunt,
2441 3092 2714 3155 cumque
2761 3091 2878 3155 per
2924 3069 3144 3132 decem
3192 3068 3328 3132 dics
3376 3070 3711 3133 continuos
3758 3080 3821 3133 et
3870 3071 4145 3157 amplius
4178 3080 4399 3138 tenue·

755 3186 905 3243 runt
953 3178 1305 3259 obsessum,
1357 3203 1431 3246 ac
1480 3182 1821 3246 conflando
1870 3202 2093 3246 eorum
2140 3180 2471 3244 molimina
2519 3199 2665 3243 cum
2713 3177 2962 3240 balistis
3010 3186 3075 3240 et
3121 3177 3268 3261 alijs
3310 3176 3556 3240 bellicis
3605 3177 4042 3241 instrumentis
4089 3179 4400 3245 adversus

746 3286 987 3350 dictum
1036 3288 1383 3372 Legatum,
1417 3289 1807 3353 honorabile
1858 3290 2217 3353 membrum
2264 3309 2527 3352 romane
2574 3285 2865 3349 Ecclesie
2913 3294 3289 3370 partemque
3337 3284 3620 3370 corporis
3665 3286 3916 3348 romani
3962 3287 4299 3372 pontificiS,
4335 3300 4400 3354 et

746 3393 828 3457 de
874 3394 1077 3458 latere
1130 3397 1273 3479 ejus
1324 3397 1591 3460 missum
1641 3418 1769 3461 non
1819 3397 2066 3482 absque
2116 3396 2379 3459 crimine
2446 3395 2578 3457 lese
2638 3393 2823 3457 Sedis
2885 3392 3234 3477 apostolice
3295 3391 3674 3475 majestat-is,
3721 3392 4093 3478 proijcendo
4152 3395 4399 3482 lapides

747 3508 813 3564 et
859 3502 1247 3586 quadrellos,
1299 3504 1594 3588 nequiter
1642 3513 1705 3568 et
1754 3505 2076 3568 hostiliter
2123 3510 2581 3589 expugnarunt
2620 3502 2864 3563 fossata
2910 3500 3103 3562 etiam
3152 3498 3305 3562 dicti
3360 3499 3591 3581 castri,
3638 3508 3702 3562 et
3748 3500 4179 3585 aqueductum
4227 3505 4396 3590 ipso-

745 3630 888 3672 rum
934 3618 997 3673 et
1048 3632 1303 3674 murum
1351 3611 1527 3675 cluse
1578 3612 1901 3675 dictorum
1949 3611 2337 3675 fossatorum
2387 3617 2733 3695 ruperunt,
2783 3607 3126 3691 ignemque
3180 3615 3534 3695 posuerunt
3581 3607 3645 3670 in
3692 3608 4014 3693 aliquibus
4071 3610 4398 3697 fortelitijs

746 3715 901 3780 dicti
932 3718 1161 3799 castri3
1196 3726 1260 3781 et
1297 3726 1367 3782 ut
1410 3719 1579 3782 idem
1628 3719 1916 3805 Legatus
1963 3719 2421 3783 destitueretur
2468 3717 2641 3781 omni
2687 3715 2932 3778 auxilio
2980 3724 3043 3777 et
3090 3735 3416 3795 succursu,
3450 3722 3516 3777 et
3555 3736 3634 3778 ne
3667 3714 3989 3801 aliquibus
4022 3717 4106 3781 ad
4137 3740 4394 3783 succur-

742 3822 1015 3888 rendum
1067 3825 1279 3890 eidem
1327 3826 1539 3891 aditus
1586 3833 2010 3913 prestaretur,
2045 3834 2355 3912 ceperunt
2403 3825 2464 3888 in
2515 3822 2785 3888 circuitu
2832 3822 2986 3887 dicti
3032 3822 3224 3886 castri
3272 3822 3405 3886 fodi
3452 3822 3665 3887 facere
3706 3822 3927 3888 foveas
3974 3846 4088 3889 seu
4129 3826 4393 3912 fossata,

745 3939 814 3995 ut
861 3932 1032 3996 idem
1084 3933 1371 4018 Legatus
1420 3942 1484 3999 et
1534 3943 1762 4020 gentes
1808 3957 1922 3999 sue
1970 3935 2188 3998 inedia
2239 3933 2537 4018 fameque
2585 3931 2967 4017 consumpti,
3003 3952 3223 3994 corum
3272 3930 3527 3995 tradere
3560 3952 3627 3994 se
3660 3932 3956 3996 manibus
3988 3943 4394 4020 cogerentur,

741 4038 806 4101 in
844 4040 1137 4123 ejusdem
1171 4042 1366 4105 castri
1398 4042 1731 4107 obsidione
1766 4042 2139 4126 hujusmodi
2182 4041 2444 4105 terroris
2478 4060 2701 4104 vocem
2741 4038 3192 4101 universaliter
3234 4038 3742 4123 proclamantes:
3787 4064 3818 4096 ι
3851 4039 4169 4104 Moriatur
4199 4041 4394 4129 Leya·

738 4154 858 4229 rus,
900 4149 1206 4211 moriatur
1252 4147 1520 4233 Leyatus
1564 4157 1619 4213 et
1663 4151 1762 4213 illi
1805 4150 1880 4214 de
1929 4151 2155 4235 linqua
2201 4169 2421 4212 occano
2456 4168 2532 4230 »3
2582 4145 2701 4209 sub
2744 4146 2998 4230 magnis
3030 4145 3213 4231 penis
3247 4144 3660 4209 nihilominus
3690 4146 4131 4231 prohibenteS,
4165 4170 4246 4213 ne
4278 4172 4395 4236 per

744 4253 995 4339 aliquos
1042 4254 1602 4320 introducerentur
1636 4256 1699 4319 in
1736 4266 2021 4321 castrum
2055 4257 2417 4342 predictum
2453 4254 2672 4340 aliqua
2704 4252 3010 4316 victualia
3053 4252 3155 4315 vel
3204 4273 3307 4315 res
3340 4252 3725 4316 humanibus
3759 4255 4247 4320 necessitatibus
4280 4279 4393 4344 op·

741 4368 1036 4446 portune,
1072 4362 1191 4424 sub
1233 4383 1401 4448 pena
1450 4364 1651 4427 ctiam
1699 4365 1952 4450 capitis,
2004 4386 2164 4429 voce
2212 4363 2517 4450 preconia
2559 4371 2622 4424 et
2670 4382 2816 4424 cum
2863 4360 3033 4423 tubis
3076 4361 3366 4424 fecerunt
3402 4359 3657 4446 publice
3690 4362 4096 4446 proclamari,
4129 4386 4210 4428 ne
4251 4367 4393 4452 quis

744 4475 1025 4531 castrum
1074 4469 1520 4553 ingrederetur
1566 4471 1931 4556 prefatum,
1982 4479 2095 4536 aut
2142 4472 2514 4556 loqueretur
2560 4467 2988 4532 existentibus
3034 4468 3098 4530 in
3147 4467 3392 4531 eodem.
3441 4468 3518 4532 In
3568 4469 3898 4533 obsidione
3946 4492 4199 4557 quoque
4246 4495 4391 4559 pre·

740 4574 912 4638 dicta
945 4576 1191 4639 diurnis
1225 4583 1289 4641 et
1325 4578 1652 4642 nocturnis
1687 4580 2092 4665 temporibus
2126 4578 2374 4643 tamdiu
2405 4577 2643 4640 minaci
2673 4583 2737 4640 et
2769 4583 3021 4639 armata
3054 4575 3342 4661 potentia
3373 4577 3811 4661 perstiterunt,
3839 4578 4041 4642 donec
4069 4581 4392 4667 Legatum

740 4704 884 4746 cnm
933 4683 1182 4746 familia
1229 4692 1293 4748 et
1340 4685 1483 4749 aliis
1532 4686 1834 4771 gentibus
1883 4688 2039 4769 suis,
2080 4707 2204 4771 que
2254 4694 2406 4749 tunc
2455 4684 2713 4748 fuerant
2744 4683 2828 4746 ad
2874 4683 3112 4747 dictum
3163 4691 3443 4746 castrum
3489 4684 3771 4767 reducte,
3821 4686 3899 4750 de
3946 4687 4132 4752 dictis
4179 4698 4389 4755 castro

737 4797 800 4852 ct
848 4791 1108 4854 civitate
1156 4791 1557 4874 bononiensi,
1594 4816 1721 4857 non
1768 4795 1912 4858 sinc
1964 4795 2183 4858 multis
2232 4814 2654 4880 personarum
2702 4801 2767 4855 et
2813 4813 3028 4855 rerum
3074 4792 3396 4877 periculiS,
3430 4792 3608 4855 exire
3654 4794 3935 4878 oportuit
3981 4805 4046 4859 et
4083 4796 4389 4863 festinare

732 4918 1077 4961 recessum.
1126 4898 1377 4962 Eadem
1422 4922 1576 4964 vero
1625 4902 1956 4966 obsidione
2005 4902 2299 4985 durante,
2352 4901 2546 4985 ijdem
2595 4900 3022 4964 bononienses
3071 4899 3153 4962 ad
3201 4920 3387 4963 omne
3435 4899 3680 4985 nephas
3725 4902 4036 4965 relaxatis
4083 4904 4374 4989 habenis,

732 5004 1042 5068 dilectum
1088 5005 1291 5069 filium
1342 5006 1698 5071 Oliverium
1740 5009 2028 5091 Beraldi,
2066 5010 2336 5072 militem
2382 5007 2977 5072 vicemarcscallum
3022 5007 3233 5091 gentis
3282 5007 3571 5090 ejusdem
3615 5008 3925 5090 Ecclesie,
3961 5011 4025 5073 in
4072 5010 4244 5075 dicta
4290 5014 4376 5076 ci-

738 5111 938 5174 vitate
986 5119 1366 5195 morantem,
1402 5115 1671 5200 ejusque
1720 5117 2024 5180 officiales
2074 5117 2136 5180 in
2179 5116 2442 5202 palatio,
2478 5115 2540 5178 in
2577 5136 2701 5200 quo
2735 5114 2943 5178 dictus
2975 5114 3535 5178 vicemarescallus
3567 5123 3719 5179 tunc
3751 5117 4144 5201 morabatur,
4179 5119 4376 5184 hosti-

731 5217 879 5282 liter
926 5219 1324 5303 invaserunt,
1374 5231 1811 5307 supponentes
1863 5225 2077 5308 ignem
2112 5225 2362 5309 prefato
2394 5222 2658 5309 palatiO,
2695 5230 2762 5286 ut
2804 5231 2979 5286 metu
3012 5222 3291 5306 incendij
3324 5223 3577 5286 facilius
3609 5224 3754 5309 capi
3785 5234 4075 5310 possent3
4109 5248 4184 5290 ac
4217 5228 4375 5291 fina-

736 5326 885 5389 liter
931 5327 1193 5391 eosdem
1242 5328 1836 5394 vicemarescallum
1887 5340 1951 5395 et
1998 5332 2352 5395 familiares
2400 5331 2601 5417 ipsius
2650 5339 2977 5415 ceperunt,
3012 5337 3075 5393 et
3114 5329 3448 5415 depredati
3489 5331 3770 5413 fuerunt,
3819 5353 4056 5417 eosque
4103 5334 4374 5399 vinculis

732 5441 793 5495 et
831 5433 1247 5519 compedibus
1282 5436 1508 5499 ferreis
1543 5438 2041 5520 costrinxerunt,
2072 5439 2243 5524 ipsos
2278 5437 2692 5502 nihilominus
2726 5445 2790 5500 ct
2822 5437 3103 5500 maxime
3137 5436 3378 5501 dictum
3402 5438 3997 5502 vicemarcscallum
4020 5442 4374 5527 tormentis,

730 5561 847 5603 scu
894 5541 1338 5625 questionibus
1387 5543 1602 5629 sepius
1651 5546 2031 5630 affligentes,
2067 5567 2413 5629 omnesque
2463 5545 2625 5608 alios
2673 5544 2977 5608 officiales
3025 5565 3139 5630 per
3187 5545 3426 5608 dictum
3473 5545 3793 5630 Legatum
3840 5548 3905 5610 in
3939 5548 4197 5613 civitate
4229 5573 4374 5637 pre·

731 5647 903 5711 dicta
950 5670 1067 5734 pro
1115 5671 1384 5713 romana
1430 5650 1725 5716 Ecclesia
1775 5654 2153 5717 constitutos
2217 5652 2535 5717 hostiliter
2593 5653 2862 5715 insecuti
2926 5661 2990 5716 et
3051 5653 3302 5737 predati
3364 5654 3658 5737 fuerunt,
3707 5677 3943 5742 cosque
3990 5657 4070 5722 de
4115 5658 4285 5723 facto
4334 5683 4372 5724 a

733 5755 866 5818 suis
916 5756 1138 5819 officiis
1188 5765 1580 5842 amoventes,
1618 5760 1679 5823 in
1725 5761 1935 5824 locum
1976 5782 2197 5824 eorum
2231 5760 2391 5823 alios
2424 5768 2796 5845 posuerunt.
2833 5760 3147 5824 Custodes
3180 5761 3373 5824 etiam
3409 5771 3740 5848 portarum
3772 5765 4050 5829 civitatis
4083 5768 4374 5851 ejusdcm

727 5861 1131 5945 invaserunt,
1167 5873 1601 5950 supponentes
1644 5867 1859 5952 ignem
1909 5869 1969 5930 in
2020 5868 2342 5954 aliquibus
2386 5867 2780 5947 earumdem,
2815 5868 3018 5952 captis
3051 5876 3116 5932 et
3148 5868 3500 5932 interfectis
3534 5869 3857 5956 aliquibus
3890 5872 3968 5936 de
4002 5875 4372 5940 custodibus

728 5969 1102 6054 prelibatis,
1152 5992 1227 6034 ac
1276 5972 1598 6036 maleficos
1662 5995 1884 6038 omnes
1947 5985 2011 6039 et
2057 5983 2419 6040 carceratos
2482 5975 2545 6038 in
2609 5973 2974 6038 carceribus
3040 5976 3427 6039 venerabilis
3483 5976 3700 6040 fratris
3769 5980 3972 6043 nostri
4027 5980 4374 6047 Bertrandi

733 6098 902 6140 nunc
952 6077 1388 6162 nivernensi8‚
1438 6087 1588 6143 tunc
1654 6081 2066 6147 bononiensis
2122 6084 2440 6170 episcopi,
2490 6091 2554 6146 et
2608 6082 2825 6145 dilecti
2882 6082 2998 6165 filij
3047 6082 3344 6147 Rectoris
3401 6084 3568 6148 dicte
3616 6086 3894 6150 civitatis
3940 6109 4055 6173 pro
4105 6107 4382 6154 romana*

729 6183 1026 6249 Ecclesia
1072 6207 1189 6270 pro
1237 6187 1454 6251 multis
1501 6189 1811 6273 gravibus
1857 6190 2206 6254 sceleribus
2256 6190 2641 6277 perpetratis
2688 6211 2805 6275 per
2853 6211 2962 6253 eos
3006 6191 3242 6255 ibidem
3274 6192 3587 6273 detentos,
3622 6193 3903 6258 effractis
3936 6195 4122 6260 dictis
4156 6218 4369 6267 carce-

734 6291 932 6373 ribus,
968 6292 1031 6355 in
1077 6293 1369 6377 ejusdem
1417 6294 1706 6360 Ecclesie
1756 6299 2210 6362 contumeliam
2250 6298 2646 6379 relaxarunt,
2683 6319 3031 6382 omnesque
3065 6299 3362 6363 bannitos
3396 6299 3475 6363 dc
3509 6300 3678 6364 dicta
3712 6302 3971 6366 civitate
4004 6325 4119 6388 pro
4150 6304 4369 6369 multis

730 6399 1100 6463 enormibus
1147 6402 1520 6465 excessibus
1568 6405 1838 6488 patratis
1885 6426 2001 6490 per
2056 6427 2187 6488 eos,
2237 6405 2319 6468 ad
2368 6406 2605 6469 dictam
2653 6405 2980 6468 civitatem
3028 6413 3268 6469 temere
3314 6407 3740 6490 reduxerunt,
3789 6410 4067 6473 hostium
4115 6433 4368 6498 quoque

725 6515 789 6568 et
837 6505 1175 6570 rebellium
1222 6508 1513 6592 ejusdem
1545 6510 1833 6576 Ecclesie
1868 6521 2091 6577 contra
2123 6514 2363 6578 dictum
2396 6514 2717 6598 Legatum
2750 6516 3065 6579 auxilium
3099 6517 3471 6581 invocantes
3504 6518 3582 6581 de
3620 6519 3900 6604 ipsorum
3932 6521 4368 6607 stipendiarijs
