5542 7775
1392 604 1542 674 206
2960 626 3444 677 MONUMENTA

1392 779 1580 843 nonie
1629 778 1969 860 continue,
2018 778 2327 843 solvendo
2375 778 2643 842 colettas
2692 786 2755 843 et
2804 779 3136 844 subeundo
3186 780 3313 843 alia
3360 781 3605 845 honera
3652 801 3795 844 cum
3845 803 4113 845 comune
4161 788 4225 844 et
4270 780 4635 845 hominibus
4681 782 5004 846 comitatus

1383 886 1676 951 Bononie
1716 894 1783 949 et
1829 886 1989 950 nulli
2037 885 2149 970 alij
2199 894 2601 972 competere3
2652 895 2714 950 et
2762 888 2853 950 sic
2902 909 3028 951 uon
3079 895 3442 974 competere
3491 887 3795 973 predictis
3842 889 4151 973 magistro
4199 888 4543 953 Nicholino
4582 896 4646 952 et
4692 889 5001 954 Venantio

1387 1000 1607 1080 utpote
1669 994 2031 1059 forensibus
2095 1001 2159 1058 et
2221 995 2480 1058 omnino
2544 994 2820 1079 aligenis
2883 1016 2922 1058 a
2986 996 3244 1060 civitate
3306 994 3619 1059 Bononie.
3668 995 3945 1059 Dicebat
4002 996 4198 1059 etiam
4245 996 4381 1082 ipse
4436 996 4730 1060 dominus
4775 995 5003 1061 Rolan-

1386 1101 1573 1165 dinus
1623 1123 1750 1165 non
1795 1101 1991 1165 licere
2038 1102 2194 1187 ipsis
2244 1102 2569 1185 magistris
2617 1100 2935 1166 Nicholao
2984 1110 3047 1166 et
3093 1102 3427 1166 Venaneio
3476 1101 3803 1166 scholares
3847 1102 4088 1167 habere
4135 1103 4198 1166 in
4248 1103 4419 1167 dicta
4468 1104 4745 1167 sciencia
4783 1112 4847 1167 et
4877 1112 5001 1169 arte

1385 1209 1654 1291 notarie,
1689 1216 1753 1273 et
1798 1208 1921 1295 ipsi
1968 1208 2226 1272 domino
2274 1208 2642 1272 Rolandino
2690 1217 2754 1273 et
2803 1209 2947 1272 aliis
2994 1209 3241 1274 civibus
3289 1210 3581 1273 Bononie
3628 1210 4002 1294 regentibus
4049 1210 4112 1273 in
4162 1211 4333 1274 dicta
4366 1220 4526 1293 arte,
4560 1212 4694 1274 sive
4728 1211 5000 1295 scientia,

1383 1315 1786 1401 quodamodo
1836 1316 2162 1380 scholares
2211 1315 2545 1380 subtraere
2580 1324 2643 1380 et
2675 1316 2931 1380 auferre
2966 1324 3189 1380 contra
3222 1316 3496 1381 formam
3529 1324 3915 1381 statutorum
3947 1326 4012 1381 et
4051 1318 4597 1382 refformationum
4632 1318 4915 1382 comunis
4944 1329 5000 1383 et

1380 1423 1602 1509 populi
1650 1423 2096 1504 bononiensis3
2146 1444 2269 1508 que
2318 1422 2576 1507 quidem
2624 1424 2840 1488 omnia
2886 1424 3213 1508 negabant
3260 1423 3529 1510 predicti
3578 1425 3869 1508 magistri
3915 1424 4295 1489 Nicholinus
4342 1434 4406 1489 et
4452 1424 4831 1489 Venancius
4860 1446 5001 1490 vera

1381 1551 1542 1612 esse,
1571 1538 1931 1594 asserentes
1964 1531 2160 1594 etiam
2193 1530 2285 1593 eis
2318 1539 2680 1616 competere
2708 1532 2818 1615 jus
2849 1531 3106 1616 legendi
3142 1537 3205 1594 et
3238 1531 3507 1595 docendi
3540 1531 3777 1595 dictam
3811 1538 4015 1595 artem
4048 1539 4112 1596 et
4143 1532 4425 1596 habendi
4469 1532 4815 1597 scholares,
4850 1532 4997 1597 Cum

1379 1637 1599 1722 ygitur
1647 1629 1929 1724 predicte
1978 1644 2194 1724 partes
2243 1638 2484 1701 vellent
2531 1660 2724 1724 super
2772 1639 3075 1725 predictis
3122 1659 3307 1724 comp
3334 1659 3506 1702 inere
3539 1647 3601 1702 et
3635 1639 4044 1722 concordare,
4079 1640 4162 1703 ad
4194 1640 4386 1703 talem
4421 1641 4804 1726 pactionem,
4838 1648 4998 1704 tran-

1379 1745 1730 1809 sactionem
1779 1752 1843 1808 et
1891 1745 2300 1809 concordiam
2348 1754 2819 1831 pervenerunt3
2856 1746 3174 1828 videlicet,
3211 1746 3381 1830 quod
3430 1747 3565 1832 ipsc
3614 1745 3909 1810 dominus
3955 1747 4358 1811 Rolandinus
4406 1768 4488 1810 ex
4535 1768 4731 1811 causa
4764 1755 4998 1812 transa-

1379 1852 1607 1916 ctionis
1655 1851 1950 1938 promisit
1994 1853 2300 1938 predictis
2344 1853 2654 1937 magistro
2701 1853 3045 1917 Nicholino
3095 1861 3158 1917 et
3205 1852 3539 1917 Venancio
3589 1854 3831 1917 nullam
3880 1855 4300 1939 questionem,
4349 1855 4851 1919 controversiam
4896 1878 5000 1920 seu

1378 1960 1558 2024 litem
1602 1981 1860 2024 movere
1911 1960 2003 2024 eis
2050 1960 2198 2025 hinc
2246 1960 2326 2024 ad
2375 1960 2609 2025 festum
2658 1962 2865 2025 sancti
2911 1961 3247 2025 Michaelis
3296 1960 3532 2025 mensis
3579 1962 3959 2047 septembris
4006 1963 4296 2048 proxime
4344 1964 4597 2027 venturi
4645 1963 4723 2026 de
4764 1964 4998 2029 lectura

1377 2077 1441 2132 et
1488 2067 1781 2132 doctrina
1826 2067 1994 2131 dicte
2044 2068 2201 2131 artis
2249 2068 2548 2132 facienda
2595 2068 2998 2132 scholaribus
3045 2090 3288 2151 eorum,
3323 2091 3482 2154 quos
3524 2070 3663 2153 jam
3711 2069 4158 2134 conduxerunt
4197 2092 4312 2156 pro
4345 2092 4514 2134 anno
4547 2072 4828 2156 presenti
4860 2072 4997 2138 hinc

1376 2175 1461 2239 ad
1506 2174 1748 2238 dictum
1794 2174 2065 2257 festum,
2117 2175 2235 2238 sub
2283 2196 2452 2261 pena
2502 2184 2758 2240 centum
2807 2175 3118 2239 librarum
3165 2176 3636 2240 bononinorum
3685 2184 3748 2240 et
3796 2177 4144 2240 refectione
4190 2177 4614 2265 dampnorum
4661 2187 4725 2242 et
4769 2201 4997 2266 expen-

1373 2304 1592 2347 sarum
1637 2283 1767 2346 litis
1815 2289 1880 2345 et
1925 2289 2131 2365 extra,
2166 2290 2231 2346 et
2278 2282 2673 2367 obligatione
2721 2284 3056 2364 bonorum,
3092 2291 3156 2346 et
3195 2304 3362 2369 pena
3408 2284 3640 2365 soluta,
3676 2290 4041 2347 contractus
4080 2284 4249 2348 infra
4294 2293 4673 2370 permaneat
4718 2286 4993 2354 firmiter.

1370 2387 1477 2452 Ex
1524 2389 1796 2452 adverso
1840 2396 2056 2452 autem
2102 2388 2374 2475 predicti
2420 2389 2801 2453 Nicholinus
2850 2396 2913 2452 et
2959 2388 3330 2453 Venancius
3378 2396 3650 2474 utroque
3698 2389 4003 2475 ipsorum,
4038 2412 4106 2453 se
4154 2412 4268 2476 per
4313 2398 4573 2476 pactum
4605 2399 4670 2455 et
4702 2394 4766 2456 in
4798 2393 4997 2459 forma

1373 2494 1742 2579 obligando,
1775 2495 2209 2581 promiserunt
2249 2517 2333 2559 ex
2379 2517 2574 2559 causa
2626 2495 3078 2559 transactionis
3114 2496 3560 2581 prenominato
3594 2495 3851 2559 domino
3883 2496 4272 2580 Rolandino,
4304 2518 4421 2582 pro
4453 2519 4520 2561 se
4554 2506 4616 2562 et
4649 2500 4791 2582 ejus
4822 2501 4996 2565 here·

1371 2602 1559 2666 dibus
1606 2610 1670 2666 et
1715 2603 1857 2687 ejus
1905 2603 2386 2667 successoribus
2433 2602 2768 2688 stipulanti
2817 2610 2881 2666 et
2930 2602 3296 2688 recipienti,
3347 2624 3385 2666 a
3447 2602 3617 2666 dicto
3682 2602 3847 2667 festo
3908 2604 4114 2668 sancti
4156 2603 4493 2668 Michaelis
4541 2606 4604 2669 in
4654 2615 4846 2671 antea
4891 2630 4999 2694 per

1369 2732 1438 2774 se
1485 2710 1589 2774 vel
1637 2710 1799 2774 alios
1846 2710 2062 2796 palam
2110 2710 2212 2773 vel
2264 2711 2532 2792 occulte,
2583 2710 2800 2795 aliquo
2849 2711 3038 2774 modo
3086 2710 3189 2774 vel
3240 2711 3518 2795 ingenio,
3560 2732 3628 2774 se
3682 2732 3806 2774 non
3854 2710 4277 2775 intromittere
4325 2711 4405 2776 de
4454 2713 4737 2798 regendo
4782 2724 4847 2778 et
4892 2716 4997 2780 do·

1369 2817 1572 2881 cendo
1620 2817 1859 2882 dictam
1906 2826 2110 2881 artem
2158 2825 2222 2881 et
2273 2817 2607 2881 scientiam
2655 2818 2926 2900 notarie,
2968 2818 3070 2881 vel
3119 2825 3371 2903 partem
3419 2819 3559 2901 ejus
3608 2819 3711 2881 vel
3757 2819 4162 2904 particulam,
4213 2840 4329 2883 nec
4374 2820 4581 2905 ipsam
4628 2821 4866 2907 legent,
4900 2824 4996 2888 vel

1368 2924 1690 2988 docebunt
1737 2924 1800 2988 in
1852 2925 2112 2988 civitate
2159 2925 2452 2987 Bononie
2502 2925 2604 2987 vel
2654 2924 2946 2988 districtu
2996 2924 3189 2988 alicui
3236 2924 3339 2987 vel
3387 2924 3710 3010 aliquibus
3759 2926 4089 3011 personis3
4138 2947 4254 2989 nec
4302 2927 4629 2991 scholares
4678 2929 4997 2994 habebunt

1367 3032 1473 3095 vel
1521 3031 1760 3095 habere
1800 3031 2237 3117 procurabunt
2273 3032 2335 3095 in
2370 3032 2541 3095 dicta
2575 3038 2712 3094 arte
2746 3039 2811 3095 et-
2843 3032 3111 3095 scientia
3146 3031 3389 3116 absque
3425 3032 3621 3117 ipsius
3655 3032 3894 3096 domini
3927 3032 4278 3096 Rolandini
4309 3034 4567 3099 licentia
4599 3057 4905 3122 expressa
4937 3050 4997 3102 et

1368 3138 1701 3220 mandato,
1750 3139 1864 3202 sed
1910 3138 2268 3203 doctrinam
2315 3146 2380 3202 et
2427 3138 2740 3202 lecturam
2789 3139 2989 3202 libere
3038 3147 3102 3202 et
3150 3138 3442 3203 absolute
3490 3139 3812 3203 dimittent
3862 3140 3983 3225 ipsi
4030 3139 4287 3204 domino
4335 3141 4701 3205 Rolandino
4749 3152 4813 3207 et
4860 3146 4999 3209 aliis

1363 3246 1533 3309 veris
1581 3245 1828 3309 civibus
1876 3244 2167 3309 Bononie
2212 3246 2349 3309 sine
2398 3246 2618 3331 aliqua
2665 3246 2949 3330 ipsorum
2999 3246 3292 3309 molestia
3340 3246 3443 3309 vel
3492 3246 3975 3331 inquietatione.
4010 3247 4151 3321 Que
4199 3248 4413 3311 omnia
4460 3255 4524 3311 et
4566 3249 4825 3333 singula
4857 3273 4997 3336 pro-

1356 3355 1671 3418 miserunt
1719 3353 1874 3418 dicti
1920 3355 2229 3438 magister
2273 3353 2655 3417 'Nicholinus
2703 3361 2766 3417 et
2812 3352 3183 3417 Venancius
3232 3353 3574 3417 insolidum
3621 3354 3790 3417 dicto
3840 3355 4148 3439 magistro
4204 3355 4571 3419 Rolandino
4631 3357 4995 3444 stipulanti,

1354 3468 1426 3524 ut
1477 3461 1718 3525 dictum
1767 3468 1884 3543 est,
1932 3461 2116 3524 firma
2167 3468 2232 3523 et
2280 3468 2424 3524 rata
2469 3460 2709 3525 habere
2757 3469 2821 3525 et
2870 3467 3090 3524 tenere
3137 3468 3202 3524 et
3249 3483 3375 3524 non
3425 3461 3865 3525 contrafacere
3914 3463 4016 3526 vel
4063 3463 4313 3537 venire,
4361 3463 4480 3525 sub
4527 3485 4696 3549 pena
4743 3474 4995 3529 centum

1355 3567 1668 3631 librarum
1718 3568 2186 3631 bononinorum
2235 3573 2395 3650 etc.3
2445 3574 2509 3631 et
2557 3567 2635 3630 ad
2687 3568 3000 3652 majorem
3050 3568 3334 3629 omnium
3379 3569 3747 3631 firmitatem
3790 3570 4173 3653 juraverunt
4220 3569 4490 3655 predicti
4522 3570 4904 3635 Nicholinus
4935 3584 4997 3635 et

1353 3673 1724 3740 Venancius
1773 3674 2128 3761 predictam
2178 3674 2699 3755 transactionem,
2735 3674 3143 3739 concordiam
3192 3681 3256 3737 et
3302 3681 3560 3761 pactum
3609 3684 3671 3739 et
3714 3677 3927 3739 omnia
3976 3684 4039 3739 et
4086 3677 4341 3761 singula
4390 3677 4453 3739 in
4502 3677 4622 3741 hoc
4663 3686 4993 3743 contractu

1354 3788 1725 3868 contempta
1770 3782 2038 3845 firmiter
2086 3790 2150 3845 et
2196 3781 2658 3846 inviolabiliter
2707 3781 3053 3846 observare
3102 3791 3222 3845 etc.

1529 3890 1634 3953 Ex
1682 3890 2105 3953 instrumento
2154 3889 2386 3954 Jacobi
2431 3889 2833 3953 Bencevenis
2884 3889 3205 3954 Some-ntis
3266 3891 3540 3973 notarij,
3589 3891 3760 3954 facto
3823 3891 3925 3954 die
3990 3892 4198 3955 sabati
4258 3893 4528 3978 predicti
4584 3893 4646 3956 in
4710 3894 4991 3979 capitulo

1351 3995 1656 4060 Fratrum
1700 3996 2190 4060 Predicatorum
2240 3997 2319 4060 de
2366 3996 2697 4078 Bononia,
2746 3997 3152 4083 presentibus
3199 3996 3398 4061 fratre
3445 3997 3693 4062 Jacobo
3741 3998 3820 4061 de
3871 3998 4121 4062 Solario
4171 4000 4444 4080 astensi,
4493 4000 4740 4064 Jacobo
4807 4001 4991 4064 Tassi

1353 4105 1644 4188 ejusdem
1692 4104 1952 4169 Ordinis
2001 4104 2302 4168 Fratrum
2351 4104 2862 4186 Predicatorum,
2911 4105 3220 4190 magistro
3284 4105 3607 4186 Bonaci0,
3657 4106 3914 4170 domino
3960 4106 4351 4171 Francischo
4400 4108 4641 4171 domini
4685 4109 4993 4173 Petrizoli

1351 4212 1430 4276 de
1477 4211 1869 4294 BlancuciiS,
1919 4212 2281 4276 Thomaxio
2332 4213 2657 4297 quondam
2703 4212 2945 4276 domini
2991 4212 3332 4296 Bonifacii,
3380 4213 3638 4277 domino
3685 4214 3933 4279 Jacobo
3979 4214 4221 4278 domini
4267 4215 4569 4301 Nicholaj
4632 4223 4695 4279 et
4740 4216 4991 4281 Jacobo

1348 4319 1746 4401 Francischi,
1782 4319 2088 4401 testibus;
2138 4326 2203 4382 et
2248 4319 2340 4382 sic
2388 4319 2842 4384 contrahentes
2888 4320 3191 4384 dixerunt
3238 4327 3303 4384 et
3349 4320 3543 4384 scribi
3590 4321 3899 4385 fecerunt.

3115 4641 3236 4704 IV.

2770 4855 2965 4937 1286,
3017 4856 3101 4918 13
3147 4863 3201 4920 et
3248 4858 3335 4919 27
3382 4859 3561 4920 iunii.

2055 5067 2160 5130 Ex
2208 5067 2406 5131 Arch.
2456 5067 2633 5131 Max.
2686 5068 2871 5150 bon.,
2923 5068 2986 5131 in
3036 5067 3316 5153 Reqistro
3368 5070 3613 5152 GrOSSO,
3664 5070 3773 5133 lib.
3825 5070 3951 5152 IL,
4002 5092 4051 5134 c.
4108 5073 4144 5134 6
4196 5069 4283 5134 v.⁰

1524 5281 1715 5345 Anno
1764 5280 2029 5345 Domini
2077 5281 2421 5346 millesimo
2471 5281 2909 5347 ducentesimo
2960 5283 3397 5367 octuagesimo
3447 5290 3651 5365 sexte,
3688 5283 4033 5347 indictione
4080 5284 4582 5369 quartadecima,
4617 5285 4719 5349 die
4768 5287 4993 5350 tertio·

1345 5387 1592 5452 decimo
1641 5389 1878 5452 mensis
1920 5389 2113 5474 junij,
2164 5396 2562 5474 congregata
2611 5389 2923 5454 Sotietate
2973 5389 3374 5453 dominorum
3423 5389 3797 5473 Doctorum,
3841 5391 4325 5455 Advocatorum
4373 5399 4437 5455 ct
4481 5392 4785 5457 Judicum
4831 5394 4990 5458 civi-

1344 5496 1496 5559 tatis
1542 5495 1834 5560 Bononie
1883 5496 1949 5559 in
1999 5496 2241 5582 palatio
2292 5518 2461 5560 novo
2510 5495 2816 5561 Comunis
2862 5496 3154 5561 Bononie
3202 5495 3281 5560 de
3315 5498 3617 5562 mandato
3651 5498 4057 5562 dominorum
4088 5499 4344 5563 Alberti
4376 5500 4617 5563 domini
4650 5500 4988 5582 Odofredi,

1343 5601 1624 5667 doctoris
1671 5602 1911 5688 legum,
1963 5602 2217 5668 Nicolai
2263 5604 2344 5667 de
2395 5603 2811 5685 SoldaderiiS,
2846 5603 3165 5668 ‚Iohannis
3211 5603 3291 5667 de
3335 5604 3629 5687 Bilionis,
3675 5613 3995 5670 rectorum
4046 5606 4213 5670 dicte
4263 5606 4602 5671 Societatis
4649 5630 4765 5693 per
4808 5608 4990 5694 Ray-

1343 5709 1677 5790 mundum,
1725 5711 2086 5796 numptium
2136 5711 2304 5775 dicte
2355 5711 2732 5793 Societatis,
2782 5711 2967 5775 affuit
3016 5733 3278 5797 presens
3340 5712 3635 5775 dominus
3698 5711 4104 5776 Rolandinus
4156 5712 4530 5799 Passagerij
4581 5736 4795 5778 coram
4848 5717 4990 5801 ipso

1344 5812 1637 5902 Collegio
1687 5825 1750 5881 et
1795 5817 2275 5904 infrascriptam
2323 5818 2556 5882 obtulit
2601 5819 2999 5904 petitionem,
3034 5826 3105 5882 ut
3145 5819 3411 5882 inferius
3455 5820 3837 5901 continetur,
3872 5820 4021 5883 dicti
4056 5820 4297 5885 domini
4330 5843 4524 5907 super
4556 5822 4990 5909 infrascriptis

1343 5927 1668 6013 petierunt
1714 5925 1838 5989 sibi
1885 5926 2221 5990 consilium
2271 5927 2585 5990 exhiberi.

1519 6034 1600 6098 In
1646 6034 1867 6120 primis
1915 6035 2068 6119 quid
2114 6035 2327 6121 placet
2377 6034 2677 6100 Sotietati
2723 6033 3062 6119 providere
3110 6035 3500 6119 generaliter
3546 6057 3739 6121 super
3785 6036 3953 6099 bono
4001 6045 4171 6100 statu
4215 6036 4565 6118 Sotietatis,
4603 6037 4810 6122 siquid
4849 6060 4989 6102 cre-

1339 6143 1513 6208 ditur
1559 6163 1675 6228 per
1719 6164 1834 6207 vos
1881 6144 2038 6206 utile
2086 6143 2225 6207 fore
2274 6143 2653 6208 fatiendum.

1519 6248 1686 6314 Item
1735 6249 1888 6334 quid
1934 6249 2147 6335 placet
2197 6249 2494 6314 Sotietati
2542 6251 2883 6336 providere
2931 6272 3123 6336 super
3164 6249 3471 6336 petitione
3515 6256 3812 6336 porrecta
3843 6273 3959 6336 per
3990 6250 4318 6315 dominum
4350 6250 4785 6315 Rolandinum
4819 6251 4987 6314 Pas-

1340 6358 1679 6438 sazerium,
1714 6358 1898 6442 cujus
1945 6364 2130 6421 tenor
2179 6358 2327 6421 talis
2374 6364 2505 6422 est:
2552 6384 2581 6416 α
2615 6357 2820 6423 Vobis
2867 6358 3141 6423 dominis
3189 6357 3349 6421 meis
3395 6357 3779 6422 Rectoribus
3830 6358 4158 6422 Sotietatis
4200 6359 4523 6440 Judicum,
4558 6366 4622 6422 et
4668 6358 4780 6422 toti
4836 6358 4989 6423 Col-

1338 6465 1509 6550 legio
1558 6465 1912 6530 Doctorum
1958 6466 2247 6552 Legum,
2294 6466 2780 6533 Advocatorum
2843 6475 2908 6533 et
2962 6468 3267 6533 Judicum
3328 6467 3607 6531 civitatis
3670 6466 3996 6549 Bononie,
4048 6467 4338 6553 supplico
4385 6489 4508 6552 ego
4570 6466 4987 6531 Rolandinus
