5542 7775
1323 627 1787 677 sPECTAN'rIA
1826 626 1929 677 AD
1971 625 2301 676 emesam
2337 622 3073 675 Anofflmaconomm
3111 622 3315 673 1⁴:001..
3356 621 3631 672 ΒοΝοΝ.
4139 599 4289 669 249

663 790 925 849 sanctae
973 783 1344 848 ravennatis
1386 781 1797 864 Aecclesiae,
1845 787 1910 846 et
1956 781 2364 846 bolonienses
2411 780 2572 845 nihil
2615 785 2881 866 propter
2919 801 2988 844 se
3036 778 3302 844 rationis
3349 777 3664 842 haberent
3710 775 4019 841 adversus
4067 796 4297 839 raven·

663 897 880 955 natem
910 889 1334 972 Aecclesiam,
1369 889 1491 954 nisi
1525 889 1697 975 quod
1728 910 1983 975 semper
2028 887 2337 953 deberent
2375 886 2705 969 hobedire,
2740 907 2887 951 cum
2934 886 3235 973 episcopo
3277 905 3415 966 suo,
3449 883 3615 949 sicut
3661 883 3851 947 matri
3897 903 4012 947 sue
4056 881 4297 946 Metro-

663 998 990 1084 politanae
1030 997 1427 1079 Aecclesiae,
1477 995 1703 1060 sedata
1750 1002 1847 1060 est
1879 995 2202 1059 contentio
2250 1001 2408 1077 tota,
2455 1001 2521 1058 et
2569 994 2677 1076 ita,
2720 992 2940 1057 divina
2988 998 3373 1079 cooperante
3422 992 3655 1077 gratia,
3688 990 3977 1077 prefatus
4022 988 4297 1053 Enricus

662 1104 924 1170 Electus
981 1104 1372 1169 boloniensis
1429 1109 1838 1168 consecratus
1893 1108 1992 1167 est
2045 1102 2111 1165 in
2158 1102 2531 1188 episcopum
2577 1100 2697 1164 sub
2759 1105 3074 1187 perpetua
3118 1107 3183 1164 et
3229 1097 3597 1164 omnimoda
3642 1096 4054 1163 hobedientia
4103 1101 4297 1182 atque

664 1213 1060 1277 subiectione
1109 1211 1481 1275 ravennatis
1527 1210 1925 1275 Aecclesiae.

843 1319 987 1405 Ego
1036 1340 1190 1383 vero
1236 1317 1587 1382 Heinricus
1633 1317 2002 1381 faventinus
2035 1315 2344 1398 notarius,
2378 1314 2531 1379 dum
2579 1316 2644 1378 in
2690 1314 2791 1379 his
2832 1314 3127 1379 omnibus
3171 1314 3568 1395 interessem,
3602 1313 3767 1377 sicut
3811 1311 3945 1375 vidi
3984 1319 4049 1376 et
4082 1310 4300 1375 audivi

663 1426 881 1511 sicque
930 1425 1269 1512 complevi,
1318 1432 1383 1489 et
1431 1424 1693 1511 propria
1738 1444 1937 1487 manu
1984 1422 2065 1486 ad
2113 1429 2492 1508 perpetuam
2541 1421 2847 1486 noticiam
2893 1421 3141 1507 scripsi.

838 1639 940 1722 [A
985 1635 1222 1723 teryo.·]
1264 1641 1370 1712 OE‘
1396 1636 1918 1703 Consecrecionis
1963 1635 2272 1722 Episcopi
2315 1635 2749 1700 bononiensis.

2415 1936 2542 2001 III.

2240 2151 2433 2235 1133,
2482 2152 2526 2215 7
2571 2153 2743 2216 maii.

1278 2368 1384 2432 Ex
1431 2367 1694 2431 archivo
1742 2366 1948 2430 saneti
1994 2365 2268 2431 Joannis
2317 2367 2380 2430 in
2428 2366 2685 2450 Monte,
2731 2387 2901 2430 nunc
2947 2367 3013 2430 in
3063 2366 3224 2430 Tab.
3272 2366 3449 2430 Max.
3498 2366 3683 2449 bon.,

2265 2477 2278 2489 ,
2797 2456 2822 2483 c)

1727 2482 1880 2539 sect.
1925 2500 1954 2530 «
2003 2474 2374 2539 Demamale
2424 2500 2484 2557 ιν,
2532 2495 2708 2537 num.
2757 2480 2897 2569 iel-§²
2946 2473 3085 2539 doc.
3136 2476 3242 2538 31.

838 2683 925 2780 R
971 2709 1051 2772 In
1083 2709 1339 2773 nomine
1374 2716 1593 2772 sancte
1626 2716 1691 2772 et
1724 2706 2103 2791 individ[u]e
2138 2706 2495 2789 Trinitatis,
2528 2706 2852 2771 Hem-icus
2884 2706 3010 2771 Dei
3042 2706 3255 2792 gratia
3288 2712 3507 2770 sancte
3554 2705 3965 2770 bononiensis
4012 2705 4302 2770 Ecclesie

664 2816 1023 2901 episcopua,
1056 2815 1209 2880 licet
1254 2815 1580 2900 indignae,
1628 2836 1854 2880 servus
1900 2836 2233 2879 servorum
2281 2815 2426 2896 Dei,
2462 2814 2711 2879 dilectis
2761 2815 3071 2878 fratribus
3115 2813 3384 2877 Alberio
3416 2813 3736 2899 priori(l),
3769 2820 3833 2876 et
3880 2812 4189 2877 fratribus
4237 2814 4302 2877 in

665 2924 936 2988 eeclesia
983 2924 1190 2988 sancti
1237 2923 1541 3007 Victoris,
1576 2945 1699 3009 que
1741 2925 1934 3009 juxta
1980 2923 2344 2988 Bononiam
2389 2923 2512 2987 sita
2560 2931 2678 3005 est,
2711 2922 2930 2987 divino
2979 2922 3242 2987 servitio
3290 2922 3675 3007 mancipatis
3708 2928 3840 2984 tam
3873 2922 4299 3006 presentibus,

666 3053 860 3117 quam
906 3032 1138 3094 futuris
1188 3032 1252 3094 in
1302 3040 1704 3117 perpetuum.
1754 3030 2250 3095 Aecclesiastice
2298 3030 2746 3095 sollicitudinis
2796 3030 3001 3115 pietas
3049 3051 3165 3093 nos
3207 3029 3455 3114 jugiter
3499 3035 3823 3093 ammonet
3865 3033 3937 3092 ut
3967 3028 4302 3113 religiosas

665 3160 973 3224 personas
1021 3146 1215 3224 atquc
1260 3139 1642 3224 religionem
1690 3138 1831 3202 Deo
1880 3138 2188 3224 placitam
2234 3137 2606 3201 studeamus
2655 3137 2861 3201 modis
2908 3137 3204 3201 omnibus
3247 3137 3545 3222 augendo
3578 3135 3848 3221 diligere
3880 3143 3945 3200 et
3976 3136 4302 3222 diligendo

665 3267 1048 3331 propagare.
1099 3246 1468 3332 Numquam
1516 3246 1687 3310 enim
1735 3246 2115 3332 obsequium
2161 3245 2303 3310 Deo
2351 3252 2609 3329 gratum
2657 3243 3067 3330 impenditur,
3104 3244 3225 3307 nisi
3271 3265 3355 3307 ex
3401 3243 3614 3307 radice
3664 3242 3950 3307 caritatis
3997 3241 4306 3328 procedat

664 3362 728 3416 et
776 3374 814 3416 a
862 3353 1192 3438 religionis
1238 3354 1520 3440 puritate
1568 3353 1851 3439 undique
1900 3353 2317 3418 custodiatur.
2364 3352 2666 3433 Proinde,
2716 3351 2934 3416 dilecti
2982 3351 3046 3415 in
3094 3351 3373 3416 Domino
3421 3351 3557 3432 filii,
3606 3351 3837 3415 vestris
3886 3349 4302 3436 petitionibus

663 3461 1013 3525 clementer
1051 3470 1430 3544 annuenteS,
1465 3461 1807 3526 ecclesiam
1853 3460 2060 3525 sancti
2107 3460 2389 3525 Victoris
2437 3467 2501 3524 et
2546 3460 2886 3524 ecclesiam
2934 3460 3140 3523 sancti
3173 3459 3215 3524 J
3220 3459 3490 3523 ohannis
3524 3458 3963 3543 evangelistae
3997 3459 4207 3544 posita
4223 3459 4302 3522 (2)

666 3568 730 3632 in
765 3575 978 3631 monte
1014 3567 1278 3653 Olivetj,
1313 3569 1379 3633 in
1414 3569 1644 3655 quibus
1680 3569 1898 3632 divino
1933 3569 2178 3632 vacatis
2212 3568 2536 3651 officioffl),
2571 3575 2833 3631 sanetae
2868 3567 3276 3631 bononiensis
3310 3566 3641 3631 Ecclesiae
3690 3567 3913 3630 matris
3946 3574 4157 3630 vestre
4192 3588 4304 3630 no·

663 3659 795 3739 stro
846 3675 1186 3761 privilegio
1234 3675 1634 3740 decrevimus
1681 3675 2082 3740 muniendas.
2119 3675 2211 3740 Ut
2258 3676 2456 3761 igitur
2500 3675 2786 3739 locorum
2836 3683 3197 3738 vestrorum
3243 3674 3424 3759 quies
3472 3695 3587 3760 per
3634 3674 3759 3737 Dei
3804 3673 4082 3759 gratiam
4128 3681 4303 3737 tran—

664 3783 866 3868 quilla
922 3790 988 3847 et
1049 3792 1189 3848 tuta
1248 3784 1553 3869 persistat
1613 3784 1676 3848 in
1726 3785 1859 3848 suis
1918 3784 2111 3849 rebus
2160 3790 2294 3848 tam
2342 3784 2684 3848 mobilibus
2733 3804 2929 3868 quam
2976 3782 3408 3846 immobilibus
3444 3783 3618 3867 juste
3666 3782 3788 3846 sibi
3835 3781 4303 3868 pertinentibus

664 3892 728 3954 in
777 3891 1072 3956 omnibus
1120 3897 1184 3956 et
1229 3913 1346 3978 per
1392 3893 1607 3956 omnia
1654 3892 1782 3956 sint
1826 3892 2028 3956 libere
2086 3892 2168 3955 ab
2232 3891 2404 3957 omni
2466 3891 2841 3956 condicione
2905 3899 3098 3977 atque
3167 3891 3428 3954 servitio
3490 3912 3604 3954 seu
3674 3891 3913 3956 tributo
3975 3899 4109 3954 tam
4168 3911 4305 3954 mo·

662 4000 1016 4062 nachorum
1063 4005 1128 4062 et
1174 3999 1554 4063 clericorum
1600 4020 1796 4084 quam
1842 3999 2186 4081 laicorum,
2235 3999 2340 4062 vel
2386 3998 2661 4083 alicujus
2707 4006 2842 4062 tam
2888 4019 3087 4084 parve
3144 4019 3338 4084 quam
3385 4018 3619 4083 magne
3665 4019 3937 4084 persone
3984 3996 4144 4081 [sive
4192 3996 4304 4062 do-

663 4105 906 4189 mini]o,
941 4113 1157 4192 preter
1196 4106 1562 4192 episcopale
1604 4107 1732 4191 jus.
1782 4106 2058 4192 Insuper
2104 4106 2308 4189 vobis,
2341 4105 2699 4192 vestrisque
2746 4105 3224 4170 successoribus
3270 4107 3733 4192 perpetualiter
3780 4105 4185 4170 concedimus
4233 4113 4305 4169 ut

660 4214 780 4278 hoc
830 4212 999 4299 quod
1047 4212 1236 4278 modo
1285 4213 1366 4276 ad
1409 4214 1539 4298 jus,
1588 4214 1723 4277 sive
1788 4213 1867 4276 de
1919 4214 2067 4298 jure
2116 4221 2373 4278 nostrae
2423 4220 2685 4278 sanctae
2734 4212 3148 4277 bononiensis
3194 4213 3526 4278 Ecclesiae
3574 4213 3826 4277 habetis
3874 4221 3939 4277 et
3986 4213 4308 4295 detinetis,

660 4342 774 4384 seu
823 4321 888 4384 in
934 4320 1152 4385 futuro
1197 4321 1371 4406 juste
1420 4320 1804 4405 adquisituri
1851 4320 2026 4402 estis,
2062 4320 2197 4384 sive
2245 4341 2284 4383 a
2332 4321 2840 4406 quibuscumque
2875 4320 3022 4383 aliis
3061 4320 3656 4407 quomodocumque
3689 4321 3873 4385 vobis
3921 4326 4034 4384 aut
4080 4320 4311 4384 vestris

660 4428 1135 4492 successoribus
1183 4427 1426 4513 aliquid
1468 4427 1644 4512 juste
1694 4427 2048 4510 obvenerit,
2082 4448 2196 4491 seu
2245 4449 2368 4512 que
2417 4427 2500 4490 ab
2545 4427 2689 4490 aliis
2737 4427 3026 4492 ecclesiis
3074 4428 3180 4492 vel
3227 4428 3519 4514 personis
3565 4436 3700 4492 tam
3746 4427 4205 4492 monachorum
4247 4434 4314 4491 et

660 4535 1058 4617 clericorum,
1095 4556 1290 4621 quam
1338 4534 1650 4600 laicorum
1695 4534 1950 4599 habetis
1999 4556 2075 4599 ac
2121 4533 2448 4617 detinetis,
2483 4540 2546 4598 et
2596 4535 2660 4597 in
2708 4541 2903 4598 antea
2945 4536 3119 4620 juste
3167 4535 3600 4621 adquisieritis
3644 4535 3709 4599 in
3757 4534 4020 4600 decimis
4067 4535 4314 4599 scilicet

661 4644 723 4705 in
771 4642 1092 4728 primitiis,
1140 4642 1204 4706 in
1252 4642 1397 4705 aliis
1445 4642 1955 4728 quibuscumque
2002 4642 2288 4706 fidelium
2339 4641 2772 4706 oblationibus
2821 4650 2953 4706 tam
3003 4642 3296 4706 vivorum
3344 4664 3536 4728 quam
3585 4642 4055 4725 defunctorum,
4106 4651 4313 4706 terras

662 4771 938 4836 quoque,
985 4750 1210 4814 vineas
1258 4757 1323 4814 et
1371 4750 1630 4832 oliveta,
1673 4749 1894 4832 silvas,
1928 4771 2072 4814 cum
2125 4749 2326 4836 pratis
2375 4756 2440 4813 et
2484 4750 2762 4836 pascuis,
2796 4749 3205 4836 piscationes,
3238 4750 3529 4837 paludes,
3565 4772 3787 4836 aquas,
3823 4772 3968 4815 cum
4015 4751 4312 4815 omnibns

662 4857 882 4921 usibus
930 4878 1174 4940 earum,
1223 4857 1484 4922 colonos
1534 4863 1597 4921 et
1646 4856 2015 4942 inquilinos,
2065 4856 2512 4922 domnicatum
2559 4862 2625 4921 et
2670 4856 3057 4940 ordinatum,
3106 4857 3383 4922 divisum
3430 4865 3494 4921 et
3539 4857 3906 4940 indivisum,
3956 4858 4200 4923 cultum
4247 4864 4314 4922 et

660 4964 1007 5047 incultum,
1058 4964 1274 5028 omnia
1321 4971 1385 5028 et
1432 4986 1517 5028 ex
1565 4964 1860 5028 omnibus
1910 4985 2054 5028 cum
2102 4964 2421 5028 universis
2467 4964 2691 5028 usibus
2737 4964 2870 5028 suis
2897 5014 2913 5047 ,
2961 4970 3095 5029 tam
3143 4964 3481 5030 fructifera
3528 4987 3722 5051 quam
3770 4964 4194 5048 infructifera,
4244 4966 4309 5029 in

661 5071 980 5135 montanis
1029 5071 1306 5157 denique
1355 5079 1419 5135 et
1467 5072 1532 5134 in
1587 5070 1798 5158 planis
1864 5077 1930 5134 et
1984 5070 2370 5156 ubicumque
2428 5069 2619 5136 modo
2681 5070 3016 5154 detinetis,
3065 5071 3171 5135 vel
3220 5093 3622 5158 quocumque
3665 5072 3813 5157 jure
3859 5072 4151 5155 habetis,
4200 5079 4315 5136 aut

665 5179 727 5242 in
773 5178 992 5243 futuro
1038 5177 1360 5242 habebitis
1406 5178 1511 5242 vel
1559 5177 1996 5264 adquisieritis
2045 5200 2190 5242 cum
2237 5178 2475 5264 scripto
2522 5178 2658 5243 sive
2706 5178 2844 5242 sine
2892 5178 3152 5265 scripto.
3191 5177 3337 5243 Hec
3384 5185 3601 5243 autem
3640 5179 3876 5261 omnia,
3911 5180 4078 5244 sicut
4124 5200 4314 5265 supe-

664 5285 795 5349 rius
857 5285 1115 5370 legitur,
1164 5285 1348 5350 vobis
1413 5285 1772 5370 vestrisque
1829 5285 2305 5349 successoribus
2369 5285 2434 5349 in
2496 5285 2707 5349 eidem
2753 5285 3106 5350 Aecclesiis
3163 5286 3606 5369 manentibus,
3654 5308 3772 5372 per
3816 5286 4011 5371 hujus
4066 5286 4310 5372 decretj

663 5393 970 5478 paginam
1017 5392 1279 5475 damus,
1330 5392 1738 5457 concedimus
1802 5399 1996 5477 atque
2044 5392 2378 5477 largimur,
2426 5399 2492 5457 et
2538 5392 2621 5456 ab
2685 5393 2859 5457 omni
2904 5392 3162 5457 vinculo
3225 5393 3360 5458 sive
3423 5392 3740 5476 dominio,
3788 5401 4005 5480 preter
4067 5394 4315 5480 episco-

665 5500 809 5585 pale
853 5500 981 5585 jus,
1016 5499 1223 5564 libera
1254 5506 1319 5564 et
1350 5499 1649 5564 absoluta
1698 5499 1781 5563 ab
1829 5498 2003 5563 omni
2051 5499 2529 5564 contradicente
2576 5499 2835 5564 homine
2884 5521 3025 5565 esse
3072 5500 3462 5587 precipimus
3509 5507 3574 5565 et
3619 5500 3685 5565 in
3731 5509 4114 5587 perpetuum
4163 5523 4314 5566 eon·

663 5607 946 5671 cedimus
994 5612 1188 5692 atque
1235 5606 1585 5671 firmamus.
1633 5605 1829 5670 Vitae
1877 5626 2132 5691 quoque
2181 5606 2487 5671 canonice
2515 5606 2592 5671 (4)
2635 5605 2960 5689 ordinem,
3011 5628 3202 5693 quem
3255 5607 3533 5693 professi
3577 5608 3767 5689 estis,
3814 5609 4132 5694 presentis
4179 5608 4312 5694 pri-

662 5713 883 5798 vilegii
931 5713 1314 5778 auctoritate
1363 5713 1776 5796 roboramus,
1825 5713 2187 5777 sancientes
2243 5720 2315 5776 ut
2376 5713 2616 5777 nemini
2678 5713 2846 5777 inter
2906 5735 3020 5778 vos
3082 5713 3482 5800 professione
3546 5715 3837 5779 exhibita
3899 5714 4175 5779 liberum
4230 5716 4315 5779 sit

826 6035 903 6099 (1)
944 6033 1154 6085 Alberii
1205 6033 1401 6101 prioris
1451 6033 1709 6104 frequens
1759 6032 1962 6084 mentio
2013 6035 2097 6084 est
2146 6033 2201 6084 in
2250 6032 2450 6085 tabulis
2501 6033 2708 6085 archivi
2760 6034 2935 6086 sancti
2988 6034 3209 6087 Ioannis
3257 6035 3311 6086 in
3359 6035 3563 6087 Monte.
3616 6035 3747 6086 Eius
3803 6034 3982 6086 obitus
4034 6035 4089 6086 in
4140 6035 4312 6086 veteri

671 6123 978 6189 Necroloqe'o
1020 6122 1413 6174 Canom’comm
1452 6123 1629 6173 suncti
1667 6121 1895 6182 Ioannis
1931 6123 1988 6173 in
2029 6121 2207 6173 Monte
2243 6122 2327 6174 his
2366 6123 2545 6174 verbis
2583 6128 2804 6175 notatus
2844 6129 2953 6176 est:
2994 6144 3021 6173 ι
3076 6124 3199 6176 1⁷11.
3228 6126 3352 6176 idus
3377 6126 3568 6175 martii
3592 6124 3720 6175 obiit
3752 6125 4004 6176 (lominus
4040 6124 4314 6188 Albo-ius,

672 6214 893 6277 reyinus
931 6214 1220 6278 episcopus,
1257 6213 1351 6278 qui
1385 6212 1494 6277 fuit
1531 6211 1697 6262 Prior
1733 6217 1912 6262 noster
1948 6209 2290 6264 MCCLXII.
2321 6229 2350 6263 1>

830 6301 1053 6368 (2)sma

827 6392 904 6456 (3)
944 6390 1172 6459 Legitur
1209 6406 1237 6438 ι
1278 6389 1464 6455 οῙῙοι-ἰο
1503 6405 1554 6442 n.

826 6485 905 6548 (4)
945 6482 1172 6551 Legitur
1215 6498 1245 6530 α
1284 6482 1528 6532 cononice
1565 6499 1615 6533 ».

904 6747 1040 6784 Tou.
1083 6747 1144 6784 11.
4070 6735 4137 6784 32
