5542 7775
1212 638 1308 708 86
2781 658 3264 709 MONUMENTA

1205 814 1508 897 doctium,
1555 814 1741 878 iussit
1786 836 1934 878 eum
1981 813 2071 878 sic
2120 813 2335 878 facere
2384 821 2448 878 et
2495 835 2742 897 curare,
2779 813 2950 899 quod
2998 814 3125 877 illis
3173 813 3611 879 instrumentis
3661 835 3847 878 nemo
3895 822 4133 896 utatur,
4168 835 4312 878 cum
4361 815 4600 883 fuerint
4648 815 4846 881 fitieia

1205 929 1271 986 et
1316 921 1658 1008 symulata.
1705 921 1873 985 Item
1918 921 2107 985 iussit
2153 921 2396 985 dictum
2441 921 2771 985 dominum
2817 921 3097 986 Paulum
3159 918 3373 985 facere
3438 928 3502 985 et
3550 942 3776 985 curare
3825 921 4074 1003 taliter,
4125 921 4294 1007 quod
4342 921 4840 987 Bartholomeus

1205 1029 1497 1114 magistri
1541 1028 1734 1112 Bonj,
1783 1028 1887 1092 vel
1934 1028 2320 1114 quicumque
2368 1028 2636 1092 haberet
2684 1027 2826 1091 iura
2874 1049 3055 1092 cessa
3100 1028 3182 1092 ab
3230 1049 3328 1110 e0,
3372 1049 3499 1092 non
3546 1035 3768 1092 utatur
3823 1028 4103 1113 quodam
4167 1028 4592 1094 instrumento
4640 1030 4841 1095 debiti

1204 1143 1460 1201 centum
1509 1136 1923 1221 quatraginta
1971 1136 2252 1222 quinque
2299 1136 2613 1200 librarum
2658 1136 3145 1200 bononenorum
3193 1135 3365 1199 facto
3415 1157 3529 1222 per
3578 1135 3818 1200 dictum
3865 1143 4252 1201 testatorem.
4281 1136 4456 1221 dicto
4497 1136 4841 1204 Bartholo-

1204 1265 1367 1327 meo,
1418 1265 1612 1329 quum
1661 1243 1902 1307 dictum
1952 1242 2447 1307 instrumentum
2494 1241 2736 1305 factum
2784 1250 2882 1306 est
2929 1242 3163 1306 innanc
3211 1263 3327 1328 per
3372 1242 3757 1306 solutionem
3807 1241 4045 1306 factam
4093 1242 4280 1313 dicto,
4318 1243 4576 1308 domino
4631 1244 4841 1311 Paulo

1201 1373 1318 1438 per
1364 1352 1607 1417 dictum
1653 1359 2048 1416 testatorem.
2099 1350 2267 1416 Item
2311 1351 2596 1436 relliquit
2641 1350 2930 1436 predicto
2977 1350 3236 1415 domino
3283 1350 3491 1415 Paulo
3540 1372 3862 1414 cameram
3910 1372 4130 1434 suam,
4177 1351 4422 1417 scilicet
4484 1353 4721 1418 lectum
4777 1361 4843 1419 et

1202 1481 1424 1525 omnes
1470 1481 1719 1546 pannos
1764 1460 1987 1524 laneos
2034 1467 2097 1523 et
2143 1458 2368 1522 lineos.
2402 1457 2569 1521 Item
2602 1458 2888 1544 relliquit
2919 1458 3065 1542 jure
3099 1457 3416 1543 prelegati
3449 1456 3719 1540 Jacobo,
3753 1457 3885 1522 filio
3919 1480 4056 1539 suo,
4091 1459 4342 1521 doctem
4376 1459 4631 1524 domine
4664 1460 4833 1525 Bea-

1201 1567 1393 1631 trixie
1440 1568 1645 1653 prime
1693 1588 1806 1631 sue
1854 1567 2112 1648 uxoris,
2164 1587 2287 1651 que
2335 1572 2434 1629 est
2480 1565 2544 1628 in
2594 1564 2786 1629 rebus
2833 1564 3305 1645 immobilibus,
3356 1586 3516 1650 quas
3577 1564 3786 1629 dictus
3832 1565 4119 1629 ‚Iacobus
4177 1573 4356 1630 tenet
4414 1574 4477 1630 et
4532 1568 4837 1653 possidet.

1200 1674 1366 1739 Item
1413 1675 1696 1761 relliquit
1742 1675 1952 1739 eidem
1999 1673 2302 1760 quicquid
2350 1673 2586 1738 mobile
2644 1673 2749 1736 vel
2797 1672 3124 1737 immobile
3171 1672 3293 1736 sibi
3341 1672 3647 1757 aquisivit
3692 1679 3756 1736 et
3816 1679 4021 1756 tenet,
4072 1682 4346 1760 excepta
4393 1696 4472 1738 ea
4517 1676 4839 1761 particula

1198 1781 1460 1865 domus,
1510 1783 1575 1846 in
1623 1804 1749 1868 qua
1798 1789 2132 1846 morantur
2179 1781 2361 1867 equi,
2413 1802 2572 1866 quos
2620 1802 2820 1866 equos
2867 1786 3042 1843 tenet
3090 1786 3153 1843 et
3200 1779 3523 1866 possidet3
3575 1801 3734 1865 quos
3781 1802 3980 1865 equos
4028 1781 4225 1844 etiam
4274 1781 4559 1866 relliquit
4606 1783 4835 1849 eidem.

1196 1889 1363 1954 Item
1411 1890 1695 1976 relliquit
1741 1889 1951 1954 eidem
1982 1888 2315 1953 dimidiam
2346 1887 2663 1970 stationis,
2699 1887 2943 1952 scilicet
2975 1887 3325 1972 peciarum,
3361 1886 3788 1952 armariorum
3818 1896 3883 1952 et
3915 1888 4492 1973 instrumentorum¹
4520 1891 4835 1956 stationis.

1197 1996 1364 2061 Item
1412 1998 1694 2083 relliquit
1741 1998 1950 2061 eidem
1998 1995 2302 2082 quicquid
2349 1996 2785 2059 necessarium
2833 1994 3026 2058 fuerit
3074 1994 3156 2058 ad
3204 1993 3692 2079 acquisitionem
3739 1995 4278 2080 iurispatronatus
4320 1997 4588 2061 ecclesie
4632 1999 4838 2063 sancti

1197 2104 1430 2170 Jacobi
1476 2105 1555 2169 de
1604 2104 1956 2169 Gallixano
2002 2125 2205 2189 usque
2254 2102 2337 2166 ad
2386 2102 2810 2187 quantitatem
2858 2102 3143 2186 treginta
3187 2101 3502 2165 librarum
3546 2101 4052 2167 bononenorum,
4087 2101 4253 2166 Item
4295 2103 4580 2188 relliquit
4627 2105 4836 2169 eidem

1198 2231 1519 2275 cameram
1565 2233 1778 2293 suam,
1828 2211 2071 2275 scilicet
2133 2211 2369 2274 lectum
2417 2216 2481 2273 et
2528 2230 2748 2274 omnes
2802 2230 3054 2294 pannos
3100 2209 3321 2271 laneos
3369 2214 3434 2271 et
3487 2208 3711 2272 lineos.
3761 2208 3925 2272 Item
3981 2208 4278 2293 relliquit
4306 2210 4454 2293 jure
4511 2210 4829 2296 prelegati

1194 2317 1481 2383 Henrico
1527 2319 1660 2383 filio
1706 2340 1822 2382 suo
1870 2319 2068 2383 libros
2100 2339 2250 2382 suos
2282 2315 2549 2401 legales,
2584 2317 2648 2379 in
2698 2316 2930 2401 quibus
2977 2315 3184 2379 dictus
3231 2322 3504 2380 testator
3550 2314 3815 2398 studuit,
3849 2315 4092 2380 scilicet
4135 2316 4458 2400 Codicem,
4490 2318 4833 2403 Digestum

1195 2432 1401 2510 vetus,
1449 2426 1885 2508 Infertiatum,
1934 2425 2265 2490 Summam
2313 2424 2611 2505 Azzonis,
2646 2423 3055 2509 Apparatum
3101 2422 3359 2507 Digesti
3405 2422 3642 2486 veteris
3690 2428 3753 2486 et
3801 2421 4156 2506 Infortiati,
4195 2423 4429 2487 librum
4478 2424 4834 2491 Institutio·

1196 2555 1349 2598 num
1396 2540 1461 2599 et
1506 2534 1680 2598 Usus
1728 2533 2102 2615 feudorum3
2149 2532 2491 2617 Digestum
2539 2552 2694 2595 vero
2742 2537 2949 2610 vetus,
2997 2536 3061 2593 et
3110 2528 3415 2594 Codes(¹)
3449 2551 3563 2615 pro
3612 2550 3688 2593 eo
3736 2530 3946 2615 parati
4003 2538 4380 2595 remaneant
4435 2532 4498 2596 in
4557 2536 4831 2599 comuni.

1193 2642 1359 2706 Item
1406 2640 1707 2727 relliquid
1754 2640 1962 2704 eidem
2009 2638 2261 2703 doctem
2307 2638 2529 2702 uxoris
2576 2659 2730 2720 sue,
2781 2658 2904 2722 que
2952 2636 3074 2699 fuit
3134 2642 3436 2700 sexcente
3505 2635 3815 2700 librarum
3870 2636 4377 2719 bononenorum,
4425 2640 4606 2705 salvo
4664 2644 4835 2727 quod

1194 2750 1537 2835 sexaginta
1583 2754 1726 2813 octo
1771 2747 1972 2811 libras
2018 2747 2505 2811 bononenorum
2553 2767 2628 2809 eo
2678 2744 2888 2808 minus
2951 2743 3267 2829 percipiat
3314 2742 3393 2807 de
3442 2743 3734 2826 comuni,
3785 2765 3945 2829 quas
3992 2745 4277 2809 «Iacobus
4326 2746 4406 2811 de
4452 2748 4832 2834 Matuglano

1190 2855 1330 2939 ejus
1379 2875 1560 2919 socer
1607 2853 1732 2938 sibj
1781 2852 1971 2917 debet
2020 2851 2266 2933 adhuc,
2314 2873 2510 2936 quum
2558 2857 2763 2915 totam
2809 2849 3062 2913 doctem
3113 2870 3240 2913 non
3288 2849 3595 2934 percepit.
3645 2848 3812 2912 Item
3877 2849 4175 2934 relliquid
4239 2851 4449 2915 eidem
4509 2875 4830 2920 cameram

1189 2982 1407 3043 suam,
1456 2961 1701 3025 scilicet
1745 2959 1982 3023 lectum
2029 2967 2093 3023 et
2142 2979 2361 3022 omnes
2409 2978 2658 3044 pannos
2703 2957 2928 3020 laneos
2977 2964 3041 3020 et
3095 2956 3318 3021 lineos.
3367 2955 3531 3020 Item
3597 2955 3881 3041 relliquit
3930 2957 4077 3040 jure
4136 2959 4456 3043 prelegati
4521 2960 4829 3029 Charatio

1189 3090 1305 3133 suo
1351 3069 1483 3132 filio
1530 3068 1872 3153 relliquam
1920 3065 2253 3130 dimidiam
2302 3065 2616 3148 stationis,
2650 3064 2896 3128 scilicet
2943 3064 3283 3149 petiarum,
3327 3063 3753 3127 armariorum
3801 3072 3865 3126 et
3911 3065 4480 3141 instrumentorum
4513 3070 4828 3134 stationis.

1185 3176 1353 3240 Item
1416 3175 1700 3261 relliquit
1752 3174 1963 3238 eidem
2008 3174 2421 3260 septuaginta
2483 3173 2765 3258 quinque
2824 3171 3025 3235 libras
3073 3171 3579 3253 bononenorum,
3631 3170 3974 3235 solvendas
4022 3172 4084 3235 31
4129 3171 4245 3255 [si]
4282 3177 4716 3260 contraxerit,
4766 3185 4831 3243 et

1189 3283 1445 3369 quando
1493 3281 1889 3348 contraxerit
1938 3281 2437 3363 matrimonium,
2486 3280 2590 3343 vel
2640 3300 2961 3343 cameram
3012 3278 3166 3342 dicti
3210 3278 3557 3361 testatoris,
3606 3278 3849 3342 scilicet
3895 3277 4153 3361 lectum,
4203 3288 4266 3344 et
4315 3303 4534 3346 omnes
4580 3305 4829 3370 pannos

1188 3392 1410 3456 laneos
1471 3397 1536 3455 et
1597 3391 1822 3454 lineos.
1873 3389 2040 3454 Item
2106 3388 2389 3474 relliquit
2449 3388 2588 3453 iure
2654 3387 3075 3452 institutionis
3123 3386 3423 3451 «Iohanne
3479 3407 3593 3449 sue
3640 3386 3771 3450 filie
3819 3386 4125 3451 alimenta
4172 3388 4467 3454 decentia
4514 3412 4596 3454 ex
4645 3392 4829 3457 bonis

1187 3499 1340 3582 suis,
1388 3519 1721 3584 usquequo
1770 3496 2080 3583 nupserit,
2114 3496 2218 3560 vel
2266 3495 2669 3581 relligionem
2710 3494 3069 3558 intraverit.
3115 3494 3281 3557 Item
3329 3492 3614 3578 relliquit
3660 3493 3867 3557 eidem
3916 3494 4424 3580 quadringentas
4470 3497 4667 3563 libras
4715 3500 4828 3565 bo·

1184 3626 1582 3671 nonenorum
1630 3625 1776 3670 cum
1821 3604 2131 3690 nupserit,
2166 3602 2272 3666 vel
2319 3609 2641 3667 trecentas
2689 3623 2835 3666 cum
2882 3600 3287 3686 relligionem
3334 3600 3693 3665 intraverit.
3727 3600 3812 3664 Et
3859 3622 3936 3664 eo
3985 3602 4261 3688 amplius
4301 3603 4586 3690 relliquit
4618 3606 4828 3671 eidem

1184 3712 1487 3800 quicquid
1533 3712 1761 3777 eodem
1807 3718 2094 3797 tempore
2143 3709 2618 3796 sponsaliorum
2660 3709 2764 3772 vel
2812 3707 3205 3791 matrimonij
3247 3707 3667 3772 contrahendi
3707 3708 3770 3771 in
3805 3729 3949 3772 eam
3982 3730 4117 3772 rem
4149 3710 4441 3795 errogari
4473 3714 4824 3798 consuevit,

1182 3820 1533 3887 secundum
1588 3818 1993 3907 probabilem
2039 3839 2227 3881 usum
2273 3825 2338 3881 et
2385 3816 2914 3882 consuetudinem
2978 3815 3256 3879 civitatis
3311 3814 3625 3879 Bononie.
3675 3815 3842 3879 Item
3889 3816 4176 3902 relliquit
4221 3817 4361 3880 iure
4409 3819 4827 3888 institutionis

1180 3929 1413 4014 Egidie
1459 3950 1575 3993 sue
1621 3928 1750 3992 filie
1798 3933 2059 4008 terram,
2093 3946 2287 4011 quam
2335 3924 2570 3989 meruit
2615 3924 2969 3988 insolutum
3017 3944 3133 4009 pro
3182 3923 3477 3988 doctibus
3522 3923 3675 4006 suis,
3720 3923 4000 4009 positam
4045 3925 4111 3988 in
4160 3926 4341 3990 curia
4377 3925 4568 4002 Funi.
4616 3928 4702 3992 Et
4748 3952 4824 3996 eo

1181 4036 1458 4123 amplius
1519 4034 1806 4121 relliquit
1874 4033 2085 4098 eidem
2153 4041 2283 4097 tres
2345 4038 2714 4097 tornaturas
2785 4038 2955 4095 terre
3022 4030 3266 4117 positas
3316 4030 3380 4094 in
3450 4029 3623 4093 dicta
3685 4029 3900 4112 Curia,
3951 4053 4111 4116 quas
4175 4033 4411 4097 meruit
4473 4034 4826 4102 insolutum

1182 4151 1491 4229 tanquam
1537 4143 1617 4207 de
1666 4142 1850 4207 bonis
1897 4140 2213 4225 Philixinj
2261 4138 2651 4220 Ardicionis,
2700 4144 2770 4201 ut
2818 4136 3043 4220 credit,
3092 4137 3320 4202 iubens
3360 4136 3532 4223 quod
3577 4136 3849 4202 heredes
3897 4138 3996 4202 sui
4043 4138 4196 4203 dent
4243 4146 4307 4203 et
4353 4141 4610 4206 solvant
4655 4143 4823 4209 dicte

1178 4250 1413 4335 Egidie
1460 4249 1977 4335 vigintiquinque
2022 4247 2223 4311 libras
2270 4247 2779 4328 bononenorum,
2813 4245 2870 4308 si
2901 4244 3141 4309 fuerint
3160 4265 3420 4341 {00}ssss-
3452 4244 3838 4322 exhonerati
3881 4266 3928 4308 a
3966 4246 4360 4331 prestatione
4407 4248 4824 4315 collectarum

1180 4356 1636 4422 solvendarum
1683 4355 1939 4422 nomine
1987 4355 2157 4419 dicte
2203 4360 2396 4419 terre.
2443 4353 2611 4417 Item
2657 4352 2944 4439 relliquit
2986 4336 3154 4436 jure'
3183 4351 3603 4416 institutionis
3639 4351 4118 4436 Bartholomee,
4151 4353 4473 4441 Phylippe
4508 4363 4572 4420 et
4602 4357 4821 4423 Buva-

1179 4464 1330 4530 lellc
1379 4464 1511 4529 suis
1558 4464 1813 4528 filiabus
1861 4463 1925 4527 id
1975 4462 2145 4548 quod
2196 4462 2309 4544 eis,
2344 4461 2479 4525 sive
2526 4482 2643 4547 pro
2692 4461 2807 4543 eis,
2842 4459 3018 4523 dedit
3050 4459 3116 4523 in
3148 4459 3402 4524 doctem
3433 4466 3720 4545 tempore
3768 4481 3893 4545 quo
3927 4469 4303 4546 nupserunt,
4337 4469 4402 4526 et
4435 4484 4511 4527 eo
4546 4466 4821 4551 amplius

1179 4572 1443 4638 cuilibet
1489 4593 1713 4637 earum
1758 4570 1989 4656 viginti
2036 4568 2274 4635 solidos
2321 4568 2834 4650 bononenorum,
2869 4574 2934 4631 et
2980 4565 3060 4631 de
3107 4566 3230 4630 hoc
3277 4566 3405 4630 sint
3450 4567 3644 4630 tacite
3702 4573 3765 4630 et
3813 4573 4130 4631 contente.
4165 4567 4331 4632 Item
4363 4570 4648 4656 relliquit
4679 4572 4817 4638 iure

1177 4680 1597 4744 institutionis
1659 4677 2125 4761 Blancholino,
2173 4675 2483 4741 Azzoline
2531 4683 2597 4740 et
2654 4674 2888 4740 Besole
2950 4675 3101 4759 filijs
3164 4673 3406 4738 domini
3472 4673 3787 4758 Bonifatij
3850 4673 3929 4738 de
3993 4673 4281 4739 Galuziis
4338 4683 4404 4741 et
4461 4676 4818 4745 Tomaxine

1178 4787 1504 4875 quondam
1547 4786 1677 4850 filie
1717 4807 1852 4868 sue,
1886 4785 2140 4849 doctem
2186 4784 2410 4849 matris
2458 4804 2701 4864 eorum,
2753 4791 2820 4846 et
2866 4803 2942 4847 eo
2991 4781 3267 4868 amplius
3323 4781 3587 4846 cuilibet
3633 4803 3855 4846 eorum
3912 4781 4142 4867 viginti
4188 4783 4405 4848 soldos
4452 4785 4818 4852 bononeno-

1175 4915 1341 4976 rum,
1387 4901 1451 4959 et
1497 4894 1577 4958 de
1625 4893 1749 4958 hoc
1794 4893 1923 4957 sint
1966 4892 2147 4956 taciti
2194 4898 2260 4956 et
2305 4890 2609 4956 contenti.
2658 4889 2826 4955 Item
2880 4890 3168 4976 relliquit
3213 4889 3430 4953 Fratri
3479 4888 3882 4953 Sullimanno
3929 4888 4008 4953 de
4057 4887 4298 4954 Ordine
4346 4890 4652 4956 Fratrum
4693 4894 4815 4959 Mi-

1176 5023 1405 5066 norum
1451 5021 1702 5065 annuas
1747 5001 2028 5086 quinque
2076 5000 2276 5064 libras
2322 4998 2830 5079 bononenorum,
2878 4996 3125 5061 incluso
3173 4997 3239 5060 in
3287 4996 3412 5060 hiis
3467 4996 3698 5060 annuis
3746 4996 4028 5082 quinque
4074 4995 4256 5060 libris
4307 4998 4813 5087 bononenorum,

1174 5108 1242 5173 id
1288 5109 1458 5195 quod
1506 5108 1630 5193 sibj
1681 5107 1872 5172 debet
1919 5107 2211 5172 annatim
2255 5127 2339 5170 ex
2385 5104 2809 5170 conventione
2858 5104 3062 5169 innita
3125 5103 3291 5168 inter
3351 5103 3592 5168 dictum
3655 5103 3951 5167 Fratrem
4013 5124 4097 5167 ex
4148 5112 4335 5190 parte
4392 5127 4558 5189 una,
4604 5107 4816 5193 ipsum

1174 5222 1570 5298 testatorem,
1622 5214 2001 5300 magistrum
2049 5213 2343 5299 Maglum
2389 5219 2454 5278 et
2502 5211 2933 5277 Sullimanum
2981 5233 3064 5276 ex
3111 5211 3336 5275 altera.
3386 5210 3553 5275 Item
3601 5210 3802 5292 dixit,
3852 5210 4128 5274 asseruit
4173 5219 4238 5275 et
4286 5212 4616 5278 confessus
4662 5215 4813 5298 fuit,

1174 5322 1347 5409 quod
1393 5323 1669 5409 quedam
1716 5321 1964 5404 domus,
2016 5342 2139 5407 que
2187 5327 2287 5385 est
2333 5320 2400 5384 in
2448 5325 2742 5386 contrata
2788 5325 3009 5384 sancte
3053 5317 3260 5383 Marie
3307 5318 3386 5382 de
3436 5318 3709 5403 Claviga
3753 5317 3938 5381 iuxta
3983 5317 4123 5381 vias
4169 5318 4484 5404 publicas,
4519 5328 4583 5384 et
4631 5321 4815 5387 iuxta

1171 5429 1318 5494 illos
1366 5430 1446 5494 de
1491 5429 1738 5512 Doctis,
1773 5450 1967 5516 quam
2014 5436 2190 5493 tenet
2223 5435 2287 5492 et
2317 5426 2606 5513 possidet
2656 5425 3098 5491 Sullimannus
3145 5425 3314 5489 filius
3364 5424 3688 5510 quondam
3735 5423 4064 5506 Iohannis,
4101 5423 4319 5488 fratris
4367 5426 4487 5508 sui,
4521 5437 4620 5490 est
4659 5427 4814 5493 dicti

1174 5536 1597 5621 Sullimannj,
1644 5543 1710 5601 et
1755 5536 1925 5621 quod
1974 5535 2260 5622 precium
2309 5534 2434 5619 sibj
2482 5532 2674 5598 solvit
2721 5554 2806 5597 ex
2853 5555 2951 5597 ea.
2999 5532 3086 5596 Et
3131 5531 3275 5597 ideo
3323 5531 3508 5596 iussit
3562 5553 3710 5595 eum
3772 5552 3898 5595 non
3960 5531 4291 5596 molestari
4337 5533 4420 5597 ab
4467 5533 4813 5600 heredibus

1172 5643 1324 5709 suis.
1373 5643 1540 5708 Item
1591 5644 1774 5708 iussit
1820 5652 1883 5708 et
1929 5643 2135 5708 voluit
2192 5641 2364 5728 quod
2410 5641 2625 5706 omnia
2670 5641 3118 5722 instrumenta,
3152 5661 3238 5705 ex
3283 5638 3517 5725 quibus
3563 5645 3908 5725 appareret
3947 5658 4094 5701 eum
4127 5638 4379 5704 dedisse
4412 5639 4495 5703 ad
4529 5641 4813 5707 affictum

1168 5751 1408 5837 podere
1457 5751 1536 5815 (13
1586 5750 1932 5833 Galixano,
1967 5750 2106 5815 sive
2153 5757 2396 5815 terram
2443 5757 2507 5813 et
2552 5749 2810 5813 vineam
2858 5748 2937 5812 (13
2982 5746 3448 5830 Misericordia,
3483 5747 3610 5810 sint
3657 5766 3839 5810 cassa
3888 5751 3952 5808 et
3998 5766 4167 5809 vana
4223 5767 4298 5810 ac
4345 5747 4586 5812 nullius
4631 5749 4811 5815 valo-

1170 5858 1294 5941 ris,
1342 5866 1406 5923 et
1469 5880 1547 5924 ea
1611 5858 1947 5923 occasione
2010 5856 2208 5922 nichil
2269 5877 2457 5943 posse
2520 5855 2653 5942 peti
2717 5855 2800 5919 ab
2864 5855 3084 5940 aliqua
3148 5875 3444 5940 persona.
3496 5852 3985 5918 Commissarios
4049 5859 4264 5916 autem
4313 5875 4463 5918 suos
4512 5863 4576 5919 et
4623 5856 4811 5920 huius

1171 5967 1540 6031 testamenti
1586 5973 1965 6033 executores
2012 5987 2152 6030 esse
2201 5964 2386 6029 iussit
2432 5971 2497 6028 et
2543 5962 2747 6027 voluit
2793 5962 3120 6026 dominum
3167 5961 3445 6025 Paulum
3495 5968 3558 6025 et
3605 5960 3945 6042 Jacobum,
3995 5981 4143 6024 suos
4189 5961 4376 6043 filios,
4426 5968 4490 6025 et
4545 5963 4813 6027 fratrem

1167 6072 1630 6139 Homobonum
1675 6074 1754 6137 (13
1804 6073 2048 6139 Ordine
2110 6073 2413 6136 Fratrum
2474 6070 3000 6152 Predicatorum,
3049 6069 3282 6155 quibus
3346 6068 3523 6133 dedit
3583 6067 3912 6133 licentiam
3970 6073 4037 6130 et
4090 6067 4364 6131 liberam
4424 6077 4812 6155 potestatem

1168 6180 1498 6266 alienandj
1549 6186 1615 6244 et
1660 6179 2039 6266 obbligandj
2088 6178 2168 6244 de
2216 6178 2403 6243 bonis
2449 6177 2582 6241 suis
2631 6176 2723 6241 sic
2770 6182 2835 6240 et
2882 6175 3121 6259 taliter,
3172 6184 3242 6239 ut
3288 6175 3504 6241 omnia
3552 6175 3619 6238 in
3664 6172 3948 6261 presenti
3995 6179 4379 6239 testamento
4427 6174 4670 6239 inserta
4716 6176 4810 6239 ef-

1166 6287 1365 6374 fectuj
1415 6287 1906 6353 demandentur.
1940 6288 2018 6352 Iu
2068 6286 2366 6353 omnibus
2413 6306 2567 6350 vero
2615 6284 2760 6348 aliis
2809 6283 2943 6348 suis
2993 6283 3200 6367 bonis,
3235 6282 3578 6348 mobilibus
3625 6289 3691 6347 et
3735 6279 4192 6363 immobilibus,
4221 6281 4477 6365 juribus
4516 6290 4579 6346 et
4612 6283 4810 6347 actio-

1327 6522 1405 6588 (1)
1446 6521 1549 6572 stc.
1582 6468 1587 6473 ⁸
