5542 7775
1347 695 1806 745 SPECTANTIA
1848 696 1948 745 An
1990 693 2319 743 anssnM
2357 690 3090 742 ARCHIDIACONORUM
3126 691 3333 743 neon.
3374 690 3648 742 nomon.
4160 670 4310 740 253

2436 1148 2554 1212 VI.

2195 1364 2388 1446 1206,
2440 1364 2523 1425 18
2571 1364 2804 1427 martii.

1219 1576 1325 1640 Ex
1372 1576 1550 1641 arch.
1600 1575 1810 1662 Capit.
1858 1575 2202 1662 Metropol.
2251 1575 2525 1658 bonon.,
2573 1576 2636 1639 in
2697 1601 2725 1633 α
2777 1574 2970 1639 Libro
3014 1577 3248 1638 Axium
3300 1598 3360 1657 ιι,
3408 1595 3538 1638 car.
3596 1573 3799 1637 11(1).

858 1789 1274 1854 Innocentius
1322 1788 1682 1875 episcopua,
1716 1810 1941 1852 servus
1975 1809 2310 1852 servorum
2357 1788 2518 1871 Dei,
2566 1788 2800 1853 dilecto
2847 1789 2979 1852 filio
3027 1786 3249 1851 abbati
3295 1787 3501 1851 sancti
3545 1787 3809 1852 Proculi
3852 1785 4165 1868 Bononie,
4206 1806 4307 1848 sa·

677 1898 880 1962 lutem
926 1904 991 1962 et
1035 1897 1456 1983 apostolicam
1502 1896 2033 1961 benedictionem.

859 2006 1038 2069 Sicut
1085 2003 1302 2068 dilecti
1347 2004 1463 2067 filii
1511 2004 2022 2086 archidiaconus,
2071 2004 2570 2090 archipresbiter
2616 2009 2682 2069 et
2728 2004 3096 2090 Capitulum
3144 2005 3436 2070 Bononie
3484 2024 3602 2068 sua
3648 2001 3833 2068 nobis
3879 2000 4309 2065 insinuatione

677 2118 1138 2193 monstrarunt,
1173 2118 1485 2176 statutum
1532 2111 1775 2176 habent
1807 2111 1871 2175 in
1917 2133 2141 2177 eorum
2172 2111 2466 2177 Ecclesia
2492 2112 2862 2197 juramento
2907 2111 3239 2195 vallatum,
3275 2134 3400 2197 quo
3434 2118 3583 2175 sunt
3614 2109 3858 2175 astricti
3903 2108 4153 2172 nullum
4193 2108 4307 2172 eli-

675 2242 829 2306 gere
880 2219 985 2283 vel
1029 2219 1315 2305 recipere
1365 2219 1428 2282 in
1476 2220 1877 2301 canonicum,
1926 2219 2050 2283 nisi
2098 2219 2179 2282 ad
2228 2241 2375 2283 eum
2423 2218 2736 2302 ordinem,
2770 2220 2873 2283 vel
2921 2220 3336 2312 superiorem,
3381 2220 3446 2283 in
3493 2240 3620 2305 quo
3666 2218 3879 2282 fuerat
3924 2216 4156 2280 cedens
4204 2237 4309 2280 ca-

676 2328 944 2391 nonicus
1007 2327 1113 2390 vel
1175 2325 1531 2409 decedens,
1581 2347 1699 2390 nec
1759 2325 2036 2390 electum
2097 2326 2201 2390 vel
2259 2326 2705 2390 confirmatum
2764 2326 2830 2389 in
2880 2327 3258 2391 canonicum
3319 2326 3657 2390 admittere
3705 2324 3788 2388 ad
3832 2324 4311 2410 perceptionem

675 2434 1038 2521 prebende,
1090 2434 1209 2498 nisi
1260 2433 1464 2519 primo
1511 2454 1579 2497 se
1627 2433 1825 2497 faciat
1869 2433 2234 2520 promoveri
2281 2434 2364 2497 ad
2413 2434 2702 2498 ordinem
2749 2433 2833 2497 ad
2881 2454 3071 2520 quem
3132 2441 3427 2520 receptus
3473 2433 3670 2497 fuerit
3712 2432 3814 2496 vel
3870 2432 4146 2512 electus,
4193 2452 4307 2495 nec

676 2543 1046 2630 permittere
1095 2542 1276 2605 illum
1322 2541 1388 2604 in
1435 2541 1642 2627 primo
1687 2542 2073 2627 receptionis
2120 2563 2233 2604 sue
2268 2562 2435 2605 anno
2479 2542 2809 2627 percipere
2852 2541 3176 2627 prebende
3210 2563 3322 2606 sue
3354 2548 3725 2627 proventus,
3757 2546 3974 2626 preter
4004 2537 4309 2602 victualia

677 2652 835 2730 sola,
871 2650 984 2713 sed
1031 2655 1380 2735 proventus
1430 2648 1601 2711 illius
1651 2648 1803 2711 anni
1851 2656 2307 2713 convertentur
2339 2649 2403 2712 in
2436 2649 2891 2713 canonicorum
2930 2648 3241 2712 utilitates
3274 2668 3664 2729 communes,
3699 2668 3905 2732 neque
3937 2646 4308 2732 permittere

677 2757 887 2843 ipsum
938 2754 1259 2843 prebende
1306 2775 1421 2818 sue
1468 2754 1716 2818 fructus
1763 2756 2114 2842 percipere,
2150 2777 2266 2819 nec
2314 2755 2652 2819 admittere
2686 2754 2766 2817 ad
2803 2776 3170 2819 communes
3216 2760 3530 2819 tractatus
3579 2753 3864 2839 capituli,
3900 2752 4022 2815 nisi
4054 2753 4132 2816 de
4164 2773 4309 2837 pre-

675 2865 885 2927 missis
934 2862 1230 2926 omnibus
1277 2868 1343 2925 et
1387 2861 1662 2946 singulis
1710 2862 2131 2926 observandis
2173 2862 2525 2947 juramenti
2579 2862 2837 2927 vinculo
2900 2884 2968 2925 se
3032 2862 3370 2946 astringat.
3433 2860 3540 2926 Ad
3600 2860 3719 2925 hec
3781 2859 3859 2923 de
3921 2858 4188 2945 antiqua
4247 2866 4312 2923 et

674 2970 1035 3057 approbata
1083 2968 1545 3033 consuetudine
1591 2969 1903 3033 hactenus
1954 2970 2018 3033 in
2065 2970 2292 3034 eadem
2339 2969 2633 3033 Ecclesia
2680 2975 2779 3033 est
2826 2968 3179 3051 obtentum,
3229 2968 3400 3054 quod
3463 2968 3734 3033 Camare
3797 2966 4161 3031 cedentium
4206 2966 4310 3030 vel

675 3078 1122 3142 decedentium
1171 3076 1625 3141 canonicorum
1674 3076 1755 3139 ad
1805 3098 2205 3141 successores
2256 3098 2379 3141 non
2429 3084 2783 3159 transeant,
2819 3076 2930 3140 sed
2964 3077 3388 3162 disponantur
3417 3076 3619 3139 libere
3666 3097 3783 3160 per
3831 3074 4201 3160 Capitulum
4248 3081 4312 3137 et

675 3185 872 3250 etiam
921 3184 1372 3248 concedantur.
1423 3184 1585 3248 Cum
1634 3184 1832 3268 igitur
1877 3190 2191 3247 statutum
2239 3184 2608 3269 hujusmodi
2653 3186 2736 3248 sit
2768 3185 3150 3249 auctoritate
3184 3183 3537 3270 apostolica
3570 3182 4037 3264 confirmatum,
4071 3188 4135 3244 et
4165 3203 4310 3268 pre-

674 3292 846 3356 dicta
894 3289 1289 3356 consuetudo
1338 3291 1420 3354 sit
1470 3291 1626 3354 inibi
1674 3292 1985 3355 hactenus
2034 3291 2298 3378 pacifice
2348 3291 2710 3373 observata,
2747 3291 3117 3355 discretioni
3157 3298 3265 3354 tue
3297 3312 3413 3377 per
3444 3289 3799 3377 apostolica
3846 3289 4085 3375 scripta
4132 3310 4311 3353 man-

676 3398 939 3479 damus,
990 3398 1292 3483 quatinus
1339 3419 1465 3461 non
1515 3399 1850 3484 permittas
1898 3397 2101 3461 dictos
2149 3398 2707 3481 archidiaconum,
2757 3398 3368 3484 archipresbiterum
3413 3403 3479 3462 et
3533 3397 3905 3483 Capitulum
3958 3417 4151 3482 super
4211 3396 4312 3459 his

667 3507 751 3570 ab
799 3491 1123 3590 aliquibus
1171 3504 1452 3568 indebite
1501 3505 1850 3587 molestari,
1885 3504 2329 3569 molestatores
2375 3505 2743 3592 hujusmodi
2785 3527 2901 3591 per
2931 3526 3271 3569 censuram
3309 3504 3831 3586 ecclesiasticam,
3868 3503 4302 3590 appellatione

666 3613 1047 3700 postposita,
1096 3611 1581 3697 compescenda

847 3720 1091 3783 Datum
1137 3719 1391 3783 Perusii
1440 3719 1914 3805 quintodecimo
1962 3720 2277 3784 kalendas
2327 3721 2569 3807 aprilis,
2619 3720 3030 3806 pontificatus
3077 3719 3278 3784 nostri
3324 3740 3494 3783 anno
3542 3717 3834 3783 nono(2).

2406 4043 2563 4108 VII.

1831 4257 2025 4338 1207,
2070 4257 2158 4319 22
2202 4258 2453 4341 anqusti
2496 4264 2550 4321 et
2597 4258 2794 4339 1213,
2846 4256 2927 4318 15
2972 4258 3154 4320 iunii.

1173 4470 1280 4533 Ex
1329 4470 1592 4535 archivo
1642 4470 1852 4556 Capit.
1897 4470 2380 4557 Metropolitani
2428 4470 2701 4555 bonon.,
2753 4492 2924 4535 nunc
2970 4470 3036 4535 in
3086 4471 3262 4535 arch.
3310 4470 3488 4536 Max.
3538 4470 3808 4552 bonon.,

1739 4584 1895 4642 sect.
1941 4604 1969 4636 α
2017 4578 2387 4643 Demaniale
2435 4603 2495 4660 ιν,
2547 4600 2719 4642 num.
2754 4558 2836 4673 {7¹3
2864 4628 2880 4660 ,
2928 4577 3068 4642 doc.
3125 4581 3226 4643 13.

847 4790 1228 4874 G[erardus]
1277 4791 1400 4856 Dei
1451 4793 1664 4877 gratia
1710 4792 2139 4856 Bononiensis
2186 4793 2577 4880 Episcopus,
2626 4793 2877 4858 dilectis
2934 4794 2997 4857 in
3062 4793 3316 4858 Christo
3377 4791 3685 4856 fratribus
3739 4791 4026 4856 Henrico
4074 4790 4307 4856 Archi-

670 4896 941 4961 diacouo
975 4905 1040 4961 et
1071 4898 1112 4962 J
1120 4898 1288 4962 udici
1333 4899 1899 4986 Archipresbitero
1934 4907 1997 4964 et
2028 4900 2366 4965 Universis
2415 4900 2755 4966 Canonicis
2804 4901 3230 4965 Bononiensis
3279 4898 3607 4986 Capit[uli,
3641 4897 4018 4983 [sa]l[utem]
4051 4899 4117 4963 in
4149 4898 4308 4982 D[o-

666 5004 887 5088 mino].
938 5007 1098 5070 Cum
1146 5028 1230 5069 cx
1279 5007 1469 5090 officij
1519 5007 1736 5072 debito
1785 5008 1974 5071 nobis
2020 5009 2376 5090 commissi,
2426 5031 2503 5073 ea
2551 5031 2674 5095 que
2721 5009 2900 5096 pacis
2948 5015 3098 5073 sunt
3143 5015 3209 5072 et
3254 5007 3592 5073 concordie
3637 5016 3972 5071 teneamur
4028 5006 4309 5093 quadam

669 5134 862 5176 manu
911 5112 1386 5196 solicitudin[is]
1406 5115 1484 5178 (3)
1519 5163 2204 5180 ...........
2239 5115 2726 5198 refutacionem,
2761 5116 3235 5180 transacionem
3281 5121 3346 5179 et
3392 5115 3869 5179 concessionem
3917 5114 3996 5178 de
4044 5114 4306 5179 decimis

669 5220 968 5305 plebatus
1013 5220 1353 5303 Medii-ine,
1404 5221 1568 5285 inter
1616 5222 2009 5287 bononiense
2058 5222 2427 5308 Capitulum
2475 5221 2589 5306 [et]
2640 5272 2922 5289 .....
2972 5223 3303 5288 Ubaldum
3346 5221 3682 5287 Vicarium
3740 5222 3962 5286 Plebis
4025 5229 4090 5286 et
4145 5222 4306 5286 alios

669 5327 936 5391 clericos
984 5327 1064 5392 de
1111 5327 1436 5392 Medicina
1482 5335 1546 5392 et
1596 5329 1793 5393 laicos
1840 5352 1925 5393 ex
1972 5330 2216 5410 altera,
2263 5351 2380 5416 pro
2439 5330 2607 5394 bono
2670 5331 2850 5416 pacis
2910 5330 3336 5394 amicabiliter
3383 5378 3797 5395 .......
3847 5328 3944 5412 [ut
3990 5351 4073 5393 ex
4121 5328 4305 5412 actis]

664 5436 844 5500 Petri
892 5436 1124 5500 notarii
1174 5437 1557 5518 continetur,
1592 5439 1889 5501 volumus
1930 5439 2280 5502 observari.
2330 5437 2545 5504 Tenor
2591 5447 2805 5503 autem
2855 5439 3261 5503 instrumenti
3301 5438 3451 5502 talis
3498 5445 3595 5502 est
3627 5438 3812 5502 etsie
3845 5438 4101 5524 incipit:
4154 5487 4169 5503 .
4221 5488 4236 5503 .
4288 5487 4304 5503 .

843 5650 1190 5716 Millesimo
1238 5651 1678 5717 ducentesimo
1726 5654 2019 5739 septimo,
2065 5653 2402 5718 undecimo
2451 5653 2765 5717 kalendas
2814 5653 3232 5739 septembris,
3280 5653 3625 5718 indictione
3671 5652 3972 5737 de[cima]
4023 5702 4304 5719 .....

665 5807 1488 5825 .............
1540 5760 1912 5847 Capitulum
1958 5760 2370 5825 bononiensis
2417 5761 2706 5826 Ecclesie
2754 5783 2839 5824 ex
2886 5781 3015 5825 una
3063 5768 3282 5847 parte,
3332 5767 3398 5825 et
3443 5760 3708 5826 clericos
3763 5769 3827 5826 et
3873 5761 4165 5826 homines
4226 5761 4305 5826 de

665 5864 988 5929 Medicina
1034 5888 1118 5929 ex
1166 5867 1398 5952 altera⁵
1422 5916 2039 5934 ..........
2090 5867 2206 5951 e[t]
2256 5869 2625 5955 Capitulum
2673 5868 3087 5933 bononiensis
3134 5868 3425 5934 Ecclesie
3486 5868 3768 5933 decimas
3830 5868 4305 5954 possessionum

664 5971 977 6036 Plebatus
1024 5973 1343 6039 Medicine
1392 5975 1713 6060 pertinere
1749 6025 2498 6041 ............
2547 5976 2766 6063 [l]ayci
2812 6026 3296 6043 ........
3296 5996 3301 6001 ’
3346 6026 3361 6042 .
3413 6026 3428 6041 .
3479 5976 3781 6040 dicebant
3826 5997 3935 6039 eas
3985 5976 4304 6062 pertinere

825 6276 904 6338 (l)
947 6274 1059 6326 Gfr.
1100 6274 1320 6340 Savioli,
1361 6277 1508 6328 Anu.
1548 6276 1682 6340 hol„
1721 6277 1828 6328 vol.
1870 6276 1976 6342 11.,
2014 6295 2133 6346 par.
2173 6277 2274 6343 II.,
2313 6294 2438 6346 pag.
2479 6280 2600 6342 27¹7,
2639 6294 2788 6329 num.
2828 6276 3167 6329 CCCLXIX.

827 6367 906 6428 (2)
947 6363 1255 6416 Innocentii
1282 6365 1387 6417 111.
1414 6366 1590 6418 literis
1630 6366 1880 6418 addimus
1913 6367 2053 6419 alias
2093 6366 2320 6419 Honor-ii
2347 6366 2451 6417 111.
2479 6367 2609 6418 anni
2649 6365 3042 6428 MCCXXIII„
3068 6382 3208 6434 quae
3245 6367 3526 6435 pertinent
3562 6366 3631 6419 ad
3668 6367 3872 6419 similia
3908 6366 4305 6419 canonicorum

674 6451 957 6504 Ecclesiae
997 6453 1345 6506 bononiensis
1383 6454 1618 6506 Statuta.

821 6543 900 6608 (3)
944 6541 1064 6594 Hac
1103 6542 1160 6594 in
1201 6544 1521 6596 membrana
1559 6545 1829 6597 multifori
1865 6547 2039 6598 multa
2078 6546 2472 6599 desiderantur.
