5542 7775
1697 665 2158 716 SPECTANTIA
2213 667 2317 717 An
2373 666 2882 718 Pnornssonss
2938 666 3148 717 wius
3204 667 3470 717 clvlLls
4243 649 4384 720 101

757 840 949 882 suum
995 819 1466 905 promulgataS,
1501 819 1885 884 auctoritate
1934 819 2243 906 predicta,
2279 820 2537 884 omnino
2586 820 2862 901 relaxes,
2910 818 3101 883 tollas
3148 827 3213 883 01
3258 820 3539 901 auferas,
3587 839 3831 901 casses,
3863 819 4074 884 irrites
4121 828 4187 884 01
4233 827 4398 885 tota·

756 925 906 989 liter
954 926 1218 991 aboleas
1266 932 1329 990 et
1377 927 1696 1009 annulles,
1730 926 1971 992 dictum
2007 927 2306 992 Studium
2354 928 2658 1013 generale
2692 948 2838 991 cum
2880 927 3176 991 omnibus
3207 926 3588 1012 privilegijs,
3622 924 4041 1011 indulgentijs
4072 934 4138 991 01
4167 928 4398 1012 gratijs

757 1033 1146 1119 supradictis
1193 1034 1588 1098 restituendo
1636 1040 1698 1098 ct
1754 1035 2210 1121 reintegrando
2256 1035 2499 1099 eisdem
2549 1036 2612 1098 in
2660 1035 2957 1098 omnibus
3004 1042 3069 1098 et
3114 1054 3229 1119 per
3276 1033 3519 1116 omnia,
3567 1034 3731 1097 sicut
3777 1033 3935 1096 illud
3983 1039 4133 1097 3010
4180 1041 4398 1120 patra-

759 1141 1001 1205 tionem
1048 1141 1363 1205 dictorum
1411 1163 1792 1206 excessuum
1840 1142 2253 1207 obtinebant:
2304 1163 2524 1206 omnes
2574 1143 2835 1228 insuper
2878 1162 3186 1228 personas
3248 1140 3715 1204 ecclesiasticas
3762 1148 3827 1204 et
3872 1141 4194 1206 seculares
4242 1141 4395 1205 civi·

760 1248 934 1332 tatis,
969 1249 1310 1313 comitatus
1358 1260 1421 1314 et
1469 1250 1795 1314 districtus
1845 1250 2283 1336 predictorum
2329 1250 2411 1314 ab
2455 1249 3073 1314 excomunicationis
3117 1270 3232 1312 seu
3279 1247 4012 1313 excommunicationum
4056 1250 4396 1333 sententia,

756 1356 863 1420 vel
914 1357 1280 1441 sententijs,
1322 1379 1514 1442 quam
1561 1357 1666 1421 vel
1710 1378 1870 1443 quas
1903 1365 2166 1444 propter
2197 1378 2500 1422 excessus
2533 1364 2597 1421 et
2629 1357 2853 1443 culpas
2887 1355 3039 1420 olim
3070 1362 3294 1419 contra
3325 1356 3649 1442 prefatum
3687 1355 4122 1419 Bertrandum
4153 1356 4398 1441 episco-

760 1484 917 1549 pum
952 1463 1299 1527 ostiensem
1331 1472 1483 1527 tunc
1516 1464 1838 1548 Legatum
1872 1471 1937 1528 et
1969 1465 2131 1528 31103
2163 1466 2446 1551 prelatos
2480 1472 2542 1529 et
2576 1485 2886 1550 personas
2919 1462 3386 1527 ecclesiasticas
3419 1470 3570 1526 tunc
3617 1462 3966 1527 existentes
3997 1463 4063 1526 in
4095 1463 4396 1527 comitiva

765 1570 993 1656 ipsius,
1025 1592 1100 1635 30
1133 1570 1485 1635 familiares
1518 1571 1829 1656 ejusdem,
1865 1593 1981 1637 nec
2015 1593 2141 1636 non
2176 1572 2480 1636 officiales
2510 1572 2761 1658 prefate
2797 1591 3058 1634 romane
3090 1568 3378 1634 Ecclesie
3411 1576 3563 1633 tunc
3590 1570 3656 1632 in
3688 1569 3968 1652 civitate,
3995 1569 4304 1634 comitatu
4333 1578 4397 1634 et

758 1677 1053 1742 districtu
1099 1677 1404 1764 predictis
1439 1686 1785 1761 morantes,
1828 1679 2123 1743 faciendo
2158 1679 2454 1761 insultus,
2488 1699 2935 1765 aggressuras,
2970 1676 3407 1763 spoliationes,
3442 1676 3826 1759 obsidiones,
3860 1676 4069 1760 cedes,
4100 1677 4398 1741 vulnera·

756 1784 987 1867 tiones,
1022 1785 1375 1871 captiones,
1409 1785 1833 1868 detentioneS,
1868 1787 2430 1869 incarcerationes,
2466 1794 2529 1850 ct
2569 1787 2698 1850 alia
2746 1785 3056 1849 adversus
3102 1805 3213 1848 eos
3245 1783 3560 1847 maleficia
3592 1783 4043 1869 pertractando
4076 1784 4395 1869 flagitioso

759 1898 823 1954 et
863 1891 1181 1976 sacrilego
1216 1913 1380 1956 ausu
1413 1893 1805 1975 commissos,
1840 1915 1954 1980 per
1984 1915 2321 1980 processus
2353 1900 2606 1958 nostros
2638 1900 2703 1957 et
2734 1891 2887 1957 dicti
2919 1891 3152 1976 Legati
3184 1890 3548 1976 dictamque
3581 1890 4100 1954 constitutionem
4132 1898 4196 1954 01
4234 1891 4395 1955 31103

762 2019 1064 2082 canones,
1113 2020 1228 2063 300
1275 2021 1392 2086 per
1436 2000 1861 2086 provincialia
1908 2008 1972 2065 et
2020 2000 2337 2067 sinodalia
2384 2007 2627 2065 stat-uta
2672 1999 2999 2087 predicta,
3048 1999 3153 2062 vel
3199 1998 3362 2062 alias
3416 1982 3870 2084 premissorum
3932 1998 4266 2062 000331000
4312 1999 4395 2063 ab

756 2105 1015 2171 homine
1065 2106 1170 2170 vel
1216 2128 1255 2170 a
1298 2108 1445 2193 jure
1494 2107 1781 2194 prolatas
1829 2108 2311 2194 quomodolibet
2360 2109 2787 2190 incurrerunt,
2822 2106 3166 2171 dummodo
3214 2106 3541 2170 humiliter
3574 2105 3874 2192 petierint
3915 2126 3984 2168 30
4017 2105 4287 2189 absolvi,
4320 2128 4395 2171 ac

752 2214 1177 2279 restitutionis
1227 2215 1420 2280 realis
1468 2224 1533 2279 et
1580 2218 1933 2302 corporalis
1980 2218 2425 2304 possessionis,
2461 2224 2526 2281 et
2572 2217 2778 2302 quasi,
2811 2215 3109 2297 civitatis,
3144 2216 3482 2279 comitatus
3527 2221 3593 2278 et
3639 2213 3985 2296 districtus,
4020 2234 4097 2278 ac
4137 2216 4299 2279 meri
4330 2224 4396 2279 et

758 2320 945 2385 mixti
992 2322 1245 2408 imperii
1293 2331 1355 2387 et
1405 2324 1767 2388 omnimode
1811 2324 2310 2409 jurisdictioniS,
2361 2346 2478 2388 nec
2536 2346 2663 2388 000
2712 2329 3074 2387 ceterorum
3112 2323 3356 2408 jurium
3401 2321 3832 2408 predictorum
3877 2321 4014 2405 tibi,
4059 2322 4397 2408 recipienti

751 2433 972 2491 nostro
1022 2435 1087 2493 et
1134 2429 1453 2495 dictorum
1503 2451 1945 2495 successorum
2001 2452 2076 2495 ac
2124 2452 2387 2496 romane
2434 2430 2725 2495 Ecclesic
2772 2429 3087 2512 faciende,
3131 2436 3194 2492 ct
3241 2427 3807 2513 recognitionibuS,
3841 2428 4392 2513 ratificationibus,

753 2536 1337 2621 acceptationibus,
1388 2537 1954 2620 affirmationibus,
2004 2538 2633 2620 confirmationibus,
2683 2536 3264 2621 emologationibus
3311 2556 3456 2599 cum
3495 2536 4010 2619 juramentorum
4055 2537 4394 2621 prestatio-

752 2641 960 2724 nibus,
1012 2643 1517 2729 obligationibus
1565 2644 1761 2709 ctiam
1809 2668 2004 2732 super
2051 2647 2222 2710 (11010
2271 2667 2467 2711 00030
2514 2652 2578 2709 01
2619 2645 2767 2728 alijs
2801 2643 3096 2709 omnibus
3129 2650 3195 2706 01
3226 2642 3497 2727 siugulis
3530 2641 3845 2706 contentis
3877 2642 3942 2705 in
3974 2642 4160 2707 dictis
4191 2643 4394 2708 literis

750 2749 1121 2834 specialiter
1170 2760 1233 2815 et
1283 2774 1588 2838 expresse
1638 2755 2082 2818 consenserint
2135 2775 2373 2840 easque
2422 2753 2691 2817 10001101
2737 2757 2800 2816 01
2849 2750 3362 2836 adimpleverint,
3396 2756 3474 2812 ut
3510 2749 3852 2834 prefertur,
3894 2758 4151 2836 recepto
4199 2752 4396 2816 etiam

752 2857 930 2943 prius
980 2858 1063 2922 ab
1116 2858 1362 2922 eisdem
1401 2859 1480 2923 de
1513 2860 1745 2924 stando
1779 2861 2100 2925 mandatis
2132 2860 2421 2925 Ecclesic
2455 2869 2648 2946 atque
2682 2860 2917 2923 nostris
2950 2858 3165 2922 debito
3193 2858 3583 2942 juramento,
3625 2877 3741 2941 per
3779 2864 3841 2920 10
3889 2857 3993 2921 vel
4033 2857 4234 2921 alium
4279 2881 4394 2924 300

757 2964 921 3029 31103
956 2965 1021 3028 111
1054 2965 1413 3030 sacerdotio
1447 2968 1825 3032 constitutos
1853 2970 2046 3053 juxta
2070 2968 2358 3033 Ecclesic
2392 2968 2664 3031 1011113111
2698 2966 3030 3048 absolvas3
3061 2965 3374 3028 mandans
3406 2964 3498 3027 eis
3530 2963 3650 3026 sub
3683 2963 3898 3027 debito
3930 2964 4218 3029 eiusdem
4248 2987 4394 3052 pre·

747 3072 882 3136 stiti
926 3074 1307 3156 juramenti,
1343 3073 1513 3159 quod
1559 3076 1768 3161 passis
1815 3076 2118 3159 injuriam
2173 3076 2308 3140 sive
2356 3075 2593 3138 damna
2646 3076 2701 3137 si
2749 3095 2877 3137 non
2919 3072 3367 3154 satisfecerint,
3401 3070 3802 3135 satisfaciant
3841 3079 4296 3158 competenter,
4329 3082 4393 3139 ct

754 3179 927 3265 quod
974 3180 1212 3244 similia
1259 3181 1338 3246 de
1387 3189 1600 3246 cetero
1652 3203 1776 3247 non
1827 3184 2230 3248 committant
2279 3205 2396 3247 000
2444 3182 2989 3247 committentibus
3038 3179 3440 3244 consentiant
3487 3179 3594 3243 vel
3632 3178 4006 3262 adhereant,
4040 3179 4153 3243 sed
4193 3181 4285 3244 013
4328 3183 4394 3246 10

749 3285 990 3350 talibus
1038 3288 1294 3374 penitus
1342 3288 1818 3372 contradicant,
1867 3297 1932 3353 01
1979 3298 2287 3376 (10301010
2354 3290 2417 3354 in
2479 3311 2546 3353 se
2610 3289 2804 3353 fuerit
2868 3286 3220 3373 impediant
3282 3286 3674 3350 contrarium
3720 3294 4182 3371 presumentes.
4230 3286 4394 3352 Cum

747 3392 875 3456 illis
929 3415 1184 3480 quoque
1233 3395 1524 3481 personis
1586 3397 2061 3480 ecclesiasticis,
2112 3405 2174 3461 01
2222 3397 2484 3479 eisdem,
2528 3397 2636 3482 qui
2682 3395 2987 3482 predictis
3034 3393 3220 3479 ligati
3264 3392 3601 3476 sententijs
3645 3413 3761 3478 per
3806 3391 4283 3478 simplicitatem
4328 3403 4393 3460 01

739 3501 907 3585 juris
960 3501 1411 3587 ignorantiam,
1461 3525 1591 3568 non
1638 3511 1854 3568 tamen
1905 3506 1970 3568 in
2018 3512 2455 3591 contemptum
2504 3504 2817 3585 clavium,
2867 3502 3084 3565 divina
3132 3501 3340 3565 officia
3388 3500 3797 3564 celebrarunt
3840 3501 3943 3563 vel
3992 3521 4061 3564 30
4107 3501 4392 3586 ingesse-

748 3616 899 3672 runt
945 3608 1222 3690 eisdem,
1271 3631 1467 3695 super
1514 3609 1998 3695 irregularitate
2047 3632 2243 3697 quam
2289 3620 2632 3697 propterea
2681 3615 3176 3691 contraxerunt,
3225 3607 3318 3671 eis
3372 3607 3550 3693 prius
3598 3608 3789 3691 juxta
3836 3614 3944 3670 tue
3991 3605 4392 3672 discretionis

748 3717 1088 3781 arbitrium
1135 3739 1173 3781 a
1219 3739 1480 3782 suorum
1531 3718 1827 3783 ordinum
1871 3722 2253 3785 executione
2287 3720 2637 3806 suspensis,
2679 3719 2907 3784 eadem
2940 3718 3321 3782 auctoritate
3355 3715 3705 3803 dispenses,
3739 3715 4043 3800 injunctis
4075 3718 4167 3781 eis
4200 3739 4393 3804 super

749 3824 828 3889 iis
875 3825 1233 3913 penitentia
1280 3826 1585 3910 salutari,
1635 3833 1699 3892 01
1745 3828 1889 3893 31113
1936 3849 2060 3915 quc
2108 3828 2187 3894 de
2229 3830 2376 3915 jure
2423 3827 2663 3893 fuerint
2720 3826 3153 3913 injungenda,
3201 3832 3393 3912 prout
3453 3846 3716 3889 suarum
3778 3824 4140 3890 animarum
4198 3827 4393 3892 saluti

750 3934 1134 4018 cognoveris
1184 3934 1513 4020 expedire.
1562 3935 1864 4000 Prefatos
1914 3958 2169 4022 quoque
2219 3937 2593 4020 Commune,
2628 3936 3114 4000 universitatem
3148 3942 3213 3998 et
3242 3932 3587 4019 Populum,
3621 3933 3908 4019 aliasque
3940 3933 4392 3999 universitates

752 4049 818 4103 et
867 4039 1271 4123 Communia,
1319 4042 1659 4106 comitatus
1708 4050 1772 4107 et
1820 4044 2148 4110 districtus
2194 4046 2481 4131 ipsorum
2528 4051 2592 4108 et
2639 4043 3003 4128 singulares
3048 4062 3359 4129 personas
3408 4062 3651 4123 eorum,
3684 4062 3768 4104 ex
3813 4048 3965 4106 tunc
4012 4043 4393 4108 auctoritate

746 4147 1038 4233 predicta
1086 4149 1392 4213 restituas
1441 4150 1505 4212 in
1556 4150 1885 4236 integrum
1933 4151 2015 4216 ad
2064 4153 2405 4239 pristinum
2453 4160 2713 4235 statum,
2761 4150 3024 4233 famam,
3072 4149 3348 4213 honores
3395 4153 3460 4212 et
3504 4147 3844 4234 privilegia
3891 4155 3957 4212 et
4001 4149 4131 4213 alia
4177 4152 4392 4215 omnia

742 4261 805 4318 et
854 4254 1149 4339 singula,
1200 4256 1291 4319 ita
1356 4255 1527 4341 quod
1588 4264 1795 4321 status
1857 4279 2114 4340 eorum,
2177 4260 2512 4324 occasione
2559 4259 2665 4323 vel
2726 4279 2924 4322 causa
2996 4258 3312 4323 dictorum
3367 4277 3749 4321 excessuum
3805 4263 3868 4320 et
3916 4256 4252 4343 culparum
4316 4281 4391 4323 ac

751 4361 1070 4425 dictarum
1119 4383 1432 4448 penarum
1480 4373 1541 4427 ct
1591 4365 2059 4430 sententiarum
2106 4367 2173 4431 in
2221 4367 2436 4452 aliquo
2486 4388 2611 4430 000
2660 4366 2922 4430 vacillet
2968 4386 3086 4430 000
3133 4371 3466 4429 1011130031
3512 4364 3897 4447 diminutus,
3944 4365 4059 4429 sed
4104 4365 4392 4452 predicto

753 4467 986 4533 Studio
1033 4470 1323 4555 generali
1372 4492 1447 4536 30
1494 4471 1763 4557 pristino
1810 4481 2003 4556 statu,
2057 4474 2251 4557 fama,
2301 4474 2673 4557 honoribus,
2708 4474 3068 4560 privilegijs
3116 4482 3180 4537 et
3224 4473 3372 4558 alijs
3418 4472 3749 4557 beneficijs
3794 4480 3859 4538 et
3900 4475 4154 4559 juribus
4200 4475 4391 4561 plene

738 4576 803 4640 in
875 4577 1172 4641 omnibus
1235 4576 1564 4663 gaudeant
1621 4586 1685 4643 01
1735 4587 2022 4663 utantur,
2071 4581 2237 4645 sicut
2284 4589 2433 4646 ante
2480 4582 2915 4668 predictorum
2965 4581 3478 4645 commissionem
3526 4600 3908 4646 excessuum
3954 4583 4048 4645 uti
4093 4589 4395 4668 poterant

737 4693 801 4747 et
851 4684 1136 4770 gaudere
1197 4684 1276 4749 de
1327 4685 1597 4771 speciali
1648 4694 1867 4750 nostra
1904 4694 1967 4750 et
2000 4688 2290 4771 ejusdem
2325 4688 2511 4753 Sedis
2544 4691 2757 4776 gratia
2789 4698 2854 4754 et
2886 4691 3236 4776 apostolice
3267 4690 3667 4776 plenitudine
3698 4693 4055 4778 potestatis.
4090 4693 4391 4758 Ceterum

736 4791 799 4853 in
860 4792 1157 4856 omnibus
1205 4798 1269 4856 et
1317 4792 1589 4878 singulis
1636 4795 1952 4858 contentis
2002 4795 2067 4859 in
2117 4795 2303 4860 dictis
2349 4796 2555 4861 literis
2601 4797 2883 4880 modum,
2917 4796 3191 4862 formam
3237 4805 3301 4861 ct
3334 4798 3624 4863 ordinem
3655 4799 4025 4865 eorumdem
4058 4801 4386 4866 literarum

734 4920 853 4984 per
900 4905 962 4962 te
1012 4899 1311 4963 volumus
1356 4900 1729 4985 diligentius
1778 4902 2127 4966 observari.
2295 4979 2300 4984 ⁶

921 5005 1167 5070 Datum
1214 5007 1523 5070 Avinioni
1570 5017 1800 5092 quarto
1850 5009 1991 5072 idus
2043 5010 2342 5093 octobris,
2391 5011 2801 5097 pontificatus
2847 5012 3051 5075 nostri
3097 5033 3266 5076 anno
3316 5019 3566 5099 quarto,

2444 5333 2659 5400 LXII.

2228 5548 2422 5630 1338,
2488 5550 2565 5611 14
2612 5549 2884 5613 octobris.

1158 5755 1264 5820 Ex
1312 5757 1539 5822 eodem
1587 5765 1760 5823 tomo
1813 5759 2048 5825 Codicis
2092 5762 2340 5846 diplom.
2388 5762 2645 5846 bonon.,
2695 5785 2870 5828 num.
2920 5765 3265 5848 LXXVI„
3314 5788 3368 5831 c.
3425 5770 3548 5831 129
3599 5790 3649 5831 r.
3699 5777 3763 5832 01
3810 5789 3943 5854 seq.

908 5966 1301 6033 Benedictus
1348 5970 1722 6057 episcopus,
1773 5994 2001 6036 servus
2048 5995 2384 6038 servorum
2429 5973 2575 6039 Dei.
2624 5974 2881 6040 Dilecto
2942 5977 3074 6042 filio
3131 5978 3440 6063 magistro
3488 5978 3772 6064 Guigoni
3820 5979 3898 6044 (10
3945 5987 4167 6045 3311010
4218 5981 4375 6045 Ger-

732 6096 945 6157 mano,
998 6077 1248 6142 notario
1296 6087 1536 6163 nostro,
1584 6082 1938 6167 apostolice
1989 6081 2173 6146 Sedis
2223 6083 2477 6164 nuncio,
2528 6085 2803 6148 salutem
2851 6093 2914 6150 et
2962 6086 3382 6172 apostolicam
3428 6088 3959 6153 benedictionem.

907 6183 987 6247 Iu
1035 6184 1147 6267 iis,
1199 6206 1323 6270 (100
1370 6208 1486 6272 pro
1534 6195 1717 6273 parte
1783 6188 2166 6254 dilectorum
2224 6190 2502 6255 filiorum
2553 6191 2960 6275 Communis,
3009 6194 3448 6259 universitatis
3494 6203 3560 6260 et
3604 6194 3841 6281 Populi
3886 6196 4375 6261 bononiensium

730 6311 937 6377 nuper
981 6313 1097 6378 per
1148 6313 1371 6357 eorum
1419 6294 1735 6359 sindicum
1782 6303 1847 6360 et
1894 6306 2379 6383 procuratorem
2427 6319 2466 6362 a
2513 6300 2697 6364 nobis
2745 6300 2946 6386 petita
2996 6301 3286 6384 fuerunt,
3335 6302 3502 6367 inter
3546 6302 3676 6366 alia
3723 6303 3845 6367 fuit
3890 6303 4217 6367 humiliter
4261 6325 4375 6389 po·

729 6398 1061 6481 stulatum,
1094 6406 1166 6463 01
1212 6400 1291 6464 (10
1339 6402 1607 6486 speciali
1654 6404 1867 6489 gratia
1916 6404 2008 6468 eis
2055 6404 2406 6471 concedere
2455 6406 2875 6492 dignaremur
2922 6408 3115 6494 quod,
3150 6430 3352 6494 usque
3400 6409 3481 6472 ad
3515 6409 3990 6495 beneplacitum
4023 6411 4374 6497 apostolice

729 6503 914 6569 Sedis
962 6505 1321 6590 dumtaxat,
1358 6509 1481 6594 ipsi
1521 6512 1791 6597 possint,
1825 6512 2013 6576 nobis
2064 6513 2430 6599 nostrisque
2479 6515 2958 6580 successoribus
3005 6516 3288 6580 romanis
3333 6517 3742 6602 pontificibus
3786 6518 4091 6583 canonice
4137 6519 4381 6581 11111311-
