5542 7775
1281 594 1379 666 26
2861 616 3346 667 MONUMBNTA

1276 768 1724 834 constituimus
1772 790 1887 834 vos
1935 790 2339 856 possessores
2386 769 2822 856 predictorum
2871 770 3156 834 omnium
3204 790 3321 856 pro
3371 769 3712 835 Communi
3751 769 4065 852 Bononie,
4104 778 4169 834 et
4201 770 4463 857 insuper
4493 771 4924 857 promittimus

1276 875 1535 940 nomine
1583 875 1955 941 Communis
1996 877 2135 961 jam
2184 875 2339 940 dicti
2386 876 2506 940 loci
2556 882 2623 940 et
2670 883 2920 958 nostro,
2974 877 3190 941 omnia
3237 876 3526 963 predicta
3574 899 3689 963 per
3737 898 3852 942 nos
3901 884 4284 963 nostrosque
4331 899 4734 942 successores
4781 900 4924 964 per·

1277 989 1473 1068 petuo
1520 983 1706 1047 firma
1751 1005 2012 1048 servare
2058 992 2124 1048 et
2169 983 2235 1047 in
2283 984 2463 1048 nullo
2510 984 2983 1065 contravenire,
3019 991 3086 1048 et
3131 983 3492 1070 predictum
3540 993 3824 1048 castrum
3874 1006 4018 1048 cum
4067 991 4203 1049 toto
4249 992 4466 1049 monte
4513 991 4579 1049 et
4624 985 4924 1050 cucherla

1276 1109 1394 1176 pro
1446 1089 1789 1155 Communi
1830 1090 2125 1155 Bononie
2173 1097 2237 1155 et
2285 1091 2367 1156 ad
2414 1090 2726 1155 honorem
2772 1097 2839 1154 et
2887 1090 3234 1155 utilitatem
3281 1090 3656 1155 Communis
3701 1090 3995 1155 Bononie
4041 1099 4355 1177 perpetuo
4400 1099 4621 1156 tenere
4677 1099 4742 1156 et
4796 1093 4922 1156 sal·

1274 1217 1431 1262 vare
1482 1203 1677 1284 atque
1727 1197 2049 1262 custodire
2097 1205 2325 1263 contra
2371 1219 2627 1262 omnem
2675 1198 3023 1262 hominem.
3071 1196 3158 1262 Et
3204 1197 3497 1262 homines
3544 1197 3837 1263 Bononie
3905 1219 4257 1284 eorumque
4319 1220 4423 1264 res
4484 1220 4560 1263 ac
4625 1180 4795 1264 bona
4857 1202 4919 1264 in

1278 1302 1417 1390 ipso
1465 1313 1677 1369 castro
1726 1311 1791 1369 et
1838 1311 1975 1369 tota
2023 1306 2165 1390 ejus
2213 1304 2393 1369 curia
2441 1305 2697 1369 salvare
2745 1311 2940 1391 atque
2990 1303 3340 1369 defendere
3387 1313 3452 1369 et
3499 1305 3811 1390 adjuvare
3850 1313 4074 1370 contra
4120 1327 4374 1370 omnem
4413 1306 4772 1388 hominem;
4807 1328 4923 1371 nec

1277 1410 1561 1497 aliquem
1606 1411 1931 1477 hominem
1979 1419 2206 1476 contra
2253 1411 2565 1476 honorem
2614 1411 2986 1476 Communis
3032 1411 3329 1477 Bononie
3377 1412 3444 1476 in
3492 1434 3569 1477 eo
3616 1419 3828 1477 castro
3877 1420 3991 1476 aut
4044 1413 4188 1497 ejus
4251 1413 4430 1477 curia
4485 1413 4773 1500 recipere
4819 1414 4924 1478 vel

1277 1518 1578 1583 retinere.
1612 1518 1839 1605 Ipsum
1878 1520 2076 1584 etiam
2123 1527 2406 1584 castrum
2454 1526 2519 1584 et
2565 1520 2708 1604 ejus
2756 1518 3130 1584 cucherlam
3185 1518 3470 1605 predicte
3515 1519 3856 1602 Potestati,
3890 1520 4162 1606 aliisque
4191 1519 4578 1585 Rectoribus
4609 1521 4924 1602 Bononie,

1277 1625 1388 1711 qui
1434 1647 1553 1712 pro
1601 1608 1891 1714 tempore
1939 1626 2201 1709 fuerint,
2249 1633 2361 1691 aut
2409 1648 2632 1690 eorum
2680 1626 2942 1710 nuntiis,
2989 1647 3118 1690 non
3163 1633 3408 1710 vetare,
3450 1648 3566 1692 nec
3613 1627 3956 1714 prohibere
4003 1649 4119 1714 pro
4167 1648 4404 1712 guerra
4451 1629 4556 1693 vel
4601 1649 4924 1715 pace.suo

1279 1732 1549 1799 arbitrio
1596 1733 1929 1816 facienda,
1978 1756 2125 1798 cum
2170 1734 2626 1819 guarnimento
2672 1741 2735 1798 et
2783 1734 2922 1798 sine
2971 1734 3460 1819 guarnimento;
3506 1741 3572 1798 et
3618 1756 3746 1799 non
3792 1735 4030 1799 erimus
4077 1735 4144 1799 in
4205 1735 4376 1800 sacto
4440 1757 4557 1800 nec
4619 1736 4920 1820 consilio,

1278 1861 1397 1905 nec
1443 1841 1579 1905 ullo
1627 1840 1757 1905 alio
1806 1840 2067 1926 ingenio
2113 1842 2587 1905 consentiemus
2634 1863 2748 1927 per
2796 1863 2941 1922 nos,
2992 1841 3098 1905 vel
3145 1862 3261 1927 per
3308 1841 3471 1904 alios
3519 1840 3690 1927 quod
3737 1842 4090 1907 Commune
4137 1842 4431 1907 Bononie
4493 1843 4724 1929 perdat
4776 1865 4920 1930 pre-

1277 1947 1521 2013 dictum
1569 1956 1853 2013 castrum
1900 1948 2005 2012 vel
2053 1948 2421 2012 cucherlam
2470 1948 2574 2012 vel
2622 1950 2765 2033 ejus
2812 1948 3157 2031 honorem,
3208 1956 3320 2011 aut
3367 1948 3427 2012 ei
3487 1947 3902 2013 diminuatur.
3947 1948 4032 2013 Et
4094 1950 4150 2013 si
4216 1949 4570 2014 Commune
4629 1950 4923 2015 Bononie

1276 2055 1495 2141 aliquo
1543 2056 1608 2120 in
1659 2063 1948 2142 tempore
1997 2055 2349 2142 perdiderit
2398 2055 2723 2141 prefatum
2770 2062 3055 2120 castrum
3102 2055 3207 2120 vel
3253 2054 3643 2137 cucherlam,
3677 2055 3848 2120 bona
3893 2055 4042 2138 fide,
4076 2056 4214 2121 sine
4247 2056 4496 2138 fraude,
4531 2079 4674 2122 cum
4706 2057 4922 2122 Bono·

1277 2163 1610 2228 niensibus
1656 2169 1721 2227 et
1768 2163 1907 2227 sine
1955 2162 2477 2227 Bononiensibus
2527 2163 2893 2227 omnimodo
2944 2184 3061 2248 pro
3109 2183 3297 2248 posse
3363 2184 3747 2249 recuperare
3808 2163 4236 2244 studebimus,
4285 2170 4350 2227 et
4397 2164 4686 2250 predicto
4733 2165 4922 2230 modo

1277 2270 1718 2336 retinebimus.
1767 2269 1853 2334 Et
1899 2292 2016 2357 pro
2066 2270 2165 2334 his
2212 2270 2511 2334 omuibus
2560 2292 2599 2334 a
2646 2270 2832 2334 nobis
2878 2279 2944 2335 et
3000 2271 3233 2334 nostris
3297 2270 3773 2334 successoribus
3838 2269 4258 2334 observandis
4305 2279 4640 2357 perpetuo,
4689 2293 4924 2358 penam

1275 2378 1453 2443 mille
1500 2377 1911 2442 marcharum
1958 2378 2213 2462 argenti
2262 2377 2445 2442 vobis
2491 2377 2750 2442 domino
2801 2377 3050 2442 Uberto
3081 2376 3468 2441 vicecomiti
3498 2377 3853 2459 Placentie,
3885 2378 4179 2442 Bononie
4209 2377 4548 2460 Potestati,
4582 2400 4700 2466 pro
4732 2379 4922 2444 Com-

1276 2486 1454 2549 muni
1499 2485 1794 2550 Bononie
1843 2484 2201 2571 recipienti,
2236 2486 2491 2571 tuisque
2540 2485 3018 2549 successoribus
3052 2485 3118 2548 in
3151 2484 3465 2568 regimine
3498 2483 3794 2548 Bononie
3834 2484 4283 2571 promittimuS,
4317 2493 4382 2549 et
4415 2507 4637 2550 omnes
4671 2495 4924 2551 nostras

1275 2592 1747 2678 possessiones,
1797 2592 2228 2678 proprietates
2276 2599 2339 2655 et
2381 2592 2535 2676 jura
2580 2591 2763 2655 vobis
2813 2591 3208 2676 obligamuS,
3259 2598 3328 2654 ut
3371 2591 3426 2655 si
3476 2590 4062 2656 contrafaceremus
4109 2612 4226 2654 nos
4271 2591 4377 2655 vel
4423 2593 4629 2656 nostri
4673 2614 4925 2656 succes·

1274 2720 1489 2781 sores,
1536 2707 1755 2762 vestra
1819 2699 2240 2780 auctoritate,
2290 2705 2537 2762 remota
2596 2699 2769 2762 omni
2837 2698 3173 2763 occasione
3216 2698 3421 2783 juriS,
3472 2719 3787 2784 occupare
3836 2697 4132 2783 possitis3
4179 2705 4242 2763 et
4296 2698 4712 2763 nihilominus
4759 2721 4928 2786 pena

1275 2806 1510 2888 soluta,
1563 2805 1779 2870 omnia
1825 2805 2199 2892 supradicta
2246 2806 2310 2870 in
2359 2827 2475 2870 suo
2525 2805 2751 2870 robore
2799 2813 3243 2892 permaneant.

1456 2912 1599 2988 Que
1649 2912 1865 2977 omnia
1914 2912 2287 2999 supradicta
2335 2913 2472 2977 sine
2523 2912 2695 2976 omni
2741 2912 2890 2977 dolo
2939 2919 3004 2976 et
3053 2913 3282 2977 fraude
3329 2919 3642 2999 perpetuo
3691 2910 4152 2976 inviolabiliter
4190 2913 4434 2976 servari
4467 2913 4919 2999 promittimus,

1275 3027 1341 3084 et
1387 3019 1813 3106 corporaliter
1861 3018 2195 3084 attendere
2238 3020 2554 3104 juramus.
2602 3019 3070 3102 Promiserunt,
3106 3026 3176 3083 ut
3223 3018 3584 3105 predictum
3632 3026 3750 3100 est,
3784 3024 3848 3082 et
3894 3018 4316 3105 corporaliter
4355 3020 4740 3103 juraverunt
4786 3041 4918 3083 ser-

1276 3147 1433 3191 vare
1497 3147 1613 3212 per
1668 3148 1737 3190 se
1800 3148 2078 3213 suosque
2136 3149 2538 3191 successores
2598 3135 2911 3213 perpetuo
2957 3126 3342 3191 Petrocinus
3388 3125 3468 3190 de
3515 3124 3935 3189 Montebellio
3991 3132 4056 3189 et
4101 3125 4544 3212 Henregettus
4607 3126 4919 3190 Consules

1274 3233 1720 3316 montisbellii,
1772 3234 2132 3299 Gnidoctus
2179 3234 2568 3320 Tigrimutii‚
2621 3235 3046 3299 Gerardettus
3093 3233 3541 3315 Portunarius,
3589 3233 3900 3297 Albertus
3948 3232 4202 3297 domine
4249 3233 4465 3316 Ilelie,
4512 3234 4782 3299 «loculus
4834 3234 4916 3298 de

1274 3339 1550 3422 Unzola,
1600 3340 1814 3405 Guido
1862 3341 2239 3406 Rainaldini
2286 3349 2349 3406 et
2400 3342 2798 3406 Gerardinus
2847 3342 2926 3406 de
2985 3341 3319 3423 Trullone‚
3368 3340 3627 3404 domino
3671 3340 3920 3405 Uberto
3967 3339 4348 3404 Vicecomiti
4393 3341 4748 3424 Placentie,
4789 3340 4917 3405 Bo-

1273 3447 1465 3512 nonie
1512 3447 1854 3530 Potestati,
1904 3448 2239 3535 recipienti
2289 3449 2543 3514 nomine
2596 3449 2969 3514 Communis
3015 3447 3331 3513 Bononie.

1449 3555 1691 3620 Actum
1738 3556 1803 3619 in
1864 3556 2054 3621 domo
2117 3556 2445 3642 quondam
2507 3556 2752 3621 domini
2807 3556 3112 3641 Bulgari,
3163 3555 3273 3619 ubi
3320 3563 3610 3619 moratur
3655 3554 3912 3641 prefata
3957 3555 4293 3637 Potestas,
4340 3555 4746 3642 presentibus
4804 3556 4917 3620 do-

1272 3663 1447 3729 mino
1486 3663 1773 3750 Rogerio
1822 3663 1901 3728 de
1951 3664 2329 3747 SarturanO,
2363 3665 2623 3729 domino
2668 3665 2952 3729 Martino
2993 3663 3195 3746 Aioli,
3229 3663 3488 3728 domino
3533 3662 3882 3745 Landulfo‚
3925 3662 4183 3727 domino
4232 3663 4500 3728 Giberto
4547 3671 4613 3728 et
4659 3663 4917 3728 domino

1270 3769 1641 3835 Alamanno
1691 3771 2032 3836 Judicibus
2083 3771 2476 3854 Communis,
2526 3772 2787 3836 domino
2835 3771 3066 3852 Doct0,
3116 3770 3377 3835 domino
3425 3770 3786 3853 RamisinO,
3833 3769 4092 3834 domino
4138 3769 4390 3834 Uberto
4436 3770 4517 3834 (16
4562 3770 4806 3852 Baisio,
4854 3778 4920 3835 et

1270 3876 1660 3944 Marsiliotto
1711 3877 2099 3944 Consulibus
2141 3880 2415 3965 justitie,
2468 3880 2743 3945 Sellario
2791 3879 3134 3962 Massario,
3180 3878 3483 3944 Johanne
3529 3876 3800 3943 Notario
3847 3877 4220 3961 Potestatis,
4254 3877 4602 3943 Gnilielmo
4647 3877 4918 3943 Notario

1273 3983 1681 4069 Communis,
1731 3986 1989 4051 domino
2057 3986 2355 4052 Gnidone
2420 3986 2860 4069 Lambertini,
2916 3986 3182 4051 domino
3245 3984 3520 4049 Oderico
3580 3984 3800 4070 legum
3861 3984 4159 4068 doctore,
4223 3984 4482 4049 domino
4543 3986 4804 4067 Azone,
4851 3993 4919 4050 et

1274 4091 1535 4158 domino
1582 4093 1815 4179 Ugone
1857 4095 2025 4179 juris
2073 4094 2574 4181 professoribus,
2621 4093 2900 4159 Oderico
2951 4093 3285 4176 Galitiani,
3331 4092 3528 4157 Petro
3577 4091 3894 4156 Gnidonis
3941 4091 4295 4174 Romantii,
4341 4092 4626 4178 Ugolino
4674 4092 4920 4157 domini

1274 4198 1627 4283 Guilielmi,
1677 4200 1995 4266 Michaele
2042 4202 2121 4267 de
2172 4202 2569 4288 Calcagnile,
2604 4200 2960 4265 Ramberto
3007 4200 3088 4265 de
3137 4200 3406 4281 Albaro,
3451 4198 3748 4264 Gnidone
3793 4199 4142 4281 Buualelli,
4191 4199 4559 4282 Buualello‚
4607 4199 4920 4265 Lamber-

1272 4307 1409 4372 tino
1456 4308 1599 4392 ejus
1642 4308 1834 4391 filiis,
1884 4309 2177 4374 Zacharo
2225 4309 2586 4391 causidico,
2636 4308 2951 4372 Rainerio
3001 4307 3360 4393 Spiularie,
3408 4306 3764 4371 Ramberto
3810 4305 4171 4389 Bazalerii‚
4219 4306 4619 4389 Bonavolta,
4667 4307 4918 4373 Jacobo

1268 4414 1510 4501 judice,
1560 4415 1904 4498 Granario,
1953 4416 2256 4482 Johanne
2302 4416 2507 4480 Paolo
2557 4414 2929 4496 Guilielmi,
2977 4413 3264 4499 Ugolino
3309 4413 3390 4479 de
3435 4413 3778 4495 Prunario,
3826 4413 4218 4496 Barufaldo‚
4269 4413 4620 4479 Corvulino
4667 4414 4746 4479 de
4794 4414 4918 4480 Ca·

1272 4523 1498 4605 stello,
1546 4524 1819 4589 Alberto
1868 4524 1948 4590 de
1998 4524 2285 4606 Olzano‚
2333 4523 2718 4604 Barnabau,
2766 4521 3162 4586 Ildebrando
3224 4521 3496 4586 Henrici
3545 4520 3835 4605 Schelfe,
3883 4522 4134 4587 Jacobo
4181 4521 4449 4586 Martini
4490 4521 4571 4586 de
4619 4521 4915 4604 Calcina,

1272 4628 1558 4696 Rodulfo
1607 4631 1925 4696 Guidonis
1974 4631 2325 4713 (ἔοι-(61161,
2374 4630 2779 4695 Zambonino
2827 4628 3230 4709 Zanzarello,
3281 4628 3548 4693 Cambio
3596 4629 3938 4709 Tancredi,
3986 4628 4284 4693 Gnidone
4339 4628 4420 4694 de
4463 4628 4758 4711 Alborio,
4793 4629 4916 4694 Ca-

1272 4738 1503 4803 nonico
1550 4738 1833 4822 Arardi,
1880 4738 2176 4802 Ventura
2223 4738 2499 4820 notario,
2547 4736 2906 4819 Garxonio,
2955 4735 3308 4818 Feliciano,
3355 4735 3646 4801 Bolnisio
3691 4738 3834 4821 ejus
3880 4736 4110 4817 fratre,
4157 4735 4418 4801 Ubaldo
4464 4736 4545 4801 de
4593 4736 4913 4819 Scanello,

1272 4843 1593 4910 Zacharia
1641 4844 2007 4911 Rambaldo
2054 4847 2198 4930 ejus
2244 4844 2399 4927 filio,
2432 4843 2725 4908 Victorio
2771 4843 2954 4908 Petri
3000 4842 3081 4907 (16
3127 4842 3303 4926 Vite,
3347 4842 3697 4929 Angelino,
3745 4843 4264 4925 Guastafaseolo,
4312 4852 4376 4907 et
4419 4843 4913 4908 Lambertuccio

1272 4950 1609 5017 Fafforum
1654 4953 1737 5017 ad
1786 4952 1905 5018 hec
1952 4952 2327 5038 specialiter
2374 4952 2640 5037 rogatis.

1448 5058 1595 5146 Ego
1629 5059 1945 5145 Tettacap
1958 5080 2029 5122 ra
2064 5058 2219 5123 olim
2261 5055 2628 5141 F[riderici]
2660 5055 3070 5143 imperatoris
3101 5056 3485 5120 auctoritate
3517 5057 3829 5139 notarius,
3855 5064 4121 5143 rogatus
4153 5056 4416 5121 interfui
4445 5068 4510 5122 et
4541 5057 4910 5144 subscripsi.

2824 5245 2856 5258 O-

3027 5412 3181 5477 vn.

2811 5646 3003 5727 1198,
3050 5646 3136 5709 31
3181 5645 3398 5710 octobr.

2274 5875 2380 5940 Ex
2426 5876 2651 5941 eodem
2704 5876 2986 5962 Reye'stro
3038 5878 3284 5959 Gmsso,
3329 5876 3444 5941 lib.
3491 5876 3576 5958 I.,
3626 5899 3680 5941 c.
3732 5880 3815 5941 68
3865 5899 3915 5941 r.

1452 6130 1647 6195 Anno
1694 6126 1961 6194 Domini
2006 6127 2095 6191 Η.
2144 6127 2217 6193 C.
2268 6128 2691 6214 nonagesimo
2737 6136 3004 6211 octavo,
3055 6128 3402 6194 indictione
3443 6129 3531 6213 j.,
3579 6128 3786 6215 pridie
3849 6127 4165 6193 kalendas
4225 6128 4595 6192 novembris
4655 6128 4726 6192 iu
4781 6128 4912 6192 Bo·

1274 6238 1494 6319 nonis,
1526 6236 1595 6301 in
1639 6235 1885 6301 Pontili
1930 6235 2195 6322 hospitii
2239 6236 2486 6300 domini
2524 6235 2778 6318 Uberti,
2813 6236 3226 6301 bononiensis
3271 6235 3645 6318 PotestatiS,
3678 6257 3894 6300 coram
3940 6235 4201 6300 domino
4245 6235 4532 6321 Ugolino
4579 6234 4658 6299 de
4691 6234 4911 6317 Gosio,

1264 6344 1519 6432 judice,
1574 6343 1775 6407 Petro
1837 6342 1919 6407 de
1978 6342 2376 6427 Romancio,
2420 6342 2721 6408 Rodaldo
2775 6343 3044 6427 Rubeo,
3090 6343 3418 6409 Palmerio
3481 6342 3857 6424 causidicis,
3905 6350 3972 6407 et
4033 6342 4180 6407 aliis
4238 6343 4458 6407 multis
4506 6342 4912 6420 (Jj‘dominus

1273 6451 1689 6519 Johanninus
1730 6450 2109 6537 Preeeptor,
2155 6451 2347 6517 tactis
2410 6451 2840 6516 sacrosanctis
2901 6449 3281 6537 Evangeliis
3300 6500 3318 6533 ,
3365 6451 3602 6515 iuravit
3648 6449 3820 6536 quod
3865 6449 3948 6514 de
3995 6458 4208 6515 cetero
4263 6451 4332 6515 in
4385 6450 4672 6536 aliquam
4714 6450 4912 6515 aliam
