5542 7775
1607 568 2069 620 SPECTANTIA
2123 570 2224 619 AD
2281 568 2797 620 Paornssonns
2852 569 3064 621 ‚mals
3121 570 3388 620 onnus
4209 553 4305 624 27

678 727 916 784 terram
964 742 1093 785 non
1139 722 1313 804 leget
1358 722 1695 786 scientiam
1738 722 1958 807 legum
2006 723 2407 788 scholaribus
2457 724 2579 788 nisi
2626 724 2690 787 in
2738 723 3069 807 Bononia,
3119 730 3185 788 et
3245 724 3413 810 quod
3479 745 3608 788 non
3655 724 3835 789 dabit
3881 747 4145 812 operam
4190 747 4310 792 uec

677 826 1014 892 consilium
1060 849 1178 892 nec
1226 827 1618 893 adiutorium
1664 829 1834 915 quod
1883 830 2166 894 scolares
2215 830 2281 894 iu
2330 830 2526 895 aliam
2574 831 2901 895 civitatem
2949 831 3229 896 debeant
3275 830 3533 914 morari,
3567 853 3686 896 nec
3721 831 4019 897 Studium
4061 832 4140 897 de
4179 833 4308 898 Bo-

679 935 873 999 nonia
916 934 1170 1021 Legum
1214 935 1451 1000 debeat
1497 935 1766 999 diminui
1813 943 1877 1001 et
1924 937 2260 1001 consilium
2307 937 2657 1002 Potestatis
2706 944 2771 1002 et
2819 938 3159 1002 Judicibus
3206 938 3285 1002 de
3336 938 3607 1003 Comuni
3639 939 3742 1004 vel
3775 938 4161 1004 Rectoribus
4194 941 4307 1026 qui

675 1064 792 1127 pro
840 1049 1126 1128 temporo
1174 1043 1435 1125 fuerint,
1484 1043 1655 1107 bona
1701 1043 1828 1108 fide
1876 1044 2057 1108 dabit
2102 1066 2247 1108 cum
2294 1044 2376 1109 ab
2423 1065 2500 1108 eo
2548 1045 2873 1130 petierint.

855 1149 958 1231 (L.
992 1150 1037 1231 †
1069 1149 1164 1232 S.)
1211 1149 1354 1235 Ego
1400 1150 1734 1215 Johannes
1780 1150 1977 1215 Pileti
2025 1152 2314 1215 notarius
2364 1151 2736 1216 Communis
2785 1159 2850 1214 et
2910 1151 3152 1216 domiui
3205 1151 3458 1235 Uberti,
3504 1152 3855 1217 Potestatis
3903 1153 4180 1236 bonon.,
4214 1154 4309 1219 in-

676 1255 868 1321 terfui
915 1263 980 1321 et
1027 1258 1275 1344 scripsi.

2396 1505 2591 1571 VIII.

2138 1721 2329 1804 1198,
2377 1721 2464 1783 30
2509 1720 2853 1786 decembris.

1665 1933 1769 1997 Ex
1815 1933 2041 1998 eodem
2092 1933 2373 2020 Reyistro
2426 1935 2670 2017 (ze-osso,
2718 1934 2829 1998 lib.
2879 1935 2969 2016 I.,
3018 1956 3072 1998 c.
3123 1938 3205 1999 68
3255 1956 3315 1998 v.

849 2167 1042 2232 Auno
1086 2166 1349 2232 Domini
1395 2166 1483 2230 M.
1519 2165 1570 2231 C
1600 2165 1720 2231 XC
1750 2165 1942 2230 VIII.
1965 2216 1981 2248 ,
2033 2165 2223 2230 tertio
2257 2166 2571 2230 kalendas
2599 2168 2907 2252 januarii,
2944 2167 3288 2232 indictione
3335 2168 3564 2254 prima,
3596 2168 4003 2254 presentibus
4035 2169 4307 2232 testibus

674 2274 932 2340 domino
976 2274 1224 2339 Blanco
1268 2273 1568 2338 videlicet
1601 2280 1665 2338 et
1701 2272 1960 2337 domino
1993 2272 2292 2336 Bandiuo
2343 2272 2651 2338 Gaettani
2690 2275 2845 2357 filio,
2887 2274 3144 2339 domino
3189 2274 3540 2339 Lamberto
3592 2275 3915 2361 quondam
3965 2275 4161 2360 Galli,
4195 2275 4307 2340 do·

675 2383 846 2447 mino
893 2381 1190 2447 Rolando
1241 2381 1468 2446 Soavis
1514 2380 1668 2464 filio,
1703 2379 1963 2444 domino
2002 2379 2287 2465 Ugolino
2322 2379 2536 2445 Grotti
2566 2381 2719 2464 filio,
2752 2382 3161 2468 presentibus
3192 2381 3450 2446 domino
3483 2381 3793 2448 Lothario
3827 2384 4048 2469 legum
4078 2382 4306 2470 pe'rit0,

673 2490 931 2555 domino
976 2489 1260 2575 Rogerio
1306 2488 1386 2552 de
1438 2488 1814 2570 SarturauO,
1849 2486 2108 2550 domiuo
2157 2486 2454 2552 Gnidone
2504 2488 2767 2572 Grasso,
2801 2488 3082 2553 Martino
3129 2489 3326 2571 Aioli,
3370 2489 3617 2554 Uberto
3665 2490 3744 2555 de
3791 2490 4034 2572 Baisi0,
4076 2490 4307 2555 Marsi-

673 2599 877 2680 liott0,
920 2597 1215 2662 Guidoue
1262 2595 1599 2678 Accarisii,
1645 2594 2000 2680 Enregetto
2049 2593 2129 2657 de
2178 2593 2584 2678 Cornaclino,
2619 2595 3009 2660 Consulibus
3050 2597 3330 2680 justitie,
3378 2597 3651 2662 Alberto
3700 2596 3961 2661 Girardi
4010 2597 4210 2683 Gisle,
4244 2606 4309 2664 et

675 2704 970 2786 SellariO,
1010 2702 1328 2768 Massario
1373 2701 1743 2767 Communis
1789 2699 2105 2781 Bononie,
2157 2701 2561 2778 (E‘dominus
2606 2702 2943 2767 Bandinus
2989 2703 3372 2768 Familiatus
3421 2704 3649 2769 eodem
3704 2705 3892 2770 modo
3956 2713 4021 2770 et
4081 2706 4307 2771 eodem

672 2819 894 2876 tenore
949 2812 1198 2896 juravit
1267 2808 1612 2873 observare
1684 2806 2225 2895 quemadmodum
2283 2809 2579 2875 dominus
2640 2810 2989 2875 Lotharius
3052 2811 3275 2876 doctor
3337 2811 3556 2897 legum
3623 2812 3967 2876 observare
4024 2814 4306 2898 juravit3

671 2928 941 3008 excepto
990 2921 1161 3008 quod
1205 2943 1334 2986 non
1379 2922 1628 3006 juravit
1677 2943 1893 2987 coram
1950 2919 2317 2987 bominibus
2367 2919 2633 2984 Consilii
2681 2918 3023 2983 coadunati
3074 2918 3155 2982 ad
3204 2941 3432 2983 sonum
3480 2940 3813 3006 campane,
3853 2919 3958 2985 vel
4005 2920 4088 2985 ad
4136 2942 4308 2986 cam-

716 3050 906 3093 auam
954 3036 1269 3094 sonatam.

670 3051 711 3116 p
850 3136 970 3219 (L.
997 3137 1042 3218 †
1075 3136 1170 3218 S.)
1214 3136 1359 3223 Ego
1401 3136 1818 3200 Wuilielmus
1854 3136 2037 3201 Sacri
2070 3136 2311 3200 Palatii
2343 3144 2408 3199 et
2451 3156 2619 3199 nunc
2653 3133 3025 3198 Communis
3057 3133 3349 3199 Bononie
3384 3134 3692 3216 notarius,
3718 3134 3868 3198 huic
3901 3145 4305 3201 sacramento

672 3244 931 3309 interfui
978 3251 1063 3326 et,
1111 3251 1182 3308 ut
1226 3266 1423 3330 supra
1467 3243 1728 3330 legitur,
1778 3250 2046 3329 rogatus
2096 3244 2346 3330 scripsi.

2422 3563 2543 3627 lx.

2148 3776 2430 3841 Exeunte
2472 3799 2622 3882 saec,
2672 3776 2837 3840 XII.

1159 3992 1263 4057 Ex
1312 3992 1547 4058 Codice
1595 3992 2089 4057 membranaceo
2137 3990 2584 4055 Bibliothecae
2634 3990 2912 4077 Collegii
2957 3991 3400 4077 Hispanorum
3449 3990 3804 4071 Bononiae,

1873 4120 2044 4162 uum.
2094 4098 2452 4181 LXXIII„
2504 4119 2557 4162 c.
2595 4098 2896 4163 CXLIX.
2931 4120 2982 4162 r.
3017 4099 3095 4163 (1)

844 4331 1007 4397 Cum
1062 4332 1230 4396 inter
1276 4340 1491 4395 cetera
1538 4330 1797 4395 vivendi
1845 4351 2089 4415 genera
2147 4330 2354 4394 solam
2416 4329 2737 4394 scribendi
2804 4329 3222 4415 cupiditatem
3271 4329 3580 4416 optimam
3620 4351 3761 4394 esse
3808 4351 4004 4393 unam
4043 4330 4301 4395 vivendi

663 4441 980 4505 rationem
1024 4439 1410 4520 existimem,
1459 4459 1538 4503 ea
1584 4459 1709 4524 que
1758 4437 1824 4501 in
1872 4437 2113 4523 templo
2160 4436 2401 4519 iustitie
2452 4436 2681 4549 reperi)
2732 4435 2864 4500 stili
2913 4437 3111 4501 offitio
3157 4438 3432 4522 posteris
3480 4437 3806 4501 insinuare
3851 4438 4093 4502 curavi.
4140 4436 4305 4503 Erat

665 4556 881 4612 autem
921 4546 1172 4630 justitie
1218 4545 1531 4631 templum
1569 4545 1797 4609 domus
1830 4544 2109 4630 quedam
2144 4543 2564 4629 triangulata,
2599 4544 3061 4628 cujusttectum
3101 4543 3256 4608 VII.
3291 4545 3551 4630 planete
3585 4552 4041 4631 apposuerant,
4074 4544 4305 4609 dexter

665 4662 877 4719 autem
924 4654 1138 4740 paries
1186 4675 1270 4718 ex
1314 4652 1513 4716 variis
1561 4652 1807 4716 naturis
1856 4673 2070 4715 rerum
2119 4638 2548 4737 compositus,
2598 4651 2858 4715 sinister
2903 4673 3057 4716 vero
3114 4652 3396 4715 numeris
3459 4651 3840 4735 colligatus,
3887 4651 4153 4715 ultimus
4218 4673 4303 4717 ex

2540 4973 2711 5039 capite
2748 4972 3037 5023 voluminis
3065 4973 3277 5038 posuit,
3315 4979 3372 5023 ut
3409 4972 3543 5023 libri
3585 4973 3744 5023 totius
3782 4989 3993 5023 summa
4032 4973 4090 5024 in
4129 4973 4302 5040 ipsius

2538 5061 2672 5113 libri
2698 5063 2978 5128 principio
3013 5061 3359 5113 blandiretur
3397 5082 3426 5111 »
3466 5067 3569 5114 etc.

2700 5152 2868 5203 Porro
2904 5152 2960 5202 in
2987 5151 3071 5203 bis
3098 5152 3234 5220 legis
3261 5151 3624 5220 longobardae
3653 5151 4057 5203 commentariis
4085 5168 4190 5203 non
4217 5169 4302 5204 se-

829 4978 906 5042 (1)
946 4975 1043 5026 Est
1081 4974 1253 5026 codex
1302 4973 1631 5042 pervetustis
1670 4972 1843 5024 literis
1882 4972 2148 5041 scriptus,
2188 4972 2283 5025 sed
2322 4989 2428 5024 non

669 5067 859 5118 eadem
908 5081 1105 5129 manu,
1143 5079 1251 5132 quo
1302 5063 1452 5114 varia
1504 5053 1768 5131 opuscula
1819 5061 1887 5113 ad
1938 5062 2427 5130 jurisprudentiam

666 5156 972 5224 spectantia
1011 5154 1375 5217 continentur,
1403 5153 1544 5204 inter
1582 5170 1721 5221 quae
1762 5152 2056 5221 praecipue
2097 5152 2333 5204 occurrit
2364 5152 2430 5203 li·

666 5246 762 5297 ber
779 5244 861 5297 De
878 5245 1228 5296 instrumento
1247 5244 1515 5293 actionum
1532 5241 1744 5293 Auselli
1761 5242 1825 5293 de
1855 5240 1999 5305 Orto,
2019 5241 2111 5311 qui
2133 5242 2233 5293 hoc
2256 5241 2424 5293 habet

668 5334 907 5386 initium:
937 5352 965 5381 «ι
994 5333 1198 5401 Incipit
1234 5332 1540 5401 proemium
1578 5330 1791 5384 Anselli
1832 5332 1898 5384 de
1939 5331 2097 5383 Orto:
2137 5331 2203 5383 R.
2231 5331 2314 5384 De
2350 5332 2431 5384 in·

664 5427 965 5476 strumento
992 5422 1269 5474 actionum
1297 5425 1352 5474 et
1378 5424 1623 5489 tempore
1650 5437 1854 5486 earum,
1876 5437 2016 5490 quae
2039 5421 2127 5473 cui
2148 5425 2425 5490 competat

663 5517 717 5566 et
756 5514 1014 5564 adversus
1050 5527 1281 5580 quorum
1321 5529 1369 5561 ι.

825 5601 963 5654 Sunt
1001 5601 1166 5653 etiam
1203 5601 1259 5651 in
1299 5615 1363 5653 eo
1402 5599 1587 5652 codice
1640 5600 2032 5651 commentaria
2077 5616 2182 5651 non
2242 5600 2427 5651 admo·

664 5693 791 5743 dum
831 5690 1046 5760 prolixa
1081 5691 1135 5741 in
1176 5691 1326 5758 leges
1363 5689 1835 5758 langobardorum,
1874 5690 1927 5741 in
1967 5706 2194 5758 quorum
2235 5705 2426 5758 prooe-

661 5783 769 5833 mio
807 5781 1066 5832 historica
1103 5779 1371 5848 quaedam
1409 5780 1474 5831 de
1515 5779 1726 5847 legibus
1752 5782 1808 5831 et
1835 5779 2070 5848 antiquis
2099 5779 2425 5847 legumlato-

659 5872 807 5925 ribus
847 5868 1173 5935 delibantur,
1200 5869 1293 5921 sed
1334 5868 1526 5920 inscite
1566 5871 1621 5919 et
1657 5868 1843 5936 inepte
1876 5868 2184 5920 admodum.
2212 5868 2420 5921 Auctor

660 5962 839 6031 operis
879 5961 952 6012 ibi
992 5961 1045 6011 in
1085 5960 1229 6011 hunc
1269 5960 1487 6011 modum
1517 5975 1575 6011 se
1600 5958 1779 6027 prodit
1807 5961 1890 6021 (c.
1916 5959 2055 6026 lxxij
2084 5961 2176 6025 r.):
2207 5975 2237 6008 ‹
2274 5959 2423 6010 Tem-

654 6053 808 6119 poris
844 6066 965 6102 vero
991 6064 1263 6117 processu,
1286 6049 1509 6115 quidam
1534 6048 1892 6099 Albae-reicias
1920 6049 2151 6111 nomine,
2175 6049 2291 6099 sola
2323 6048 2426 6101 Dei

655 6143 862 6208 qratia,
886 6156 979 6190 nec
1015 6139 1242 6190 alterius
1266 6138 1433 6188 ullius
1458 6137 1823 6201 amminiculo,
1842 6137 2147 6203 pausatum
2174 6138 2422 6190 literatus

658 6231 752 6282 hoc
782 6230 1121 6297 prohemium
1159 6229 1224 6279 de
1248 6229 1405 6294 juris
1440 6227 1629 6279 ordine
1666 6227 1904 6278 condidit
1940 6228 2077 6278 sicut
2112 6244 2145 6277 a
2164 6227 2425 6294 pluribus

660 6321 858 6387 accepit
893 6318 1154 6383 historiis,
1184 6317 1465 6384 titulosque
1492 6332 1597 6383 per
1632 6315 1801 6368 libros
1838 6317 2059 6382 (scilicet
2092 6317 2264 6383 lequm
2303 6317 2425 6369 lan·

656 6410 1045 6478 ychen-dorum)
1083 6408 1379 6474 dispersos,
1416 6412 1463 6458 et
1498 6405 1561 6457 ob
1598 6406 1657 6457 id
1693 6421 1800 6458 non
1845 6406 2010 6472 facile
2054 6407 2320 6473 coquitos,
2356 6408 2418 6458 in

2531 5241 2639 5293 mel
2667 5242 2979 5293 nominatur
3004 5241 3265 5293 Albertus
3298 5241 3751 5308 jurisconsultus:
3781 5257 3810 5289 «
3837 5241 4018 5292 Placet
4051 5240 4301 5293 Alberto:

2540 5331 2794 5383 Athen-tus
2811 5331 2952 5382 hanc
2969 5331 3284 5381 sententiam
3307 5346 3412 5381 non
3426 5331 3582 5396 ponit
3603 5348 3649 5381 ».
3671 5331 3960 5381 Albertum
3981 5329 4298 5382 Galeottum

2536 5437 2654 5472 esse
2682 5420 2864 5484 credo,
2889 5419 2981 5488 qui
3010 5420 3175 5488 paulo
3202 5423 3325 5488 post
3351 5419 3564 5471 initium
3592 5419 3798 5471 saeculi
3825 5417 3985 5470 XIII.
4012 5418 4250 5471 vivebat.

2693 5509 2791 5561 Est
2830 5509 3034 5578 pariter
3081 5509 3134 5559 in
3176 5525 3240 5560 eo
3281 5508 3465 5560 codice
3506 5510 3575 5573 (c.
3616 5512 3853 5573 chvu.)
3893 5511 4159 5560 tractatus
4204 5509 4296 5577 qul

2537 5599 2682 5651 hunc
2703 5598 2871 5650 habet
2891 5598 3128 5663 titulum,
3149 5598 3439 5650 recentiori
3466 5598 3781 5650 charactere
3804 5598 4133 5667 appositum:
4155 5614 4185 5647 ‹
4203 5598 4300 5649 In-

2535 5690 2742 5755 cipiunt
2781 5688 3131 5740 Dircrsitates
3167 5687 3524 5740 Dominarum
3567 5689 3620 5739 in
3660 5688 3800 5739 Jure
3825 5706 3875 5739 ».
3916 5687 4168 5740 Citantur
4207 5704 4300 5740 au-

2535 5781 2647 5831 tem
2684 5780 2738 5830 in
2780 5796 2876 5830 ora
2911 5780 3037 5831 libri
3063 5795 3092 5827 «
3119 5778 3344 5831 Domini
3368 5797 3417 5844 ιν,
3444 5778 3584 5829 idest
3621 5778 3887 5844 doctores,
3914 5794 4141 5846 quorum
4172 5782 4301 5829 sunt

2529 5869 2778 5938 singulae
2818 5869 3140 5934 sententiae,
3170 5869 3341 5920 literis
3377 5867 3677 5919 initialibus
3717 5884 3904 5919 eorum
3947 5867 4170 5918 nomina
4207 5867 4300 5918 de·

2531 5957 2893 6027 signantibus,
2930 5958 3144 6010 scilicet
3181 5974 3211 6007 ‹
3253 5957 3342 6022 B.,
3369 5956 3441 6007 M.
3471 5960 3525 6008 et
3561 5956 3649 6008 Ja.
3681 5974 3728 6021 »,
3755 5955 3950 6025 quibus
3988 5959 4180 6024 opinor
4206 5971 4300 6008 no·

2534 6048 2640 6100 tari
2697 6065 2727 6098 ‹
2768 6047 3097 6117 Bulgarum,
3135 6048 3432 6100 Martinum
3484 6051 3539 6098 et
3582 6045 3852 6097 Jacobum
3903 6062 3952 6109 ι»,
3991 6044 4299 6097 notissimos

2527 6137 2985 6205 jurisconsultos3
3024 6138 3195 6189 semel
3248 6138 3414 6189 etiam
3467 6136 3668 6188 citatur
3716 6134 3911 6187 Glossa
3960 6134 4017 6185 in
4056 6134 4301 6202 margine

2534 6228 2614 6291 (c.
2642 6241 2832 6278 cxmx.
2859 6228 2924 6292 r.)
2954 6227 3042 6279 cui
3069 6226 3337 6279 notationi
3364 6225 3504 6278 haec
3527 6224 3697 6278 verba
3721 6223 4080 6292 respondent:
4100 6240 4130 6271 α
4168 6221 4305 6273 Usus

2536 6315 2786 6367 clausula
2825 6317 3035 6368 domini
3068 6316 3388 6379 Guarnerii,
3412 6317 3507 6382 qui
3529 6316 3658 6366 dicit
3682 6330 3748 6366 ex
3773 6315 4088 6380 iynorantia
4114 6312 4304 6376 defecit

2530 6407 2605 6471 id,
2642 6408 2783 6474 quod
2819 6424 2854 6458 a
2891 6407 3083 6459 sciente
3118 6407 3267 6473 fieret
3305 6423 3334 6458 »
3375 6410 3482 6459 etc.
