<?xml version="1.0" encoding="UTF-8"?>
<!DOCTYPE html PUBLIC "-//W3C//DTD XHTML 1.0 Transitional//EN"
    "http://www.w3.org/TR/xhtml1/DTD/xhtml1-transitional.dtd">
<html xmlns="http://www.w3.org/1999/xhtml" xml:lang="en" lang="en">
 <head>
  <title>
</title>
<meta http-equiv="Content-Type" content="text/html;charset=utf-8" />
  <meta name='ocr-system' content='tesseract 3.04.00' />
  <meta name='ocr-capabilities' content='ocr_page ocr_carea ocr_par ocr_line ocrx_word'/>
</head>
<body>
  <div class='ocr_page' id='page_1' title='image "./declarisarchigy00malagoog_0187.png"; bbox 0 0 5542 7775; ppageno 0'>
   <div class='ocr_carea' id='block_1_1' title="bbox 1269 562 3331 635">
    <p class='ocr_par' dir='ltr' id='par_1_1' title="bbox 1269 562 3331 635">
     <span class='ocr_line' id='line_1_1' title="bbox 1269 562 3331 635; baseline 0 -2"><span class='ocrx_word' id='word_1_1' title='bbox 1269 562 1420 635; x_wconf 82' lang='lat'>208</span> <span class='ocrx_word' id='word_1_2' title='bbox 2850 583 3331 634; x_wconf 74' lang='lat' dir='ltr'>MONUMENTA</span> 
     </span>
    </p>
   </div>
   <div class='ocr_carea' id='block_1_2' title="bbox 1261 737 4897 1791">
    <p class='ocr_par' dir='ltr' id='par_1_2' title="bbox 1264 737 4897 1252">
     <span class='ocr_line' id='line_1_2' title="bbox 1265 737 4897 826; baseline 0 -24"><span class='ocrx_word' id='word_1_3' title='bbox 1265 737 1657 819; x_wconf 91' lang='lat' dir='ltr'>Homoboni,</span> <span class='ocrx_word' id='word_1_4' title='bbox 1699 738 1866 822; x_wconf 90' lang='lat' dir='ltr'>juris</span> <span class='ocrx_word' id='word_1_5' title='bbox 1914 738 2178 824; x_wconf 89' lang='lat' dir='ltr'>peritus,</span> <span class='ocrx_word' id='word_1_6' title='bbox 2227 745 2292 802; x_wconf 93' lang='lat' dir='ltr'>et</span> <span class='ocrx_word' id='word_1_7' title='bbox 2337 738 2633 803; x_wconf 89' lang='lat' dir='ltr'>dominus</span> <span class='ocrx_word' id='word_1_8' title='bbox 2680 738 3015 803; x_wconf 88' lang='lat' dir='ltr'>Johannes</span> <span class='ocrx_word' id='word_1_9' title='bbox 3062 738 3140 803; x_wconf 90' lang='lat' dir='ltr'>de</span> <span class='ocrx_word' id='word_1_10' title='bbox 3190 738 3425 825; x_wconf 83' lang='lat' dir='ltr'>GaptO,</span> <span class='ocrx_word' id='word_1_11' title='bbox 3467 740 3634 824; x_wconf 89' lang='lat' dir='ltr'>juris</span> <span class='ocrx_word' id='word_1_12' title='bbox 3680 739 3945 826; x_wconf 89' lang='lat' dir='ltr'>peritus,</span> <span class='ocrx_word' id='word_1_13' title='bbox 3993 738 4163 825; x_wconf 89' lang='lat' dir='ltr'>quod</span> <span class='ocrx_word' id='word_1_14' title='bbox 4210 746 4509 825; x_wconf 87' lang='lat' dir='ltr'>poterant</span> <span class='ocrx_word' id='word_1_15' title='bbox 4554 740 4692 804; x_wconf 82' lang='lat' dir='ltr'>fleri</span> <span class='ocrx_word' id='word_1_16' title='bbox 4739 740 4897 826; x_wconf 85' lang='lat' dir='ltr'>legi·</span> 
     </span>
     <span class='ocr_line' id='line_1_3' title="bbox 1267 844 4897 933; baseline 0.001 -25"><span class='ocrx_word' id='word_1_17' title='bbox 1267 845 1464 930; x_wconf 88' lang='lat' dir='ltr'>ptime</span> <span class='ocrx_word' id='word_1_18' title='bbox 1527 844 1742 909; x_wconf 89' lang='lat' dir='ltr'>omnia</span> <span class='ocrx_word' id='word_1_19' title='bbox 1790 852 1854 909; x_wconf 91' lang='lat' dir='ltr'>et</span> <span class='ocrx_word' id='word_1_20' title='bbox 1901 845 2159 929; x_wconf 90' lang='lat' dir='ltr'>singula</span> <span class='ocrx_word' id='word_1_21' title='bbox 2205 866 2329 931; x_wconf 90' lang='lat' dir='ltr'>que</span> <span class='ocrx_word' id='word_1_22' title='bbox 2377 845 2442 909; x_wconf 92' lang='lat' dir='ltr'>in</span> <span class='ocrx_word' id='word_1_23' title='bbox 2489 845 2823 931; x_wconf 77' lang='lat' dir='ltr'>questione</span> <span class='ocrx_word' id='word_1_24' title='bbox 2870 844 3139 931; x_wconf 81' lang='lat' dir='ltr'>predicti</span> <span class='ocrx_word' id='word_1_25' title='bbox 3188 846 3429 911; x_wconf 90' lang='lat' dir='ltr'>domini</span> <span class='ocrx_word' id='word_1_26' title='bbox 3488 845 3836 911; x_wconf 89' lang='lat' dir='ltr'>Rolandini</span> <span class='ocrx_word' id='word_1_27' title='bbox 3898 846 4228 933; x_wconf 89' lang='lat' dir='ltr'>proposita</span> <span class='ocrx_word' id='word_1_28' title='bbox 4288 846 4582 930; x_wconf 88' lang='lat' dir='ltr'>fuerunt,</span> <span class='ocrx_word' id='word_1_29' title='bbox 4632 854 4697 910; x_wconf 90' lang='lat' dir='ltr'>et</span> <span class='ocrx_word' id='word_1_30' title='bbox 4751 869 4897 912; x_wconf 89' lang='lat' dir='ltr'>eum</span> 
     </span>
     <span class='ocr_line' id='line_1_4' title="bbox 1266 952 4895 1040; baseline 0.001 -25"><span class='ocrx_word' id='word_1_31' title='bbox 1266 952 1836 1034; x_wconf 89' lang='lat' dir='ltr'>concordaverunt,</span> <span class='ocrx_word' id='word_1_32' title='bbox 1870 952 2007 1016; x_wconf 89' lang='lat' dir='ltr'>sine</span> <span class='ocrx_word' id='word_1_33' title='bbox 2041 952 2259 1037; x_wconf 90' lang='lat' dir='ltr'>aliqua</span> <span class='ocrx_word' id='word_1_34' title='bbox 2291 952 2817 1035; x_wconf 79' lang='lat' dir='ltr'>contradictione,</span> <span class='ocrx_word' id='word_1_35' title='bbox 2851 953 3160 1039; x_wconf 89' lang='lat' dir='ltr'>predicta,</span> <span class='ocrx_word' id='word_1_36' title='bbox 3194 953 3366 1017; x_wconf 87' lang='lat' dir='ltr'>facta</span> <span class='ocrx_word' id='word_1_37' title='bbox 3398 975 3513 1040; x_wconf 87' lang='lat' dir='ltr'>per</span> <span class='ocrx_word' id='word_1_38' title='bbox 3544 954 3871 1018; x_wconf 89' lang='lat' dir='ltr'>dominum</span> <span class='ocrx_word' id='word_1_39' title='bbox 3904 954 4201 1018; x_wconf 89' lang='lat' dir='ltr'>comitem</span> <span class='ocrx_word' id='word_1_40' title='bbox 4233 962 4297 1018; x_wconf 87' lang='lat' dir='ltr'>et</span> <span class='ocrx_word' id='word_1_41' title='bbox 4329 954 4537 1040; x_wconf 88' lang='lat' dir='ltr'>ipsum</span> <span class='ocrx_word' id='word_1_42' title='bbox 4570 954 4895 1019; x_wconf 89' lang='lat' dir='ltr'>dominum</span> 
     </span>
     <span class='ocr_line' id='line_1_5' title="bbox 1264 1057 4893 1146; baseline 0.001 -24"><span class='ocrx_word' id='word_1_43' title='bbox 1264 1057 1722 1142; x_wconf 89' lang='lat' dir='ltr'>Rolandinum,</span> <span class='ocrx_word' id='word_1_44' title='bbox 1756 1060 1933 1142; x_wconf 82' lang='lat' dir='ltr'>flant,</span> <span class='ocrx_word' id='word_1_45' title='bbox 1968 1059 2276 1123; x_wconf 91' lang='lat' dir='ltr'>valebunt</span> <span class='ocrx_word' id='word_1_46' title='bbox 2314 1068 2378 1124; x_wconf 90' lang='lat' dir='ltr'>et</span> <span class='ocrx_word' id='word_1_47' title='bbox 2424 1059 2735 1125; x_wconf 87' lang='lat' dir='ltr'>tenebunt</span> <span class='ocrx_word' id='word_1_48' title='bbox 2783 1060 2973 1146; x_wconf 91' lang='lat' dir='ltr'>pleno</span> <span class='ocrx_word' id='word_1_49' title='bbox 3014 1061 3183 1145; x_wconf 90' lang='lat' dir='ltr'>jure.</span> <span class='ocrx_word' id='word_1_50' title='bbox 3219 1060 3353 1124; x_wconf 87' lang='lat' dir='ltr'>Alii</span> <span class='ocrx_word' id='word_1_51' title='bbox 3398 1082 3619 1125; x_wconf 92' lang='lat' dir='ltr'>omnes</span> <span class='ocrx_word' id='word_1_52' title='bbox 3668 1061 3837 1125; x_wconf 90' lang='lat' dir='ltr'>idem</span> <span class='ocrx_word' id='word_1_53' title='bbox 3883 1061 4187 1125; x_wconf 85' lang='lat' dir='ltr'>dixerunt</span> <span class='ocrx_word' id='word_1_54' title='bbox 4232 1068 4297 1124; x_wconf 86' lang='lat' dir='ltr'>et</span> <span class='ocrx_word' id='word_1_55' title='bbox 4328 1062 4805 1145; x_wconf 87' lang='lat' dir='ltr'>consuluerunt,</span> <span class='ocrx_word' id='word_1_56' title='bbox 4839 1063 4893 1127; x_wconf 89' lang='lat' dir='ltr'>si</span> 
     </span>
     <span class='ocr_line' id='line_1_6' title="bbox 1264 1167 2251 1252; baseline 0.002 -23"><span class='ocrx_word' id='word_1_57' title='bbox 1264 1172 1516 1230; x_wconf 88' lang='lat' dir='ltr'>constat</span> <span class='ocrx_word' id='word_1_58' title='bbox 1560 1167 1904 1252; x_wconf 86' lang='lat' dir='ltr'>privilegia</span> <span class='ocrx_word' id='word_1_59' title='bbox 1952 1168 2042 1231; x_wconf 89' lang='lat' dir='ltr'>ita</span> <span class='ocrx_word' id='word_1_60' title='bbox 2089 1188 2251 1231; x_wconf 88' lang='lat' dir='ltr'>esse.</span> 
     </span>
    </p>

    <p class='ocr_par' dir='ltr' id='par_1_3' title="bbox 1261 1273 4888 1464">
     <span class='ocr_line' id='line_1_7' title="bbox 1441 1273 4888 1362; baseline 0.001 -25"><span class='ocrx_word' id='word_1_61' title='bbox 1441 1273 1759 1338; x_wconf 78' lang='lat' dir='ltr'>Dominus</span> <span class='ocrx_word' id='word_1_62' title='bbox 1803 1274 1950 1338; x_wconf 81' lang='lat' dir='ltr'>Pax</span> <span class='ocrx_word' id='word_1_63' title='bbox 1993 1273 2072 1338; x_wconf 87' lang='lat' dir='ltr'>de</span> <span class='ocrx_word' id='word_1_64' title='bbox 2105 1275 2406 1357; x_wconf 78' lang='lat' dir='ltr'>Facibus,</span> <span class='ocrx_word' id='word_1_65' title='bbox 2439 1275 2658 1360; x_wconf 86' lang='lat' dir='ltr'>legum</span> <span class='ocrx_word' id='word_1_66' title='bbox 2690 1275 2933 1357; x_wconf 88' lang='lat' dir='ltr'>doctor,</span> <span class='ocrx_word' id='word_1_67' title='bbox 2968 1275 3262 1340; x_wconf 89' lang='lat' dir='ltr'>dominus</span> <span class='ocrx_word' id='word_1_68' title='bbox 3294 1276 3706 1341; x_wconf 85' lang='lat' dir='ltr'>Guillielmus</span> <span class='ocrx_word' id='word_1_69' title='bbox 3737 1276 3817 1341; x_wconf 88' lang='lat' dir='ltr'>de</span> <span class='ocrx_word' id='word_1_70' title='bbox 3850 1277 4364 1357; x_wconf 88' lang='lat' dir='ltr'>Rombodevino,</span> <span class='ocrx_word' id='word_1_71' title='bbox 4397 1277 4613 1362; x_wconf 89' lang='lat' dir='ltr'>legum</span> <span class='ocrx_word' id='word_1_72' title='bbox 4648 1277 4888 1359; x_wconf 88' lang='lat' dir='ltr'>doctor,</span> 
     </span>
     <span class='ocr_line' id='line_1_8' title="bbox 1261 1380 3496 1464; baseline 0.002 -20"><span class='ocrx_word' id='word_1_73' title='bbox 1261 1388 1324 1444; x_wconf 86' lang='lat' dir='ltr'>et</span> <span class='ocrx_word' id='word_1_74' title='bbox 1373 1380 1667 1445; x_wconf 87' lang='lat' dir='ltr'>dominus</span> <span class='ocrx_word' id='word_1_75' title='bbox 1713 1381 2021 1447; x_wconf 85' lang='lat' dir='ltr'>Nicolaus</span> <span class='ocrx_word' id='word_1_76' title='bbox 2070 1382 2148 1446; x_wconf 89' lang='lat' dir='ltr'>de</span> <span class='ocrx_word' id='word_1_77' title='bbox 2199 1381 2615 1464; x_wconf 82' lang='lat' dir='ltr'>Soldaderiis,</span> <span class='ocrx_word' id='word_1_78' title='bbox 2663 1390 2874 1447; x_wconf 88' lang='lat' dir='ltr'>rector</span> <span class='ocrx_word' id='word_1_79' title='bbox 2921 1382 3089 1447; x_wconf 88' lang='lat' dir='ltr'>dicte</span> <span class='ocrx_word' id='word_1_80' title='bbox 3140 1383 3496 1448; x_wconf 86' lang='lat' dir='ltr'>Sotictatis.</span> 
     </span>
    </p>

    <p class='ocr_par' dir='ltr' id='par_1_4' title="bbox 1261 1488 4893 1791">
     <span class='ocr_line' id='line_1_9' title="bbox 1437 1488 4893 1577; baseline 0.001 -24"><span class='ocrx_word' id='word_1_81' title='bbox 1437 1488 1581 1573; x_wconf 87' lang='lat' dir='ltr'>Ego</span> <span class='ocrx_word' id='word_1_82' title='bbox 1629 1489 1901 1575; x_wconf 86' lang='lat' dir='ltr'>Egidius</span> <span class='ocrx_word' id='word_1_83' title='bbox 1947 1489 2412 1575; x_wconf 86' lang='lat' dir='ltr'>Bartholomey</span> <span class='ocrx_word' id='word_1_84' title='bbox 2460 1489 2640 1554; x_wconf 86' lang='lat' dir='ltr'>Gillii</span> <span class='ocrx_word' id='word_1_85' title='bbox 2681 1489 2761 1554; x_wconf 90' lang='lat' dir='ltr'>de</span> <span class='ocrx_word' id='word_1_86' title='bbox 2794 1490 3155 1575; x_wconf 85' lang='lat' dir='ltr'>Argellata,</span> <span class='ocrx_word' id='word_1_87' title='bbox 3192 1491 3508 1577; x_wconf 91' lang='lat' dir='ltr'>imperiali</span> <span class='ocrx_word' id='word_1_88' title='bbox 3541 1491 3924 1556; x_wconf 88' lang='lat' dir='ltr'>auctoritate</span> <span class='ocrx_word' id='word_1_89' title='bbox 3966 1491 4275 1573; x_wconf 89' lang='lat' dir='ltr'>notarius,</span> <span class='ocrx_word' id='word_1_90' title='bbox 4308 1499 4375 1555; x_wconf 98' lang='lat' dir='ltr'>et</span> <span class='ocrx_word' id='word_1_91' title='bbox 4405 1513 4574 1556; x_wconf 91' lang='lat' dir='ltr'>nunc</span> <span class='ocrx_word' id='word_1_92' title='bbox 4608 1492 4893 1556; x_wconf 88' lang='lat' dir='ltr'>notarius</span> 
     </span>
     <span class='ocr_line' id='line_1_10' title="bbox 1261 1594 4893 1685; baseline 0.002 -29"><span class='ocrx_word' id='word_1_93' title='bbox 1261 1594 1429 1660; x_wconf 82' lang='lat' dir='ltr'>dicte</span> <span class='ocrx_word' id='word_1_94' title='bbox 1479 1595 1810 1661; x_wconf 85' lang='lat' dir='ltr'>Sotietatis</span> <span class='ocrx_word' id='word_1_95' title='bbox 1856 1597 2258 1661; x_wconf 86' lang='lat' dir='ltr'>dominorum</span> <span class='ocrx_word' id='word_1_96' title='bbox 2306 1597 2680 1680; x_wconf 82' lang='lat' dir='ltr'>Doctorum,</span> <span class='ocrx_word' id='word_1_97' title='bbox 2715 1597 3197 1662; x_wconf 89' lang='lat' dir='ltr'>Advocatorum</span> <span class='ocrx_word' id='word_1_98' title='bbox 3245 1606 3309 1662; x_wconf 84' lang='lat' dir='ltr'>et</span> <span class='ocrx_word' id='word_1_99' title='bbox 3346 1599 3388 1663; x_wconf 89' lang='lat' dir='ltr'>J</span> <span class='ocrx_word' id='word_1_100' title='bbox 3394 1599 3649 1663; x_wconf 87' lang='lat' dir='ltr'>udicum</span> <span class='ocrx_word' id='word_1_101' title='bbox 3691 1599 3970 1663; x_wconf 85' lang='lat' dir='ltr'>civitatis</span> <span class='ocrx_word' id='word_1_102' title='bbox 4010 1598 4321 1681; x_wconf 92' lang='lat' dir='ltr'>Bononie,</span> <span class='ocrx_word' id='word_1_103' title='bbox 4356 1598 4659 1685; x_wconf 79' lang='lat' dir='ltr'>predictis</span> <span class='ocrx_word' id='word_1_104' title='bbox 4692 1599 4893 1663; x_wconf 90' lang='lat' dir='ltr'>omni-</span> 
     </span>
     <span class='ocr_line' id='line_1_11' title="bbox 1263 1702 2515 1791; baseline 0.002 -26"><span class='ocrx_word' id='word_1_105' title='bbox 1263 1702 1382 1766; x_wconf 88' lang='lat' dir='ltr'>bus</span> <span class='ocrx_word' id='word_1_106' title='bbox 1431 1703 1694 1769; x_wconf 88' lang='lat' dir='ltr'>interfui</span> <span class='ocrx_word' id='word_1_107' title='bbox 1739 1714 1804 1769; x_wconf 91' lang='lat' dir='ltr'>et</span> <span class='ocrx_word' id='word_1_108' title='bbox 1849 1704 2096 1790; x_wconf 76' lang='lat' dir='ltr'>scripsi,</span> <span class='ocrx_word' id='word_1_109' title='bbox 2146 1705 2515 1791; x_wconf 84' lang='lat' dir='ltr'>subscripsi.</span> 
     </span>
    </p>
   </div>
   <div class='ocr_carea' id='block_1_3' title="bbox 2299 2024 3853 2615">
    <p class='ocr_par' dir='ltr' id='par_1_5' title="bbox 2299 2024 3853 2615">
     <span class='ocr_line' id='line_1_12' title="bbox 3040 2024 3122 2089; baseline 0.024 -2"><span class='ocrx_word' id='word_1_110' title='bbox 3040 2024 3122 2089; x_wconf 81' lang='lat' dir='ltr'>V.</span> 
     </span>
     <span class='ocr_line' id='line_1_13' title="bbox 2709 2276 3446 2362; baseline 0 -21"><span class='ocrx_word' id='word_1_111' title='bbox 2709 2278 2904 2359; x_wconf 82' lang='lat'>1297,</span> <span class='ocrx_word' id='word_1_112' title='bbox 2951 2277 3038 2339; x_wconf 76' lang='lat'>26</span> <span class='ocrx_word' id='word_1_113' title='bbox 3081 2276 3446 2362; x_wconf 74' lang='lat' dir='ltr'>septembris,</span> 
     </span>
     <span class='ocr_line' id='line_1_14' title="bbox 2299 2528 3853 2615; baseline -0.001 -21"><span class='ocrx_word' id='word_1_114' title='bbox 2299 2530 2403 2594; x_wconf 80' lang='lat' dir='ltr'>Ex</span> <span class='ocrx_word' id='word_1_115' title='bbox 2449 2529 2674 2595; x_wconf 88' lang='lat' dir='ltr'>eodem</span> <span class='ocrx_word' id='word_1_116' title='bbox 2724 2529 3005 2615; x_wconf 71' lang='lat' dir='ltr'>Reyistro</span> <span class='ocrx_word' id='word_1_117' title='bbox 3055 2530 3302 2612; x_wconf 79' lang='lat' dir='ltr'>Grosso,</span> <span class='ocrx_word' id='word_1_118' title='bbox 3348 2528 3459 2592; x_wconf 91' lang='lat' dir='ltr'>lib.</span> <span class='ocrx_word' id='word_1_119' title='bbox 3509 2528 3638 2612; x_wconf 89' lang='lat' dir='ltr'>II.,</span> <span class='ocrx_word' id='word_1_120' title='bbox 3688 2551 3741 2593; x_wconf 89' lang='lat' dir='ltr'>c.</span> <span class='ocrx_word' id='word_1_121' title='bbox 3795 2531 3853 2593; x_wconf 83' lang='lat'>7.</span> 
     </span>
    </p>
   </div>
   <div class='ocr_carea' id='block_1_4' title="bbox 1243 2777 4892 6199">
    <p class='ocr_par' dir='ltr' id='par_1_6' title="bbox 1257 2777 4892 2950">
     <span class='ocr_line' id='line_1_15' title="bbox 1435 2777 4892 2866; baseline 0 -23"><span class='ocrx_word' id='word_1_122' title='bbox 1435 2777 1582 2843; x_wconf 88' lang='lat' dir='ltr'>Hoc</span> <span class='ocrx_word' id='word_1_123' title='bbox 1629 2786 1727 2843; x_wconf 85' lang='lat' dir='ltr'>est</span> <span class='ocrx_word' id='word_1_124' title='bbox 1781 2781 2151 2866; x_wconf 87' lang='lat' dir='ltr'>exemplum</span> <span class='ocrx_word' id='word_1_125' title='bbox 2211 2781 2548 2865; x_wconf 88' lang='lat' dir='ltr'>cujusdam</span> <span class='ocrx_word' id='word_1_126' title='bbox 2610 2781 2979 2844; x_wconf 82' lang='lat' dir='ltr'>testamenti</span> <span class='ocrx_word' id='word_1_127' title='bbox 3042 2802 3187 2843; x_wconf 91' lang='lat' dir='ltr'>cum</span> <span class='ocrx_word' id='word_1_128' title='bbox 3247 2780 3349 2844; x_wconf 90' lang='lat' dir='ltr'>die</span> <span class='ocrx_word' id='word_1_129' title='bbox 3414 2786 3479 2844; x_wconf 89' lang='lat' dir='ltr'>et</span> <span class='ocrx_word' id='word_1_130' title='bbox 3536 2779 3797 2843; x_wconf 90' lang='lat' dir='ltr'>consule</span> <span class='ocrx_word' id='word_1_131' title='bbox 3861 2780 3953 2844; x_wconf 89' lang='lat' dir='ltr'>sic</span> <span class='ocrx_word' id='word_1_132' title='bbox 4014 2780 4415 2866; x_wconf 89' lang='lat' dir='ltr'>incipientis,</span> <span class='ocrx_word' id='word_1_133' title='bbox 4466 2782 4650 2865; x_wconf 86' lang='lat' dir='ltr'>cujus</span> <span class='ocrx_word' id='word_1_134' title='bbox 4707 2788 4892 2844; x_wconf 88' lang='lat' dir='ltr'>tenor</span> 
     </span>
     <span class='ocr_line' id='line_1_16' title="bbox 1257 2884 1589 2950; baseline 0.009 -3"><span class='ocrx_word' id='word_1_135' title='bbox 1257 2884 1409 2948; x_wconf 89' lang='lat' dir='ltr'>talis</span> <span class='ocrx_word' id='word_1_136' title='bbox 1455 2894 1589 2950; x_wconf 88' lang='lat' dir='ltr'>est:</span> 
     </span>
    </p>

    <p class='ocr_par' dir='ltr' id='par_1_7' title="bbox 1243 2993 4889 5530">
     <span class='ocr_line' id='line_1_17' title="bbox 1435 2993 4885 3081; baseline 0.001 -24"><span class='ocrx_word' id='word_1_137' title='bbox 1435 2993 1512 3057; x_wconf 94' lang='lat' dir='ltr'>In</span> <span class='ocrx_word' id='word_1_138' title='bbox 1564 2994 1818 3058; x_wconf 87' lang='lat' dir='ltr'>nomine</span> <span class='ocrx_word' id='word_1_139' title='bbox 1879 2995 2177 3079; x_wconf 88' lang='lat' dir='ltr'>Domini,</span> <span class='ocrx_word' id='word_1_140' title='bbox 2227 3017 2434 3059; x_wconf 90' lang='lat' dir='ltr'>amen.</span> <span class='ocrx_word' id='word_1_141' title='bbox 2483 2997 2675 3060; x_wconf 87' lang='lat' dir='ltr'>Anno</span> <span class='ocrx_word' id='word_1_142' title='bbox 2739 3018 2779 3059; x_wconf 90' lang='lat' dir='ltr'>a</span> <span class='ocrx_word' id='word_1_143' title='bbox 2839 2995 3176 3059; x_wconf 81' lang='lat' dir='ltr'>nativitate</span> <span class='ocrx_word' id='word_1_144' title='bbox 3238 2994 3501 3059; x_wconf 89' lang='lat' dir='ltr'>Domini</span> <span class='ocrx_word' id='word_1_145' title='bbox 3562 2995 3901 3059; x_wconf 86' lang='lat' dir='ltr'>millesimo</span> <span class='ocrx_word' id='word_1_146' title='bbox 3965 2995 4403 3059; x_wconf 89' lang='lat' dir='ltr'>ducentesimo</span> <span class='ocrx_word' id='word_1_147' title='bbox 4466 2996 4885 3081; x_wconf 89' lang='lat' dir='ltr'>nonagesimo</span> 
     </span>
     <span class='ocr_line' id='line_1_18' title="bbox 1255 3100 4889 3187; baseline 0.001 -24"><span class='ocrx_word' id='word_1_148' title='bbox 1255 3100 1550 3186; x_wconf 87' lang='lat' dir='ltr'>septimo,</span> <span class='ocrx_word' id='word_1_149' title='bbox 1583 3101 1931 3166; x_wconf 88' lang='lat' dir='ltr'>indictione</span> <span class='ocrx_word' id='word_1_150' title='bbox 1978 3102 2336 3184; x_wconf 88' lang='lat' dir='ltr'>undecima,</span> <span class='ocrx_word' id='word_1_151' title='bbox 2380 3103 2733 3167; x_wconf 88' lang='lat' dir='ltr'>secundum</span> <span class='ocrx_word' id='word_1_152' title='bbox 2772 3124 3031 3168; x_wconf 87' lang='lat' dir='ltr'>cursum</span> <span class='ocrx_word' id='word_1_153' title='bbox 3063 3103 3341 3165; x_wconf 88' lang='lat' dir='ltr'>civitatis</span> <span class='ocrx_word' id='word_1_154' title='bbox 3374 3102 3809 3185; x_wconf 85' lang='lat' dir='ltr'>Cummarum,</span> <span class='ocrx_word' id='word_1_155' title='bbox 3844 3103 3946 3167; x_wconf 89' lang='lat' dir='ltr'>die</span> <span class='ocrx_word' id='word_1_156' title='bbox 3980 3102 4480 3187; x_wconf 81' lang='lat' dir='ltr'>vigesimosexto</span> <span class='ocrx_word' id='word_1_157' title='bbox 4515 3103 4751 3166; x_wconf 87' lang='lat' dir='ltr'>mensis</span> <span class='ocrx_word' id='word_1_158' title='bbox 4789 3124 4889 3166; x_wconf 89' lang='lat' dir='ltr'>se-</span> 
     </span>
     <span class='ocr_line' id='line_1_19' title="bbox 1255 3208 4886 3297; baseline 0.001 -27"><span class='ocrx_word' id='word_1_159' title='bbox 1255 3208 1585 3293; x_wconf 88' lang='lat' dir='ltr'>ptembris.</span> <span class='ocrx_word' id='word_1_160' title='bbox 1635 3208 1956 3283; x_wconf 89' lang='lat' dir='ltr'>Quoniam</span> <span class='ocrx_word' id='word_1_161' title='bbox 2002 3232 2240 3274; x_wconf 86' lang='lat' dir='ltr'>umana</span> <span class='ocrx_word' id='word_1_162' title='bbox 2288 3211 2679 3296; x_wconf 81' lang='lat' dir='ltr'>fragilitatis,</span> <span class='ocrx_word' id='word_1_163' title='bbox 2715 3210 2937 3274; x_wconf 90' lang='lat' dir='ltr'>mortis</span> <span class='ocrx_word' id='word_1_164' title='bbox 2977 3210 3279 3297; x_wconf 87' lang='lat' dir='ltr'>precipue</span> <span class='ocrx_word' id='word_1_165' title='bbox 3326 3211 3715 3294; x_wconf 84' lang='lat' dir='ltr'>cogitatione</span> <span class='ocrx_word' id='word_1_166' title='bbox 3763 3210 4043 3292; x_wconf 88' lang='lat' dir='ltr'>turbata,</span> <span class='ocrx_word' id='word_1_167' title='bbox 4078 3210 4316 3295; x_wconf 87' lang='lat' dir='ltr'>nequid</span> <span class='ocrx_word' id='word_1_168' title='bbox 4355 3231 4457 3274; x_wconf 92' lang='lat' dir='ltr'>res</span> <span class='ocrx_word' id='word_1_169' title='bbox 4491 3210 4747 3291; x_wconf 86' lang='lat' dir='ltr'>arduas,</span> <span class='ocrx_word' id='word_1_170' title='bbox 4784 3231 4886 3273; x_wconf 89' lang='lat' dir='ltr'>res</span> 
     </span>
     <span class='ocr_line' id='line_1_20' title="bbox 1257 3314 4888 3405; baseline 0.001 -28"><span class='ocrx_word' id='word_1_171' title='bbox 1257 3314 1569 3401; x_wconf 89' lang='lat' dir='ltr'>plurimas</span> <span class='ocrx_word' id='word_1_172' title='bbox 1602 3324 1774 3382; x_wconf 87' lang='lat' dir='ltr'>recte</span> <span class='ocrx_word' id='word_1_173' title='bbox 1809 3317 2172 3382; x_wconf 87' lang='lat' dir='ltr'>discerncre</span> <span class='ocrx_word' id='word_1_174' title='bbox 2207 3340 2322 3382; x_wconf 89' lang='lat' dir='ltr'>neo</span> <span class='ocrx_word' id='word_1_175' title='bbox 2361 3319 2721 3405; x_wconf 89' lang='lat' dir='ltr'>disponere,</span> <span class='ocrx_word' id='word_1_176' title='bbox 2756 3319 3082 3404; x_wconf 87' lang='lat' dir='ltr'>sapienter</span> <span class='ocrx_word' id='word_1_177' title='bbox 3113 3317 3434 3404; x_wconf 88' lang='lat' dir='ltr'>provideri</span> <span class='ocrx_word' id='word_1_178' title='bbox 3462 3318 3560 3400; x_wconf 86' lang='lat'>(¹),</span> <span class='ocrx_word' id='word_1_179' title='bbox 3596 3317 3827 3381; x_wconf 89' lang='lat' dir='ltr'>accidit</span> <span class='ocrx_word' id='word_1_180' title='bbox 3859 3317 4011 3381; x_wconf 89' lang='lat' dir='ltr'>dum</span> <span class='ocrx_word' id='word_1_181' title='bbox 4045 3317 4361 3403; x_wconf 90' lang='lat' dir='ltr'>quispiam</span> <span class='ocrx_word' id='word_1_182' title='bbox 4395 3339 4632 3402; x_wconf 86' lang='lat' dir='ltr'>genere</span> <span class='ocrx_word' id='word_1_183' title='bbox 4676 3317 4888 3382; x_wconf 88' lang='lat' dir='ltr'>clarus</span> 
     </span>
     <span class='ocr_line' id='line_1_21' title="bbox 1244 3424 4882 3511; baseline 0.001 -26"><span class='ocrx_word' id='word_1_184' title='bbox 1244 3431 1308 3486; x_wconf 88' lang='lat' dir='ltr'>et</span> <span class='ocrx_word' id='word_1_185' title='bbox 1355 3424 1640 3488; x_wconf 90' lang='lat' dir='ltr'>moribus</span> <span class='ocrx_word' id='word_1_186' title='bbox 1688 3424 1766 3489; x_wconf 91' lang='lat' dir='ltr'>de</span> <span class='ocrx_word' id='word_1_187' title='bbox 1813 3426 1936 3489; x_wconf 89' lang='lat' dir='ltr'>hac</span> <span class='ocrx_word' id='word_1_188' title='bbox 1982 3425 2117 3488; x_wconf 86' lang='lat' dir='ltr'>vita</span> <span class='ocrx_word' id='word_1_189' title='bbox 2163 3426 2403 3490; x_wconf 87' lang='lat' dir='ltr'>labitur</span> <span class='ocrx_word' id='word_1_190' title='bbox 2451 3426 2827 3508; x_wconf 80' lang='lat' dir='ltr'>intestatus3</span> <span class='ocrx_word' id='word_1_191' title='bbox 2879 3426 3150 3510; x_wconf 90' lang='lat' dir='ltr'>ideoque</span> <span class='ocrx_word' id='word_1_192' title='bbox 3200 3446 3313 3487; x_wconf 87' lang='lat' dir='ltr'>nos</span> <span class='ocrx_word' id='word_1_193' title='bbox 3360 3424 3777 3489; x_wconf 89' lang='lat' dir='ltr'>Bertholotus</span> <span class='ocrx_word' id='word_1_194' title='bbox 3827 3424 3906 3487; x_wconf 90' lang='lat' dir='ltr'>de</span> <span class='ocrx_word' id='word_1_195' title='bbox 3952 3424 4302 3489; x_wconf 87' lang='lat' dir='ltr'>Venerosis</span> <span class='ocrx_word' id='word_1_196' title='bbox 4350 3424 4429 3489; x_wconf 89' lang='lat' dir='ltr'>de</span> <span class='ocrx_word' id='word_1_197' title='bbox 4476 3424 4651 3511; x_wconf 87' lang='lat' dir='ltr'>Ripa</span> <span class='ocrx_word' id='word_1_198' title='bbox 4698 3425 4882 3510; x_wconf 80' lang='lat' dir='ltr'>ysule</span> 
     </span>
     <span class='ocr_line' id='line_1_22' title="bbox 1248 3529 4889 3620; baseline 0 -25"><span class='ocrx_word' id='word_1_199' title='bbox 1248 3529 1511 3595; x_wconf 86' lang='lat' dir='ltr'>Suzarie</span> <span class='ocrx_word' id='word_1_200' title='bbox 1558 3539 1622 3595; x_wconf 89' lang='lat' dir='ltr'>et</span> <span class='ocrx_word' id='word_1_201' title='bbox 1668 3532 1952 3597; x_wconf 76' lang='lat' dir='ltr'>Bal-dine</span> <span class='ocrx_word' id='word_1_202' title='bbox 2007 3540 2072 3597; x_wconf 91' lang='lat' dir='ltr'>et</span> <span class='ocrx_word' id='word_1_203' title='bbox 2119 3543 2346 3619; x_wconf 88' lang='lat' dir='ltr'>quarte</span> <span class='ocrx_word' id='word_1_204' title='bbox 2393 3534 2596 3620; x_wconf 89' lang='lat' dir='ltr'>partis</span> <span class='ocrx_word' id='word_1_205' title='bbox 2642 3533 2921 3597; x_wconf 87' lang='lat' dir='ltr'>civitatis</span> <span class='ocrx_word' id='word_1_206' title='bbox 2969 3532 3246 3615; x_wconf 87' lang='lat' dir='ltr'>Verone,</span> <span class='ocrx_word' id='word_1_207' title='bbox 3282 3555 3494 3596; x_wconf 90' lang='lat' dir='ltr'>comes</span> <span class='ocrx_word' id='word_1_208' title='bbox 3540 3533 3871 3619; x_wconf 85' lang='lat' dir='ltr'>palatinus</span> <span class='ocrx_word' id='word_1_209' title='bbox 3918 3532 3982 3596; x_wconf 93' lang='lat' dir='ltr'>in</span> <span class='ocrx_word' id='word_1_210' title='bbox 4024 3531 4444 3614; x_wconf 88' lang='lat' dir='ltr'>Lumbardia,</span> <span class='ocrx_word' id='word_1_211' title='bbox 4477 3532 4648 3595; x_wconf 86' lang='lat' dir='ltr'>filius</span> <span class='ocrx_word' id='word_1_212' title='bbox 4682 3552 4889 3617; x_wconf 89' lang='lat' dir='ltr'>quon-</span> 
     </span>
     <span class='ocr_line' id='line_1_23' title="bbox 1245 3637 4884 3727; baseline 0 -25"><span class='ocrx_word' id='word_1_213' title='bbox 1245 3637 1396 3702; x_wconf 90' lang='lat' dir='ltr'>dam</span> <span class='ocrx_word' id='word_1_214' title='bbox 1456 3639 1694 3703; x_wconf 90' lang='lat' dir='ltr'>domini</span> <span class='ocrx_word' id='word_1_215' title='bbox 1757 3641 1937 3705; x_wconf 90' lang='lat' dir='ltr'>Petri</span> <span class='ocrx_word' id='word_1_216' title='bbox 1997 3640 2346 3723; x_wconf 87' lang='lat' dir='ltr'>Venerosi,</span> <span class='ocrx_word' id='word_1_217' title='bbox 2397 3642 2645 3706; x_wconf 89' lang='lat' dir='ltr'>comitis</span> <span class='ocrx_word' id='word_1_218' title='bbox 2707 3640 2977 3727; x_wconf 88' lang='lat' dir='ltr'>palatini</span> <span class='ocrx_word' id='word_1_219' title='bbox 3040 3640 3119 3704; x_wconf 91' lang='lat' dir='ltr'>de</span> <span class='ocrx_word' id='word_1_220' title='bbox 3181 3641 3352 3727; x_wconf 91' lang='lat' dir='ltr'>Ripa</span> <span class='ocrx_word' id='word_1_221' title='bbox 3414 3640 3620 3704; x_wconf 90' lang='lat' dir='ltr'>insule</span> <span class='ocrx_word' id='word_1_222' title='bbox 3685 3639 3995 3720; x_wconf 83' lang='lat' dir='ltr'>Suzarie,</span> <span class='ocrx_word' id='word_1_223' title='bbox 4062 3660 4334 3725; x_wconf 89' lang='lat' dir='ltr'>quorum</span> <span class='ocrx_word' id='word_1_224' title='bbox 4395 3640 4884 3725; x_wconf 88' lang='lat' dir='ltr'>predecessores</span> 
     </span>
     <span class='ocr_line' id='line_1_24' title="bbox 1244 3743 4882 3833; baseline 0.001 -26"><span class='ocrx_word' id='word_1_225' title='bbox 1244 3743 1376 3808; x_wconf 90' lang='lat' dir='ltr'>divi</span> <span class='ocrx_word' id='word_1_226' title='bbox 1426 3767 1835 3810; x_wconf 89' lang='lat' dir='ltr'>romanorum</span> <span class='ocrx_word' id='word_1_227' title='bbox 1883 3748 2238 3833; x_wconf 90' lang='lat' dir='ltr'>principes,</span> <span class='ocrx_word' id='word_1_228' title='bbox 2289 3755 2353 3811; x_wconf 91' lang='lat' dir='ltr'>et</span> <span class='ocrx_word' id='word_1_229' title='bbox 2400 3770 2515 3812; x_wconf 88' lang='lat' dir='ltr'>nos</span> <span class='ocrx_word' id='word_1_230' title='bbox 2562 3748 2767 3812; x_wconf 87' lang='lat' dir='ltr'>felicis</span> <span class='ocrx_word' id='word_1_231' title='bbox 2818 3747 3279 3812; x_wconf 87' lang='lat' dir='ltr'>recordationis</span> <span class='ocrx_word' id='word_1_232' title='bbox 3327 3746 3623 3811; x_wconf 90' lang='lat' dir='ltr'>dominus</span> <span class='ocrx_word' id='word_1_233' title='bbox 3670 3746 4056 3810; x_wconf 85' lang='lat' dir='ltr'>Fredericus</span> <span class='ocrx_word' id='word_1_234' title='bbox 4102 3746 4421 3809; x_wconf 87' lang='lat' dir='ltr'>secundus</span> <span class='ocrx_word' id='word_1_235' title='bbox 4470 3767 4882 3809; x_wconf 89' lang='lat' dir='ltr'>romanorum</span> 
     </span>
     <span class='ocr_line' id='line_1_25' title="bbox 1244 3851 4883 3942; baseline 0 -26"><span class='ocrx_word' id='word_1_236' title='bbox 1244 3851 1596 3938; x_wconf 89' lang='lat' dir='ltr'>imperator</span> <span class='ocrx_word' id='word_1_237' title='bbox 1642 3864 1908 3918; x_wconf 86' lang='lat' dir='ltr'>actenus</span> <span class='ocrx_word' id='word_1_238' title='bbox 1956 3855 2425 3920; x_wconf 79' lang='lat' dir='ltr'>decoraverunt</span> <span class='ocrx_word' id='word_1_239' title='bbox 2469 3855 2842 3938; x_wconf 88' lang='lat' dir='ltr'>honoribus,</span> <span class='ocrx_word' id='word_1_240' title='bbox 2892 3855 3248 3942; x_wconf 88' lang='lat' dir='ltr'>privilegiis</span> <span class='ocrx_word' id='word_1_241' title='bbox 3296 3862 3359 3918; x_wconf 87' lang='lat' dir='ltr'>et</span> <span class='ocrx_word' id='word_1_242' title='bbox 3406 3854 3651 3939; x_wconf 88' lang='lat' dir='ltr'>gratiis,</span> <span class='ocrx_word' id='word_1_243' title='bbox 3695 3875 4014 3918; x_wconf 88' lang='lat' dir='ltr'>memores</span> <span class='ocrx_word' id='word_1_244' title='bbox 4063 3852 4445 3918; x_wconf 90' lang='lat' dir='ltr'>conditionis</span> <span class='ocrx_word' id='word_1_245' title='bbox 4491 3852 4768 3917; x_wconf 88' lang='lat' dir='ltr'>humane</span> <span class='ocrx_word' id='word_1_246' title='bbox 4816 3862 4883 3917; x_wconf 90' lang='lat' dir='ltr'>et</span> 
     </span>
     <span class='ocr_line' id='line_1_26' title="bbox 1244 3961 4883 4049; baseline 0 -26"><span class='ocrx_word' id='word_1_247' title='bbox 1244 3961 1414 4046; x_wconf 90' lang='lat' dir='ltr'>quod</span> <span class='ocrx_word' id='word_1_248' title='bbox 1463 3984 1716 4047; x_wconf 90' lang='lat' dir='ltr'>semper</span> <span class='ocrx_word' id='word_1_249' title='bbox 1765 3964 1986 4027; x_wconf 88' lang='lat' dir='ltr'>innata</span> <span class='ocrx_word' id='word_1_250' title='bbox 2034 3965 2476 4028; x_wconf 86' lang='lat' dir='ltr'>comunicatur</span> <span class='ocrx_word' id='word_1_251' title='bbox 2523 3965 2843 4049; x_wconf 84' lang='lat' dir='ltr'>fragilitas</span> <span class='ocrx_word' id='word_1_252' title='bbox 2891 3965 3041 4028; x_wconf 89' lang='lat' dir='ltr'>dum</span> <span class='ocrx_word' id='word_1_253' title='bbox 3090 3965 3220 4027; x_wconf 85' lang='lat' dir='ltr'>vite</span> <span class='ocrx_word' id='word_1_254' title='bbox 3268 3963 3450 4028; x_wconf 90' lang='lat' dir='ltr'>nobis</span> <span class='ocrx_word' id='word_1_255' title='bbox 3499 3963 3767 4027; x_wconf 84' lang='lat' dir='ltr'>instaret</span> <span class='ocrx_word' id='word_1_256' title='bbox 3814 3963 4125 4026; x_wconf 89' lang='lat' dir='ltr'>terminus</span> <span class='ocrx_word' id='word_1_257' title='bbox 4169 3962 4448 4047; x_wconf 91' lang='lat' dir='ltr'>loquelle</span> <span class='ocrx_word' id='word_1_258' title='bbox 4481 3970 4546 4025; x_wconf 88' lang='lat' dir='ltr'>et</span> <span class='ocrx_word' id='word_1_259' title='bbox 4578 3962 4883 4025; x_wconf 87' lang='lat' dir='ltr'>memorie</span> 
     </span>
     <span class='ocr_line' id='line_1_27' title="bbox 1244 4068 4882 4158; baseline 0 -27"><span class='ocrx_word' id='word_1_260' title='bbox 1244 4068 1429 4132; x_wconf 90' lang='lat' dir='ltr'>nobis</span> <span class='ocrx_word' id='word_1_261' title='bbox 1476 4070 1847 4155; x_wconf 88' lang='lat' dir='ltr'>integritate</span> <span class='ocrx_word' id='word_1_262' title='bbox 1894 4072 2292 4156; x_wconf 87' lang='lat' dir='ltr'>vigentibus,</span> <span class='ocrx_word' id='word_1_263' title='bbox 2342 4072 2492 4136; x_wconf 91' lang='lat' dir='ltr'>licet</span> <span class='ocrx_word' id='word_1_264' title='bbox 2538 4072 2676 4157; x_wconf 88' lang='lat' dir='ltr'>egri</span> <span class='ocrx_word' id='word_1_265' title='bbox 2724 4094 3012 4158; x_wconf 89' lang='lat' dir='ltr'>corpore,</span> <span class='ocrx_word' id='word_1_266' title='bbox 3054 4073 3197 4157; x_wconf 88' lang='lat' dir='ltr'>sanj</span> <span class='ocrx_word' id='word_1_267' title='bbox 3248 4079 3464 4135; x_wconf 90' lang='lat' dir='ltr'>tamen</span> <span class='ocrx_word' id='word_1_268' title='bbox 3511 4076 3743 4151; x_wconf 89' lang='lat' dir='ltr'>mente,</span> <span class='ocrx_word' id='word_1_269' title='bbox 3794 4071 3885 4133; x_wconf 88' lang='lat' dir='ltr'>sic</span> <span class='ocrx_word' id='word_1_270' title='bbox 3936 4070 4148 4133; x_wconf 90' lang='lat' dir='ltr'>anime</span> <span class='ocrx_word' id='word_1_271' title='bbox 4201 4078 4413 4133; x_wconf 89' lang='lat' dir='ltr'>nostre</span> <span class='ocrx_word' id='word_1_272' title='bbox 4470 4068 4882 4155; x_wconf 85' lang='lat' dir='ltr'>providemus</span> 
     </span>
     <span class='ocr_line' id='line_1_28' title="bbox 1245 4176 4881 4264; baseline -0 -25"><span class='ocrx_word' id='word_1_273' title='bbox 1245 4177 1637 4240; x_wconf 88' lang='lat' dir='ltr'>consulendo</span> <span class='ocrx_word' id='word_1_274' title='bbox 1685 4187 1817 4241; x_wconf 86' lang='lat' dir='ltr'>tarn</span> <span class='ocrx_word' id='word_1_275' title='bbox 1865 4178 1943 4242; x_wconf 91' lang='lat' dir='ltr'>de</span> <span class='ocrx_word' id='word_1_276' title='bbox 1992 4179 2368 4264; x_wconf 75' lang='lat' dir='ltr'>privilegiiS,</span> <span class='ocrx_word' id='word_1_277' title='bbox 2404 4180 2632 4264; x_wconf 86' lang='lat' dir='ltr'>gratiis</span> <span class='ocrx_word' id='word_1_278' title='bbox 2674 4187 2737 4242; x_wconf 88' lang='lat' dir='ltr'>et</span> <span class='ocrx_word' id='word_1_279' title='bbox 2785 4179 3134 4243; x_wconf 88' lang='lat' dir='ltr'>honoribus</span> <span class='ocrx_word' id='word_1_280' title='bbox 3184 4179 3367 4242; x_wconf 90' lang='lat' dir='ltr'>nobis</span> <span class='ocrx_word' id='word_1_281' title='bbox 3415 4192 3480 4242; x_wconf 88' lang='lat' dir='ltr'>et</span> <span class='ocrx_word' id='word_1_282' title='bbox 3525 4177 4041 4242; x_wconf 89' lang='lat' dir='ltr'>antecessoribus</span> <span class='ocrx_word' id='word_1_283' title='bbox 4089 4177 4323 4241; x_wconf 88' lang='lat' dir='ltr'>nostris</span> <span class='ocrx_word' id='word_1_284' title='bbox 4372 4198 4411 4240; x_wconf 93' lang='lat' dir='ltr'>a</span> <span class='ocrx_word' id='word_1_285' title='bbox 4457 4176 4622 4239; x_wconf 87' lang='lat' dir='ltr'>divis</span> <span class='ocrx_word' id='word_1_286' title='bbox 4668 4197 4881 4240; x_wconf 90' lang='lat' dir='ltr'>roma-</span> 
     </span>
     <span class='ocr_line' id='line_1_29' title="bbox 1244 4283 4883 4372; baseline 0 -26"><span class='ocrx_word' id='word_1_287' title='bbox 1244 4304 1472 4346; x_wconf 90' lang='lat' dir='ltr'>norum</span> <span class='ocrx_word' id='word_1_288' title='bbox 1521 4284 1918 4370; x_wconf 90' lang='lat' dir='ltr'>principibus</span> <span class='ocrx_word' id='word_1_289' title='bbox 1966 4293 2231 4350; x_wconf 89' lang='lat' dir='ltr'>actenus</span> <span class='ocrx_word' id='word_1_290' title='bbox 2279 4286 2512 4350; x_wconf 88' lang='lat' dir='ltr'>illactis</span> <span class='ocrx_word' id='word_1_291' title='bbox 2559 4293 2622 4350; x_wconf 92' lang='lat' dir='ltr'>et</span> <span class='ocrx_word' id='word_1_292' title='bbox 2670 4287 3010 4368; x_wconf 89' lang='lat' dir='ltr'>concessis,</span> <span class='ocrx_word' id='word_1_293' title='bbox 3045 4308 3237 4372; x_wconf 93' lang='lat' dir='ltr'>quam</span> <span class='ocrx_word' id='word_1_294' title='bbox 3286 4285 3365 4349; x_wconf 91' lang='lat' dir='ltr'>de</span> <span class='ocrx_word' id='word_1_295' title='bbox 3415 4285 3648 4349; x_wconf 88' lang='lat' dir='ltr'>nostris</span> <span class='ocrx_word' id='word_1_296' title='bbox 3699 4284 3889 4348; x_wconf 89' lang='lat' dir='ltr'>rebus</span> <span class='ocrx_word' id='word_1_297' title='bbox 3937 4284 4214 4370; x_wconf 86' lang='lat' dir='ltr'>propriis</span> <span class='ocrx_word' id='word_1_298' title='bbox 4260 4283 4606 4347; x_wconf 89' lang='lat' dir='ltr'>mobilibus</span> <span class='ocrx_word' id='word_1_299' title='bbox 4655 4291 4718 4347; x_wconf 86' lang='lat' dir='ltr'>et</span> <span class='ocrx_word' id='word_1_300' title='bbox 4765 4285 4883 4346; x_wconf 90' lang='lat' dir='ltr'>im·</span> 
     </span>
     <span class='ocr_line' id='line_1_30' title="bbox 1244 4389 4879 4479; baseline 0.001 -27"><span class='ocrx_word' id='word_1_301' title='bbox 1244 4389 1610 4472; x_wconf 90' lang='lat' dir='ltr'>mobilibus,</span> <span class='ocrx_word' id='word_1_302' title='bbox 1646 4413 1762 4456; x_wconf 89' lang='lat' dir='ltr'>neo</span> <span class='ocrx_word' id='word_1_303' title='bbox 1811 4414 1938 4456; x_wconf 92' lang='lat' dir='ltr'>non</span> <span class='ocrx_word' id='word_1_304' title='bbox 1987 4415 2389 4479; x_wconf 89' lang='lat' dir='ltr'>quocumque</span> <span class='ocrx_word' id='word_1_305' title='bbox 2437 4394 2624 4458; x_wconf 92' lang='lat' dir='ltr'>titulo</span> <span class='ocrx_word' id='word_1_306' title='bbox 2673 4394 2756 4457; x_wconf 87' lang='lat' dir='ltr'>ad</span> <span class='ocrx_word' id='word_1_307' title='bbox 2805 4415 2920 4457; x_wconf 88' lang='lat' dir='ltr'>nos</span> <span class='ocrx_word' id='word_1_308' title='bbox 2968 4395 3105 4458; x_wconf 91' lang='lat' dir='ltr'>sive</span> <span class='ocrx_word' id='word_1_309' title='bbox 3144 4393 3361 4457; x_wconf 89' lang='lat' dir='ltr'>domui</span> <span class='ocrx_word' id='word_1_310' title='bbox 3394 4400 3609 4456; x_wconf 92' lang='lat' dir='ltr'>nostre</span> <span class='ocrx_word' id='word_1_311' title='bbox 3643 4392 4106 4478; x_wconf 87' lang='lat' dir='ltr'>spectantibus,</span> <span class='ocrx_word' id='word_1_312' title='bbox 4141 4391 4456 4477; x_wconf 90' lang='lat' dir='ltr'>solempni</span> <span class='ocrx_word' id='word_1_313' title='bbox 4489 4391 4879 4476; x_wconf 88' lang='lat' dir='ltr'>cogitatione</span> 
     </span>
     <span class='ocr_line' id='line_1_31' title="bbox 1244 4498 4881 4587; baseline 0 -27"><span class='ocrx_word' id='word_1_314' title='bbox 1244 4498 1605 4583; x_wconf 89' lang='lat' dir='ltr'>prehabita,</span> <span class='ocrx_word' id='word_1_315' title='bbox 1640 4499 1733 4563; x_wconf 89' lang='lat' dir='ltr'>sic</span> <span class='ocrx_word' id='word_1_316' title='bbox 1778 4521 1895 4585; x_wconf 90' lang='lat' dir='ltr'>pro</span> <span class='ocrx_word' id='word_1_317' title='bbox 1943 4500 2151 4564; x_wconf 86' lang='lat' dir='ltr'>salute</span> <span class='ocrx_word' id='word_1_318' title='bbox 2201 4501 2413 4564; x_wconf 89' lang='lat' dir='ltr'>anime</span> <span class='ocrx_word' id='word_1_319' title='bbox 2462 4508 2676 4565; x_wconf 89' lang='lat' dir='ltr'>nostre</span> <span class='ocrx_word' id='word_1_320' title='bbox 2724 4501 3026 4564; x_wconf 83' lang='lat' dir='ltr'>duximus</span> <span class='ocrx_word' id='word_1_321' title='bbox 3073 4501 3562 4587; x_wconf 88' lang='lat' dir='ltr'>disponendum,</span> <span class='ocrx_word' id='word_1_322' title='bbox 3615 4507 3687 4563; x_wconf 91' lang='lat' dir='ltr'>ut</span> <span class='ocrx_word' id='word_1_323' title='bbox 3738 4521 3852 4563; x_wconf 92' lang='lat' dir='ltr'>nos</span> <span class='ocrx_word' id='word_1_324' title='bbox 3901 4521 3940 4562; x_wconf 93' lang='lat' dir='ltr'>a</span> <span class='ocrx_word' id='word_1_325' title='bbox 3986 4498 4177 4562; x_wconf 89' lang='lat' dir='ltr'>rebus</span> <span class='ocrx_word' id='word_1_326' title='bbox 4224 4498 4522 4562; x_wconf 88' lang='lat' dir='ltr'>humanis</span> <span class='ocrx_word' id='word_1_327' title='bbox 4568 4499 4881 4584; x_wconf 88' lang='lat' dir='ltr'>assumpti</span> 
     </span>
     <span class='ocr_line' id='line_1_32' title="bbox 1243 4607 4880 4695; baseline -0 -26"><span class='ocrx_word' id='word_1_328' title='bbox 1243 4613 1555 4692; x_wconf 88' lang='lat' dir='ltr'>perpetuo</span> <span class='ocrx_word' id='word_1_329' title='bbox 1603 4607 1822 4672; x_wconf 88' lang='lat' dir='ltr'>vivere</span> <span class='ocrx_word' id='word_1_330' title='bbox 1869 4608 2223 4673; x_wconf 89' lang='lat' dir='ltr'>videamur.</span> <span class='ocrx_word' id='word_1_331' title='bbox 2273 4610 2351 4673; x_wconf 94' lang='lat' dir='ltr'>In</span> <span class='ocrx_word' id='word_1_332' title='bbox 2397 4610 2620 4695; x_wconf 89' lang='lat' dir='ltr'>primis</span> <span class='ocrx_word' id='word_1_333' title='bbox 2664 4610 3040 4695; x_wconf 87' lang='lat' dir='ltr'>profitemur</span> <span class='ocrx_word' id='word_1_334' title='bbox 3087 4616 3151 4672; x_wconf 91' lang='lat' dir='ltr'>et</span> <span class='ocrx_word' id='word_1_335' title='bbox 3197 4609 3466 4673; x_wconf 90' lang='lat' dir='ltr'>dicimus</span> <span class='ocrx_word' id='word_1_336' title='bbox 3516 4630 3630 4672; x_wconf 90' lang='lat' dir='ltr'>nos</span> <span class='ocrx_word' id='word_1_337' title='bbox 3678 4607 3821 4693; x_wconf 89' lang='lat' dir='ltr'>lege</span> <span class='ocrx_word' id='word_1_338' title='bbox 3871 4608 4089 4670; x_wconf 79' lang='lat' dir='ltr'>vivere</span> <span class='ocrx_word' id='word_1_339' title='bbox 4143 4628 4573 4690; x_wconf 88' lang='lat' dir='ltr'>romanorum,</span> <span class='ocrx_word' id='word_1_340' title='bbox 4622 4629 4705 4670; x_wconf 84' lang='lat' dir='ltr'>ex</span> <span class='ocrx_word' id='word_1_341' title='bbox 4754 4628 4880 4691; x_wconf 90' lang='lat' dir='ltr'>quo</span> 
     </span>
     <span class='ocr_line' id='line_1_33' title="bbox 1243 4713 4878 4803; baseline 0 -28"><span class='ocrx_word' id='word_1_342' title='bbox 1243 4713 1447 4776; x_wconf 88' lang='lat' dir='ltr'>filium</span> <span class='ocrx_word' id='word_1_343' title='bbox 1495 4721 1786 4778; x_wconf 90' lang='lat' dir='ltr'>nostrum</span> <span class='ocrx_word' id='word_1_344' title='bbox 1832 4714 2326 4779; x_wconf 84' lang='lat' dir='ltr'>Brandalixium</span> <span class='ocrx_word' id='word_1_345' title='bbox 2372 4716 2654 4798; x_wconf 90' lang='lat' dir='ltr'>unicum,</span> <span class='ocrx_word' id='word_1_346' title='bbox 2703 4739 2893 4802; x_wconf 88' lang='lat' dir='ltr'>quem</span> <span class='ocrx_word' id='word_1_347' title='bbox 2940 4717 3061 4803; x_wconf 89' lang='lat' dir='ltr'>piis</span> <span class='ocrx_word' id='word_1_348' title='bbox 3110 4717 3313 4802; x_wconf 86' lang='lat' dir='ltr'>patris</span> <span class='ocrx_word' id='word_1_349' title='bbox 3360 4716 3700 4779; x_wconf 89' lang='lat' dir='ltr'>clementia</span> <span class='ocrx_word' id='word_1_350' title='bbox 3749 4735 3956 4778; x_wconf 89' lang='lat' dir='ltr'>mores</span> <span class='ocrx_word' id='word_1_351' title='bbox 4006 4714 4241 4778; x_wconf 90' lang='lat' dir='ltr'>redunt</span> <span class='ocrx_word' id='word_1_352' title='bbox 4285 4713 4602 4798; x_wconf 76' lang='lat' dir='ltr'>insignem</span> <span class='ocrx_word' id='word_1_353' title='bbox 4658 4721 4720 4777; x_wconf 92' lang='lat' dir='ltr'>ct</span> <span class='ocrx_word' id='word_1_354' title='bbox 4767 4735 4878 4798; x_wconf 91' lang='lat' dir='ltr'>ge·</span> 
     </span>
     <span class='ocr_line' id='line_1_34' title="bbox 1245 4821 4873 4910; baseline 0 -28"><span class='ocrx_word' id='word_1_355' title='bbox 1245 4821 1417 4883; x_wconf 87' lang='lat' dir='ltr'>neris</span> <span class='ocrx_word' id='word_1_356' title='bbox 1466 4821 1729 4885; x_wconf 87' lang='lat' dir='ltr'>decorat</span> <span class='ocrx_word' id='word_1_357' title='bbox 1774 4823 2097 4909; x_wconf 88' lang='lat' dir='ltr'>prosapia,</span> <span class='ocrx_word' id='word_1_358' title='bbox 2130 4824 2414 4909; x_wconf 89' lang='lat' dir='ltr'>presenti</span> <span class='ocrx_word' id='word_1_359' title='bbox 2461 4823 2881 4910; x_wconf 90' lang='lat' dir='ltr'>dispositione</span> <span class='ocrx_word' id='word_1_360' title='bbox 2914 4832 3155 4906; x_wconf 88' lang='lat' dir='ltr'>nostra,</span> <span class='ocrx_word' id='word_1_361' title='bbox 3190 4831 3259 4887; x_wconf 92' lang='lat' dir='ltr'>ut</span> <span class='ocrx_word' id='word_1_362' title='bbox 3291 4822 3579 4887; x_wconf 86' lang='lat' dir='ltr'>scandali</span> <span class='ocrx_word' id='word_1_363' title='bbox 3613 4822 3887 4886; x_wconf 86' lang='lat' dir='ltr'>materia</span> <span class='ocrx_word' id='word_1_364' title='bbox 3921 4821 4209 4907; x_wconf 89' lang='lat' dir='ltr'>quelibet</span> <span class='ocrx_word' id='word_1_365' title='bbox 4245 4828 4631 4907; x_wconf 89' lang='lat' dir='ltr'>amputetur,</span> <span class='ocrx_word' id='word_1_366' title='bbox 4667 4821 4873 4906; x_wconf 86' lang='lat' dir='ltr'>ipsum</span> 
     </span>
     <span class='ocr_line' id='line_1_35' title="bbox 1245 4928 4879 5016; baseline 0 -25"><span class='ocrx_word' id='word_1_367' title='bbox 1245 4928 1430 4992; x_wconf 90' lang='lat' dir='ltr'>nobis</span> <span class='ocrx_word' id='word_1_368' title='bbox 1477 4928 1782 4993; x_wconf 90' lang='lat' dir='ltr'>heredem</span> <span class='ocrx_word' id='word_1_369' title='bbox 1830 4930 2233 5016; x_wconf 88' lang='lat' dir='ltr'>legiptimum</span> <span class='ocrx_word' id='word_1_370' title='bbox 2283 4931 2672 4995; x_wconf 85' lang='lat' dir='ltr'>instituimus</span> <span class='ocrx_word' id='word_1_371' title='bbox 2721 4932 2786 4994; x_wconf 92' lang='lat' dir='ltr'>in</span> <span class='ocrx_word' id='word_1_372' title='bbox 2836 4931 3018 4995; x_wconf 91' lang='lat' dir='ltr'>nobis</span> <span class='ocrx_word' id='word_1_373' title='bbox 3066 4931 3299 4995; x_wconf 87' lang='lat' dir='ltr'>nostris</span> <span class='ocrx_word' id='word_1_374' title='bbox 3353 4930 3538 4995; x_wconf 91' lang='lat' dir='ltr'>bonis</span> <span class='ocrx_word' id='word_1_375' title='bbox 3594 4930 3937 4993; x_wconf 90' lang='lat' dir='ltr'>mobilibus</span> <span class='ocrx_word' id='word_1_376' title='bbox 3993 4937 4058 4993; x_wconf 93' lang='lat' dir='ltr'>et</span> <span class='ocrx_word' id='word_1_377' title='bbox 4113 4928 4546 4993; x_wconf 88' lang='lat' dir='ltr'>immobilibus</span> <span class='ocrx_word' id='word_1_378' title='bbox 4594 4929 4879 4993; x_wconf 89' lang='lat' dir='ltr'>ubicum-</span> 
     </span>
     <span class='ocr_line' id='line_1_36' title="bbox 1248 5035 4876 5124; baseline -0 -25"><span class='ocrx_word' id='word_1_379' title='bbox 1248 5057 1371 5121; x_wconf 87' lang='lat' dir='ltr'>que</span> <span class='ocrx_word' id='word_1_380' title='bbox 1419 5036 1549 5099; x_wconf 89' lang='lat' dir='ltr'>sint</span> <span class='ocrx_word' id='word_1_381' title='bbox 1594 5043 1657 5101; x_wconf 91' lang='lat' dir='ltr'>et</span> <span class='ocrx_word' id='word_1_382' title='bbox 1705 5038 1974 5123; x_wconf 90' lang='lat' dir='ltr'>reperiri</span> <span class='ocrx_word' id='word_1_383' title='bbox 2019 5039 2286 5124; x_wconf 85' lang='lat' dir='ltr'>possint,</span> <span class='ocrx_word' id='word_1_384' title='bbox 2336 5046 2469 5102; x_wconf 90' lang='lat' dir='ltr'>tam</span> <span class='ocrx_word' id='word_1_385' title='bbox 2516 5040 2583 5102; x_wconf 92' lang='lat' dir='ltr'>in</span> <span class='ocrx_word' id='word_1_386' title='bbox 2631 5039 2891 5103; x_wconf 88' lang='lat' dir='ltr'>civitate</span> <span class='ocrx_word' id='word_1_387' title='bbox 2942 5040 3225 5120; x_wconf 80' lang='lat' dir='ltr'>Mantue,</span> <span class='ocrx_word' id='word_1_388' title='bbox 3259 5037 3538 5120; x_wconf 87' lang='lat' dir='ltr'>Verone,</span> <span class='ocrx_word' id='word_1_389' title='bbox 3586 5037 3881 5101; x_wconf 87' lang='lat' dir='ltr'>Ferrarie</span> <span class='ocrx_word' id='word_1_390' title='bbox 3937 5044 4001 5100; x_wconf 90' lang='lat' dir='ltr'>et</span> <span class='ocrx_word' id='word_1_391' title='bbox 4048 5035 4360 5118; x_wconf 88' lang='lat' dir='ltr'>Bononie,</span> <span class='ocrx_word' id='word_1_392' title='bbox 4407 5043 4471 5100; x_wconf 89' lang='lat' dir='ltr'>et</span> <span class='ocrx_word' id='word_1_393' title='bbox 4517 5058 4738 5099; x_wconf 90' lang='lat' dir='ltr'>earum</span> <span class='ocrx_word' id='word_1_394' title='bbox 4786 5036 4876 5099; x_wconf 90' lang='lat' dir='ltr'>di-</span> 
     </span>
     <span class='ocr_line' id='line_1_37' title="bbox 1244 5143 4876 5232; baseline 0 -26"><span class='ocrx_word' id='word_1_395' title='bbox 1244 5143 1592 5226; x_wconf 73' lang='lat' dir='ltr'>strictibu3‚</span> <span class='ocrx_word' id='word_1_396' title='bbox 1629 5166 1822 5229; x_wconf 90' lang='lat' dir='ltr'>quam</span> <span class='ocrx_word' id='word_1_397' title='bbox 1870 5145 2027 5208; x_wconf 88' lang='lat' dir='ltr'>alibi</span> <span class='ocrx_word' id='word_1_398' title='bbox 2073 5146 2134 5209; x_wconf 92' lang='lat' dir='ltr'>in</span> <span class='ocrx_word' id='word_1_399' title='bbox 2187 5146 2694 5231; x_wconf 89' lang='lat' dir='ltr'>quibuscumque</span> <span class='ocrx_word' id='word_1_400' title='bbox 2740 5146 3034 5232; x_wconf 89' lang='lat' dir='ltr'>partibus</span> <span class='ocrx_word' id='word_1_401' title='bbox 3082 5146 3471 5211; x_wconf 88' lang='lat' dir='ltr'>Lombardie</span> <span class='ocrx_word' id='word_1_402' title='bbox 3518 5151 3583 5208; x_wconf 80' lang='lat' dir='ltr'>et-</span> <span class='ocrx_word' id='word_1_403' title='bbox 3628 5144 3847 5208; x_wconf 90' lang='lat' dir='ltr'>Ytalie</span> <span class='ocrx_word' id='word_1_404' title='bbox 3895 5166 4010 5230; x_wconf 88' lang='lat' dir='ltr'>per</span> <span class='ocrx_word' id='word_1_405' title='bbox 4059 5150 4265 5208; x_wconf 88' lang='lat' dir='ltr'>totum</span> <span class='ocrx_word' id='word_1_406' title='bbox 4311 5159 4645 5207; x_wconf 88' lang='lat' dir='ltr'>romanum</span> <span class='ocrx_word' id='word_1_407' title='bbox 4681 5144 4876 5229; x_wconf 90' lang='lat' dir='ltr'>impe-</span> 
     </span>
     <span class='ocr_line' id='line_1_38' title="bbox 1244 5250 4876 5339; baseline 0 -26"><span class='ocrx_word' id='word_1_408' title='bbox 1244 5250 1448 5333; x_wconf 89' lang='lat' dir='ltr'>rium,</span> <span class='ocrx_word' id='word_1_409' title='bbox 1499 5258 1632 5314; x_wconf 89' lang='lat' dir='ltr'>tam</span> <span class='ocrx_word' id='word_1_410' title='bbox 1678 5252 1744 5315; x_wconf 94' lang='lat' dir='ltr'>in</span> <span class='ocrx_word' id='word_1_411' title='bbox 1793 5252 1978 5316; x_wconf 90' lang='lat' dir='ltr'>bonis</span> <span class='ocrx_word' id='word_1_412' title='bbox 2040 5254 2317 5339; x_wconf 88' lang='lat' dir='ltr'>propriis</span> <span class='ocrx_word' id='word_1_413' title='bbox 2376 5260 2440 5317; x_wconf 89' lang='lat' dir='ltr'>et</span> <span class='ocrx_word' id='word_1_414' title='bbox 2502 5253 2730 5317; x_wconf 87' lang='lat' dir='ltr'>alodiis</span> <span class='ocrx_word' id='word_1_415' title='bbox 2795 5275 2991 5338; x_wconf 90' lang='lat' dir='ltr'>quam</span> <span class='ocrx_word' id='word_1_416' title='bbox 3050 5254 3115 5316; x_wconf 90' lang='lat' dir='ltr'>in</span> <span class='ocrx_word' id='word_1_417' title='bbox 3187 5252 3394 5316; x_wconf 87' lang='lat' dir='ltr'>feudis</span> <span class='ocrx_word' id='word_1_418' title='bbox 3458 5261 3522 5316; x_wconf 91' lang='lat' dir='ltr'>et</span> <span class='ocrx_word' id='word_1_419' title='bbox 3584 5252 3649 5316; x_wconf 93' lang='lat' dir='ltr'>in</span> <span class='ocrx_word' id='word_1_420' title='bbox 3709 5252 4003 5316; x_wconf 89' lang='lat' dir='ltr'>omnibus</span> <span class='ocrx_word' id='word_1_421' title='bbox 4051 5251 4194 5314; x_wconf 88' lang='lat' dir='ltr'>aliis</span> <span class='ocrx_word' id='word_1_422' title='bbox 4242 5251 4427 5314; x_wconf 92' lang='lat' dir='ltr'>bonis</span> <span class='ocrx_word' id='word_1_423' title='bbox 4475 5272 4876 5335; x_wconf 90' lang='lat' dir='ltr'>quocumque</span> 
     </span>
     <span class='ocr_line' id='line_1_39' title="bbox 1246 5357 4875 5447; baseline 0 -27"><span class='ocrx_word' id='word_1_424' title='bbox 1246 5357 1434 5422; x_wconf 89' lang='lat' dir='ltr'>modo</span> <span class='ocrx_word' id='word_1_425' title='bbox 1481 5358 1566 5422; x_wconf 87' lang='lat' dir='ltr'>ad</span> <span class='ocrx_word' id='word_1_426' title='bbox 1613 5381 1728 5424; x_wconf 91' lang='lat' dir='ltr'>nos</span> <span class='ocrx_word' id='word_1_427' title='bbox 1776 5360 2216 5447; x_wconf 87' lang='lat' dir='ltr'>spectantibus</span> <span class='ocrx_word' id='word_1_428' title='bbox 2259 5382 2660 5446; x_wconf 90' lang='lat' dir='ltr'>quocumque</span> <span class='ocrx_word' id='word_1_429' title='bbox 2709 5360 2898 5424; x_wconf 87' lang='lat' dir='ltr'>titulo</span> <span class='ocrx_word' id='word_1_430' title='bbox 2945 5361 3080 5424; x_wconf 87' lang='lat' dir='ltr'>sive</span> <span class='ocrx_word' id='word_1_431' title='bbox 3127 5382 3343 5443; x_wconf 89' lang='lat' dir='ltr'>causa,</span> <span class='ocrx_word' id='word_1_432' title='bbox 3393 5359 3472 5423; x_wconf 89' lang='lat' dir='ltr'>de</span> <span class='ocrx_word' id='word_1_433' title='bbox 3520 5359 3751 5445; x_wconf 90' lang='lat' dir='ltr'>quibus</span> <span class='ocrx_word' id='word_1_434' title='bbox 3800 5380 4138 5445; x_wconf 87' lang='lat' dir='ltr'>possumus</span> <span class='ocrx_word' id='word_1_435' title='bbox 4188 5378 4476 5444; x_wconf 89' lang='lat' dir='ltr'>corpore,</span> <span class='ocrx_word' id='word_1_436' title='bbox 4510 5357 4613 5421; x_wconf 90' lang='lat' dir='ltr'>vel</span> <span class='ocrx_word' id='word_1_437' title='bbox 4661 5358 4875 5421; x_wconf 89' lang='lat' dir='ltr'>animo</span> 
     </span>
     <span class='ocr_line' id='line_1_40' title="bbox 1244 5465 1651 5530; baseline 0.005 -2"><span class='ocrx_word' id='word_1_438' title='bbox 1244 5465 1651 5530; x_wconf 90' lang='lat' dir='ltr'>rectinemus.</span> 
     </span>
    </p>

    <p class='ocr_par' dir='ltr' id='par_1_8' title="bbox 1244 5571 4877 6199">
     <span class='ocr_line' id='line_1_41' title="bbox 1425 5571 4876 5661; baseline -0.001 -25"><span class='ocrx_word' id='word_1_439' title='bbox 1425 5573 1592 5637; x_wconf 87' lang='lat' dir='ltr'>Item</span> <span class='ocrx_word' id='word_1_440' title='bbox 1639 5574 1848 5661; x_wconf 90' lang='lat' dir='ltr'>ipsum</span> <span class='ocrx_word' id='word_1_441' title='bbox 1893 5575 2394 5656; x_wconf 87' lang='lat' dir='ltr'>Brandalisium,</span> <span class='ocrx_word' id='word_1_442' title='bbox 2429 5575 2687 5638; x_wconf 91' lang='lat' dir='ltr'>unicum</span> <span class='ocrx_word' id='word_1_443' title='bbox 2720 5575 2922 5638; x_wconf 77' lang='lat' dir='ltr'>filiuni</span> <span class='ocrx_word' id='word_1_444' title='bbox 2954 5583 3262 5656; x_wconf 88' lang='lat' dir='ltr'>nostrum,</span> <span class='ocrx_word' id='word_1_445' title='bbox 3301 5574 3481 5638; x_wconf 88' lang='lat' dir='ltr'>nobis</span> <span class='ocrx_word' id='word_1_446' title='bbox 3530 5573 3832 5637; x_wconf 86' lang='lat' dir='ltr'>heredem</span> <span class='ocrx_word' id='word_1_447' title='bbox 3881 5581 3944 5637; x_wconf 90' lang='lat' dir='ltr'>et</span> <span class='ocrx_word' id='word_1_448' title='bbox 3992 5593 4425 5636; x_wconf 85' lang='lat' dir='ltr'>successorem</span> <span class='ocrx_word' id='word_1_449' title='bbox 4474 5571 4876 5658; x_wconf 87' lang='lat' dir='ltr'>legiptimum</span> 
     </span>
     <span class='ocr_line' id='line_1_42' title="bbox 1244 5678 4875 5767; baseline -0.001 -24"><span class='ocrx_word' id='word_1_450' title='bbox 1244 5680 1638 5745; x_wconf 87' lang='lat' dir='ltr'>instituimus</span> <span class='ocrx_word' id='word_1_451' title='bbox 1699 5682 1765 5745; x_wconf 92' lang='lat' dir='ltr'>in</span> <span class='ocrx_word' id='word_1_452' title='bbox 1829 5682 2124 5746; x_wconf 88' lang='lat' dir='ltr'>omnibus</span> <span class='ocrx_word' id='word_1_453' title='bbox 2188 5682 2419 5746; x_wconf 87' lang='lat' dir='ltr'>nostris</span> <span class='ocrx_word' id='word_1_454' title='bbox 2481 5682 2836 5767; x_wconf 88' lang='lat' dir='ltr'>privilegiis</span> <span class='ocrx_word' id='word_1_455' title='bbox 2899 5682 3339 5767; x_wconf 89' lang='lat' dir='ltr'>imperialibus</span> <span class='ocrx_word' id='word_1_456' title='bbox 3403 5702 3526 5766; x_wconf 91' lang='lat' dir='ltr'>que</span> <span class='ocrx_word' id='word_1_457' title='bbox 3589 5680 3943 5762; x_wconf 83' lang='lat' dir='ltr'>habemus,</span> <span class='ocrx_word' id='word_1_458' title='bbox 3994 5688 4057 5743; x_wconf 90' lang='lat' dir='ltr'>et</span> <span class='ocrx_word' id='word_1_459' title='bbox 4120 5679 4322 5743; x_wconf 90' lang='lat' dir='ltr'>nostri</span> <span class='ocrx_word' id='word_1_460' title='bbox 4390 5678 4875 5764; x_wconf 84' lang='lat' dir='ltr'>predecessores</span> 
     </span>
     <span class='ocr_line' id='line_1_43' title="bbox 1245 5786 4876 5875; baseline -0.001 -25"><span class='ocrx_word' id='word_1_461' title='bbox 1245 5787 1608 5851; x_wconf 90' lang='lat' dir='ltr'>habuerant</span> <span class='ocrx_word' id='word_1_462' title='bbox 1656 5809 1694 5852; x_wconf 91' lang='lat' dir='ltr'>a</span> <span class='ocrx_word' id='word_1_463' title='bbox 1740 5797 2028 5875; x_wconf 88' lang='lat' dir='ltr'>tempore</span> <span class='ocrx_word' id='word_1_464' title='bbox 2077 5789 2294 5872; x_wconf 88' lang='lat' dir='ltr'>magni</span> <span class='ocrx_word' id='word_1_465' title='bbox 2343 5789 2514 5872; x_wconf 88' lang='lat' dir='ltr'>regis</span> <span class='ocrx_word' id='word_1_466' title='bbox 2561 5788 2795 5852; x_wconf 87' lang='lat' dir='ltr'>Karuli</span> <span class='ocrx_word' id='word_1_467' title='bbox 2841 5790 3022 5870; x_wconf 87' lang='lat' dir='ltr'>citra,</span> <span class='ocrx_word' id='word_1_468' title='bbox 3072 5795 3135 5853; x_wconf 90' lang='lat' dir='ltr'>et</span> <span class='ocrx_word' id='word_1_469' title='bbox 3183 5790 3266 5852; x_wconf 90' lang='lat' dir='ltr'>ab</span> <span class='ocrx_word' id='word_1_470' title='bbox 3315 5789 3453 5875; x_wconf 89' lang='lat' dir='ltr'>ipso</span> <span class='ocrx_word' id='word_1_471' title='bbox 3502 5788 3759 5852; x_wconf 89' lang='lat' dir='ltr'>domino</span> <span class='ocrx_word' id='word_1_472' title='bbox 3808 5811 3960 5872; x_wconf 88' lang='lat' dir='ltr'>rege</span> <span class='ocrx_word' id='word_1_473' title='bbox 4010 5787 4259 5850; x_wconf 88' lang='lat' dir='ltr'>Karulo</span> <span class='ocrx_word' id='word_1_474' title='bbox 4316 5793 4380 5850; x_wconf 91' lang='lat' dir='ltr'>et</span> <span class='ocrx_word' id='word_1_475' title='bbox 4442 5786 4523 5849; x_wconf 90' lang='lat' dir='ltr'>ab</span> <span class='ocrx_word' id='word_1_476' title='bbox 4582 5786 4876 5849; x_wconf 87' lang='lat' dir='ltr'>omnibus</span> 
     </span>
     <span class='ocr_line' id='line_1_44' title="bbox 1246 5891 4875 5982; baseline -0.001 -24"><span class='ocrx_word' id='word_1_477' title='bbox 1246 5895 1389 5958; x_wconf 87' lang='lat' dir='ltr'>aliis</span> <span class='ocrx_word' id='word_1_478' title='bbox 1437 5896 1833 5982; x_wconf 89' lang='lat' dir='ltr'>principibus</span> <span class='ocrx_word' id='word_1_479' title='bbox 1881 5905 1944 5960; x_wconf 91' lang='lat' dir='ltr'>et</span> <span class='ocrx_word' id='word_1_480' title='bbox 1995 5918 2403 5960; x_wconf 85' lang='lat' dir='ltr'>romanorum</span> <span class='ocrx_word' id='word_1_481' title='bbox 2455 5896 2947 5982; x_wconf 89' lang='lat' dir='ltr'>imperatoribus</span> <span class='ocrx_word' id='word_1_482' title='bbox 2995 5918 3197 5981; x_wconf 90' lang='lat' dir='ltr'>usque</span> <span class='ocrx_word' id='word_1_483' title='bbox 3242 5918 3429 5978; x_wconf 89' lang='lat' dir='ltr'>nunc,</span> <span class='ocrx_word' id='word_1_484' title='bbox 3464 5896 3680 5959; x_wconf 87' lang='lat' dir='ltr'>taliter</span> <span class='ocrx_word' id='word_1_485' title='bbox 3728 5896 3895 5981; x_wconf 85' lang='lat' dir='ltr'>quod</span> <span class='ocrx_word' id='word_1_486' title='bbox 3945 5894 4152 5958; x_wconf 88' lang='lat' dir='ltr'>dictus</span> <span class='ocrx_word' id='word_1_487' title='bbox 4200 5894 4368 5957; x_wconf 87' lang='lat' dir='ltr'>filius</span> <span class='ocrx_word' id='word_1_488' title='bbox 4416 5900 4632 5956; x_wconf 86' lang='lat' dir='ltr'>noster</span> <span class='ocrx_word' id='word_1_489' title='bbox 4668 5891 4875 5955; x_wconf 90' lang='lat' dir='ltr'>Bran·</span> 
     </span>
     <span class='ocr_line' id='line_1_45' title="bbox 1245 6001 4876 6090; baseline -0.001 -22"><span class='ocrx_word' id='word_1_490' title='bbox 1245 6005 1512 6068; x_wconf 87' lang='lat' dir='ltr'>dalisius</span> <span class='ocrx_word' id='word_1_491' title='bbox 1561 6011 1626 6069; x_wconf 91' lang='lat' dir='ltr'>et</span> <span class='ocrx_word' id='word_1_492' title='bbox 1672 6006 1812 6090; x_wconf 88' lang='lat' dir='ltr'>ejus</span> <span class='ocrx_word' id='word_1_493' title='bbox 1859 6004 1974 6067; x_wconf 92' lang='lat' dir='ltr'>filii</span> <span class='ocrx_word' id='word_1_494' title='bbox 2021 6004 2340 6089; x_wconf 88' lang='lat' dir='ltr'>legiptimi</span> <span class='ocrx_word' id='word_1_495' title='bbox 2386 6004 2799 6089; x_wconf 87' lang='lat' dir='ltr'>primogeniti</span> <span class='ocrx_word' id='word_1_496' title='bbox 2847 6004 3047 6089; x_wconf 88' lang='lat' dir='ltr'>possit</span> <span class='ocrx_word' id='word_1_497' title='bbox 3095 6011 3159 6067; x_wconf 89' lang='lat' dir='ltr'>et</span> <span class='ocrx_word' id='word_1_498' title='bbox 3205 6004 3450 6089; x_wconf 86' lang='lat' dir='ltr'>possint</span> <span class='ocrx_word' id='word_1_499' title='bbox 3496 6001 4216 6089; x_wconf 73' lang='lat' dir='ltr'>perpetu0,8ecundu1n</span> <span class='ocrx_word' id='word_1_500' title='bbox 4255 6002 4528 6065; x_wconf 87' lang='lat' dir='ltr'>formam</span> <span class='ocrx_word' id='word_1_501' title='bbox 4561 6009 4625 6063; x_wconf 90' lang='lat' dir='ltr'>et</span> <span class='ocrx_word' id='word_1_502' title='bbox 4659 6007 4876 6064; x_wconf 89' lang='lat' dir='ltr'>aucto-</span> 
     </span>
     <span class='ocr_line' id='line_1_46' title="bbox 1245 6107 4877 6199; baseline -0.002 -23"><span class='ocrx_word' id='word_1_503' title='bbox 1245 6113 1502 6176; x_wconf 86' lang='lat' dir='ltr'>ritatem</span> <span class='ocrx_word' id='word_1_504' title='bbox 1550 6113 1864 6176; x_wconf 88' lang='lat' dir='ltr'>dictorum</span> <span class='ocrx_word' id='word_1_505' title='bbox 1913 6111 2431 6199; x_wconf 87' lang='lat' dir='ltr'>privilegiorum,</span> <span class='ocrx_word' id='word_1_506' title='bbox 2482 6110 2925 6196; x_wconf 85' lang='lat' dir='ltr'>legiptimare,</span> <span class='ocrx_word' id='word_1_507' title='bbox 2974 6119 3039 6174; x_wconf 89' lang='lat' dir='ltr'>et</span> <span class='ocrx_word' id='word_1_508' title='bbox 3088 6112 3369 6176; x_wconf 88' lang='lat' dir='ltr'>notarios</span> <span class='ocrx_word' id='word_1_509' title='bbox 3430 6118 3492 6174; x_wconf 89' lang='lat' dir='ltr'>et</span> <span class='ocrx_word' id='word_1_510' title='bbox 3548 6109 3801 6196; x_wconf 88' lang='lat' dir='ltr'>judices</span> <span class='ocrx_word' id='word_1_511' title='bbox 3849 6109 4206 6173; x_wconf 88' lang='lat' dir='ltr'>ordinarios</span> <span class='ocrx_word' id='word_1_512' title='bbox 4254 6108 4504 6190; x_wconf 87' lang='lat' dir='ltr'>facere,</span> <span class='ocrx_word' id='word_1_513' title='bbox 4552 6114 4616 6171; x_wconf 89' lang='lat' dir='ltr'>et</span> <span class='ocrx_word' id='word_1_514' title='bbox 4662 6107 4877 6170; x_wconf 89' lang='lat' dir='ltr'>omnia</span> 
     </span>
    </p>
   </div>
   <div class='ocr_carea' id='block_1_5' title="bbox 1404 6449 2209 6520">
    <p class='ocr_par' dir='ltr' id='par_1_9' title="bbox 1404 6449 2209 6520">
     <span class='ocr_line' id='line_1_47' title="bbox 1404 6449 2209 6520; baseline -0.001 -20"><span class='ocrx_word' id='word_1_515' title='bbox 1404 6453 1481 6517; x_wconf 86' lang='grc'>(1)</span> <span class='ocrx_word' id='word_1_516' title='bbox 1524 6450 1586 6501; x_wconf 88' lang='lat' dir='ltr'>In</span> <span class='ocrx_word' id='word_1_517' title='bbox 1625 6449 1957 6520; x_wconf 83' lang='lat' dir='ltr'>aphografo:</span> <span class='ocrx_word' id='word_1_518' title='bbox 1989 6450 2209 6516; x_wconf 72' lang='lat' dir='ltr'>pudori.</span> 
     </span>
    </p>
   </div>
   <div class='ocr_carea' id='block_1_6' title="bbox 5429 2745 5442 3259">
    <p class='ocr_par' dir='ltr' id='par_1_10' title="bbox 5429 2745 5442 3259">
     <span class='ocr_line' id='line_1_48' title="bbox 5429 2745 5442 3259; baseline 0 0"><span class='ocrx_word' id='word_1_519' title='bbox 5429 2745 5442 3259; x_wconf 95' lang='lat' dir='ltr'> </span> 
     </span>
    </p>
   </div>
  </div>
 </body>
</html>
