<?xml version="1.0" encoding="UTF-8"?>
<!DOCTYPE html PUBLIC "-//W3C//DTD XHTML 1.0 Transitional//EN"
    "http://www.w3.org/TR/xhtml1/DTD/xhtml1-transitional.dtd">
<html xmlns="http://www.w3.org/1999/xhtml" xml:lang="en" lang="en">
 <head>
  <title>
</title>
<meta http-equiv="Content-Type" content="text/html;charset=utf-8" />
  <meta name='ocr-system' content='tesseract 3.04.00' />
  <meta name='ocr-capabilities' content='ocr_page ocr_carea ocr_par ocr_line ocrx_word'/>
</head>
<body>
  <div class='ocr_page' id='page_1' title='image "./declarisarchigy00malagoog_0121.png"; bbox 0 0 5542 7775; ppageno 0'>
   <div class='ocr_carea' id='block_1_1' title="bbox 1570 637 4268 708">
    <p class='ocr_par' dir='ltr' id='par_1_1' title="bbox 1570 637 4268 708">
     <span class='ocr_line' id='line_1_1' title="bbox 1570 637 4268 708; baseline 0.001 -4"><span class='ocrx_word' id='word_1_1' title='bbox 1570 656 2031 706; x_wconf 81' lang='lat' dir='ltr'><strong><em>SPECTANTIA</em></strong></span> <span class='ocrx_word' id='word_1_2' title='bbox 2088 656 2191 706; x_wconf 79' lang='lat' dir='ltr'><strong><em>AD</em></strong></span> <span class='ocrx_word' id='word_1_3' title='bbox 2248 656 2757 708; x_wconf 74' lang='lat' dir='ltr'>PROFESSORES</span> <span class='ocrx_word' id='word_1_4' title='bbox 2814 658 3025 708; x_wconf 78' lang='lat' dir='ltr'><strong>JURIS</strong></span> <span class='ocrx_word' id='word_1_5' title='bbox 3081 658 3348 708; x_wconf 81' lang='lat' dir='ltr'><strong><em>CIVILIS</em></strong></span> <span class='ocrx_word' id='word_1_6' title='bbox 4124 637 4268 708; x_wconf 76' lang='lat'><strong><em>129</em></strong></span> 
     </span>
    </p>
   </div>
   <div class='ocr_carea' id='block_1_2' title="bbox 631 810 4291 6588">
    <p class='ocr_par' dir='ltr' id='par_1_2' title="bbox 631 810 4291 6588">
     <span class='ocr_line' id='line_1_2' title="bbox 631 810 4279 898; baseline 0.002 -24"><span class='ocrx_word' id='word_1_7' title='bbox 631 812 965 896; x_wconf 78' lang='lat' dir='ltr'><strong><em>presentia,</em></strong></span> <span class='ocrx_word' id='word_1_8' title='bbox 998 811 1087 874; x_wconf 74' lang='lat' dir='ltr'><strong><em>vel</em></strong></span> <span class='ocrx_word' id='word_1_9' title='bbox 1118 811 1311 895; x_wconf 89' lang='lat' dir='ltr'><strong><em>ipsius</em></strong></span> <span class='ocrx_word' id='word_1_10' title='bbox 1342 812 1553 895; x_wconf 84' lang='lat' dir='ltr'><strong><em>patris</em></strong></span> <span class='ocrx_word' id='word_1_11' title='bbox 1596 812 1982 893; x_wconf 78' lang='lat' dir='ltr'><strong><em>sanctissimi,</em></strong></span> <span class='ocrx_word' id='word_1_12' title='bbox 2014 813 2070 874; x_wconf 88' lang='lat' dir='ltr'><strong><em>si</em></strong></span> <span class='ocrx_word' id='word_1_13' title='bbox 2113 810 2307 875; x_wconf 81' lang='lat' dir='ltr'><strong><em>eidem</em></strong></span> <span class='ocrx_word' id='word_1_14' title='bbox 2337 811 2581 876; x_wconf 87' lang='lat' dir='ltr'><strong><em>domino</em></strong></span> <span class='ocrx_word' id='word_1_15' title='bbox 2608 833 2766 896; x_wconf 90' lang='lat' dir='ltr'><strong><em>pape</em></strong></span> <span class='ocrx_word' id='word_1_16' title='bbox 2799 811 3119 895; x_wconf 82' lang='lat' dir='ltr'><strong><em>videbitur,</em></strong></span> <span class='ocrx_word' id='word_1_17' title='bbox 3151 814 3465 897; x_wconf 78' lang='lat' dir='ltr'><strong><em>recipienti</em></strong></span> <span class='ocrx_word' id='word_1_18' title='bbox 3493 834 3605 877; x_wconf 90' lang='lat' dir='ltr'><strong><em>suo</em></strong></span> <span class='ocrx_word' id='word_1_19' title='bbox 3633 817 3898 898; x_wconf 87' lang='lat' dir='ltr'><strong><em>nomine,</em></strong></span> <span class='ocrx_word' id='word_1_20' title='bbox 3931 824 3985 881; x_wconf 84' lang='lat' dir='ltr'><strong><em>et</em></strong></span> <span class='ocrx_word' id='word_1_21' title='bbox 4016 815 4279 882; x_wconf 87' lang='lat' dir='ltr'><strong><em>Ecclesie</em></strong></span> 
     </span>
     <span class='ocr_line' id='line_1_3' title="bbox 648 917 4279 1007; baseline 0.002 -25"><span class='ocrx_word' id='word_1_22' title='bbox 648 926 972 983; x_wconf 86' lang='lat' dir='ltr'><strong><em>memorate</em></strong></span> <span class='ocrx_word' id='word_1_23' title='bbox 1016 940 1155 982; x_wconf 87' lang='lat' dir='ltr'><strong><em>cum</em></strong></span> <span class='ocrx_word' id='word_1_24' title='bbox 1200 921 1535 983; x_wconf 73' lang='lat' dir='ltr'><strong><em>reverentia</em></strong></span> <span class='ocrx_word' id='word_1_25' title='bbox 1582 925 1637 983; x_wconf 89' lang='lat' dir='ltr'><strong><em>et</em></strong></span> <span class='ocrx_word' id='word_1_26' title='bbox 1678 917 2043 1001; x_wconf 79' lang='lat' dir='ltr'><strong><em>humilitate,</em></strong></span> <span class='ocrx_word' id='word_1_27' title='bbox 2078 920 2386 1003; x_wconf 89' lang='lat' dir='ltr'><strong><em>premissa</em></strong></span> <span class='ocrx_word' id='word_1_28' title='bbox 2431 920 2638 982; x_wconf 89' lang='lat' dir='ltr'><strong><em>omnia</em></strong></span> <span class='ocrx_word' id='word_1_29' title='bbox 2683 926 2737 983; x_wconf 90' lang='lat' dir='ltr'><strong><em>et</em></strong></span> <span class='ocrx_word' id='word_1_30' title='bbox 2780 919 3028 1003; x_wconf 78' lang='lat' dir='ltr'><strong><em>sinqula</em></strong></span> <span class='ocrx_word' id='word_1_31' title='bbox 3073 920 3429 1003; x_wconf 83' lang='lat' dir='ltr'><strong><em>confessata,</em></strong></span> <span class='ocrx_word' id='word_1_32' title='bbox 3477 929 3685 986; x_wconf 91' lang='lat' dir='ltr'><strong><em>notata</em></strong></span> <span class='ocrx_word' id='word_1_33' title='bbox 3704 972 3721 1004; x_wconf 90' lang='lat'><strong><em>,</em></strong></span> <span class='ocrx_word' id='word_1_34' title='bbox 3759 925 4096 1007; x_wconf 82' lang='lat' dir='ltr'><strong><em>premissa,</em></strong></span> <span class='ocrx_word' id='word_1_35' title='bbox 4140 933 4279 990; x_wconf 88' lang='lat' dir='ltr'><strong><em>acta</em></strong></span> 
     </span>
     <span class='ocr_line' id='line_1_4' title="bbox 646 1024 4278 1116; baseline 0.001 -25"><span class='ocrx_word' id='word_1_36' title='bbox 646 1033 701 1091; x_wconf 87' lang='lat' dir='ltr'><strong><em>et</em></strong></span> <span class='ocrx_word' id='word_1_37' title='bbox 741 1033 908 1110; x_wconf 74' lang='lat' dir='ltr'><strong><em>qesta</em></strong></span> <span class='ocrx_word' id='word_1_38' title='bbox 951 1046 1157 1090; x_wconf 89' lang='lat' dir='ltr'><strong><em>coram</em></strong></span> <span class='ocrx_word' id='word_1_39' title='bbox 1192 1025 1439 1111; x_wconf 83' lang='lat' dir='ltr'><strong><em>prefato</em></strong></span> <span class='ocrx_word' id='word_1_40' title='bbox 1483 1045 1720 1089; x_wconf 87' lang='lat' dir='ltr'><strong><em>summo</em></strong></span> <span class='ocrx_word' id='word_1_41' title='bbox 1753 1033 1940 1110; x_wconf 90' lang='lat' dir='ltr'><strong><em>patre</em></strong></span> <span class='ocrx_word' id='word_1_42' title='bbox 1983 1027 2052 1088; x_wconf 87' lang='lat' dir='ltr'><strong><em>in</em></strong></span> <span class='ocrx_word' id='word_1_43' title='bbox 2099 1026 2230 1109; x_wconf 71' lang='lat' dir='ltr'><strong><em>eius</em></strong></span> <span class='ocrx_word' id='word_1_44' title='bbox 2264 1024 2512 1110; x_wconf 86' lang='lat' dir='ltr'><strong><em>publico</em></strong></span> <span class='ocrx_word' id='word_1_45' title='bbox 2563 1024 2949 1109; x_wconf 87' lang='lat' dir='ltr'><strong><em>Consistorio,</em></strong></span> <span class='ocrx_word' id='word_1_46' title='bbox 2982 1034 3036 1091; x_wconf 93' lang='lat' dir='ltr'><strong><em>et</em></strong></span> <span class='ocrx_word' id='word_1_47' title='bbox 3082 1028 3214 1110; x_wconf 82' lang='lat' dir='ltr'><strong><em>ejus</em></strong></span> <span class='ocrx_word' id='word_1_48' title='bbox 3255 1030 3499 1092; x_wconf 86' lang='lat' dir='ltr'><strong><em>nomine</em></strong></span> <span class='ocrx_word' id='word_1_49' title='bbox 3544 1049 3662 1113; x_wconf 90' lang='lat' dir='ltr'><strong><em>quo</em></strong></span> <span class='ocrx_word' id='word_1_50' title='bbox 3704 1051 3919 1114; x_wconf 88' lang='lat' dir='ltr'><strong><em>supra,</em></strong></span> <span class='ocrx_word' id='word_1_51' title='bbox 3968 1033 4278 1116; x_wconf 84' lang='lat' dir='ltr'><strong><em>recipienti</em></strong></span> 
     </span>
     <span class='ocr_line' id='line_1_5' title="bbox 640 1131 4278 1222; baseline 0.002 -23"><span class='ocrx_word' id='word_1_52' title='bbox 640 1156 755 1219; x_wconf 87' lang='lat' dir='ltr'><strong><em>per</em></strong></span> <span class='ocrx_word' id='word_1_53' title='bbox 800 1133 1160 1198; x_wconf 76' lang='lat' dir='ltr'><strong><em>Rotundum</em></strong></span> <span class='ocrx_word' id='word_1_54' title='bbox 1207 1133 1517 1217; x_wconf 87' lang='lat' dir='ltr'><strong><em>quondam</em></strong></span> <span class='ocrx_word' id='word_1_55' title='bbox 1556 1132 1787 1216; x_wconf 81' lang='lat' dir='ltr'><strong><em>fratris</em></strong></span> <span class='ocrx_word' id='word_1_56' title='bbox 1832 1132 2141 1196; x_wconf 80' lang='lat' dir='ltr'><strong><em>Johannis</em></strong></span> <span class='ocrx_word' id='word_1_57' title='bbox 2200 1132 2277 1197; x_wconf 91' lang='lat' dir='ltr'><strong><em>de</em></strong></span> <span class='ocrx_word' id='word_1_58' title='bbox 2334 1131 2657 1217; x_wconf 74' lang='lat' dir='ltr'><strong><em>Fantucjis</em></strong></span> <span class='ocrx_word' id='word_1_59' title='bbox 2715 1133 3050 1197; x_wconf 87' lang='lat' dir='ltr'><strong><em>sindicario</em></strong></span> <span class='ocrx_word' id='word_1_60' title='bbox 3107 1137 3352 1199; x_wconf 89' lang='lat' dir='ltr'><strong><em>nomine</em></strong></span> <span class='ocrx_word' id='word_1_61' title='bbox 3404 1135 3558 1201; x_wconf 91' lang='lat' dir='ltr'><strong><em>dicte</em></strong></span> <span class='ocrx_word' id='word_1_62' title='bbox 3609 1138 3865 1202; x_wconf 82' lang='lat' dir='ltr'><strong><em>civitatis</em></strong></span> <span class='ocrx_word' id='word_1_63' title='bbox 3910 1146 3965 1203; x_wconf 92' lang='lat' dir='ltr'><strong><em>et</em></strong></span> <span class='ocrx_word' id='word_1_64' title='bbox 4009 1140 4278 1222; x_wconf 77' lang='lat' dir='ltr'><strong><em>ejusdem</em></strong></span> 
     </span>
     <span class='ocr_line' id='line_1_6' title="bbox 650 1238 4276 1330; baseline 0.002 -26"><span class='ocrx_word' id='word_1_65' title='bbox 650 1240 1025 1321; x_wconf 88' lang='lat' dir='ltr'><strong><em>Communis,</em></strong></span> <span class='ocrx_word' id='word_1_66' title='bbox 1072 1238 1494 1304; x_wconf 79' lang='lat' dir='ltr'><strong><em>Unicersitatis</em></strong></span> <span class='ocrx_word' id='word_1_67' title='bbox 1539 1246 1593 1303; x_wconf 93' lang='lat' dir='ltr'><strong><em>et</em></strong></span> <span class='ocrx_word' id='word_1_68' title='bbox 1634 1240 1848 1324; x_wconf 87' lang='lat' dir='ltr'><strong><em>populi</em></strong></span> <span class='ocrx_word' id='word_1_69' title='bbox 1876 1241 2039 1303; x_wconf 90' lang='lat' dir='ltr'><strong><em>circa</em></strong></span> <span class='ocrx_word' id='word_1_70' title='bbox 2071 1240 2617 1304; x_wconf 80' lang='lat' dir='ltr'><strong><em>reconciliationem</em></strong></span> <span class='ocrx_word' id='word_1_71' title='bbox 2646 1246 2794 1303; x_wconf 87' lang='lat' dir='ltr'><strong><em>tunc</em></strong></span> <span class='ocrx_word' id='word_1_72' title='bbox 2817 1239 3050 1323; x_wconf 81' lang='lat' dir='ltr'><strong><em>factam</em></strong></span> <span class='ocrx_word' id='word_1_73' title='bbox 3084 1242 3244 1305; x_wconf 87' lang='lat' dir='ltr'><strong><em>inter</em></strong></span> <span class='ocrx_word' id='word_1_74' title='bbox 3263 1241 3584 1325; x_wconf 83' lang='lat' dir='ltr'><strong><em>prefatum</em></strong></span> <span class='ocrx_word' id='word_1_75' title='bbox 3615 1243 3933 1308; x_wconf 85' lang='lat' dir='ltr'><strong><em>dominum</em></strong></span> <span class='ocrx_word' id='word_1_76' title='bbox 3955 1268 4193 1330; x_wconf 89' lang='lat' dir='ltr'><strong><em>papam</em></strong></span> <span class='ocrx_word' id='word_1_77' title='bbox 4223 1254 4276 1311; x_wconf 88' lang='lat' dir='ltr'><strong><em>et</em></strong></span> 
     </span>
     <span class='ocr_line' id='line_1_7' title="bbox 647 1345 4276 1438; baseline 0.002 -26"><span class='ocrx_word' id='word_1_78' title='bbox 647 1369 967 1413; x_wconf 81' lang='lat' dir='ltr'><strong><em>romanam</em></strong></span> <span class='ocrx_word' id='word_1_79' title='bbox 1011 1346 1347 1411; x_wconf 82' lang='lat' dir='ltr'><strong><em>Ecclesiam</em></strong></span> <span class='ocrx_word' id='word_1_80' title='bbox 1390 1368 1462 1410; x_wconf 89' lang='lat' dir='ltr'><strong><em>ac</em></strong></span> <span class='ocrx_word' id='word_1_81' title='bbox 1513 1345 1846 1410; x_wconf 80' lang='lat' dir='ltr'><strong><em>Commune</em></strong></span> <span class='ocrx_word' id='word_1_82' title='bbox 1873 1345 2252 1429; x_wconf 81' lang='lat' dir='ltr'><strong><em>bononiense,</em></strong></span> <span class='ocrx_word' id='word_1_83' title='bbox 2297 1348 2469 1428; x_wconf 90' lang='lat' dir='ltr'><strong><em>cives,</em></strong></span> <span class='ocrx_word' id='word_1_84' title='bbox 2507 1345 2776 1411; x_wconf 85' lang='lat' dir='ltr'><strong><em>subditos</em></strong></span> <span class='ocrx_word' id='word_1_85' title='bbox 2821 1354 2874 1410; x_wconf 91' lang='lat' dir='ltr'><strong><em>et</em></strong></span> <span class='ocrx_word' id='word_1_86' title='bbox 2919 1348 3328 1412; x_wconf 88' lang='lat' dir='ltr'><strong><em>districtuales</em></strong></span> <span class='ocrx_word' id='word_1_87' title='bbox 3372 1350 3637 1432; x_wconf 74' lang='lat' dir='ltr'><strong><em>ejusdem</em></strong></span> <span class='ocrx_word' id='word_1_88' title='bbox 3679 1352 3858 1435; x_wconf 86' lang='lat' dir='ltr'><strong><em>plene</em></strong></span> <span class='ocrx_word' id='word_1_89' title='bbox 3888 1360 3943 1417; x_wconf 88' lang='lat' dir='ltr'><strong><em>et</em></strong></span> <span class='ocrx_word' id='word_1_90' title='bbox 3982 1374 4276 1438; x_wconf 72' lang='lat' dir='ltr'><strong><em>capresse,</em></strong></span> 
     </span>
     <span class='ocr_line' id='line_1_8' title="bbox 631 1453 4275 1544; baseline 0.002 -25"><span class='ocrx_word' id='word_1_91' title='bbox 631 1477 800 1541; x_wconf 91' lang='lat' dir='ltr'><strong><em>pure</em></strong></span> <span class='ocrx_word' id='word_1_92' title='bbox 845 1462 899 1519; x_wconf 90' lang='lat' dir='ltr'><strong><em>et</em></strong></span> <span class='ocrx_word' id='word_1_93' title='bbox 943 1455 1318 1539; x_wconf 85' lang='lat' dir='ltr'><strong><em>simpliciter,</em></strong></span> <span class='ocrx_word' id='word_1_94' title='bbox 1345 1455 1716 1539; x_wconf 75' lang='lat' dir='ltr'><strong><em>qeneraliter</em></strong></span> <span class='ocrx_word' id='word_1_95' title='bbox 1758 1474 1866 1517; x_wconf 87' lang='lat' dir='ltr'><strong><em>seu</em></strong></span> <span class='ocrx_word' id='word_1_96' title='bbox 1909 1454 2269 1538; x_wconf 80' lang='lat' dir='ltr'><strong><em>specialiter,</em></strong></span> <span class='ocrx_word' id='word_1_97' title='bbox 2314 1474 2387 1517; x_wconf 94' lang='lat' dir='ltr'><strong><em>ac</em></strong></span> <span class='ocrx_word' id='word_1_98' title='bbox 2430 1453 2505 1516; x_wconf 89' lang='lat' dir='ltr'><strong><em>de</em></strong></span> <span class='ocrx_word' id='word_1_99' title='bbox 2550 1455 2815 1538; x_wconf 89' lang='lat' dir='ltr'><strong><em>capitulo</em></strong></span> <span class='ocrx_word' id='word_1_100' title='bbox 2857 1454 2944 1519; x_wconf 83' lang='lat' dir='ltr'><strong><em>ad</em></strong></span> <span class='ocrx_word' id='word_1_101' title='bbox 2988 1456 3326 1538; x_wconf 90' lang='lat' dir='ltr'><strong><em>capitulum</em></strong></span> <span class='ocrx_word' id='word_1_102' title='bbox 3372 1458 3440 1519; x_wconf 89' lang='lat' dir='ltr'><strong><em>in</em></strong></span> <span class='ocrx_word' id='word_1_103' title='bbox 3485 1456 3764 1521; x_wconf 87' lang='lat' dir='ltr'><strong><em>omn-ibus</em></strong></span> <span class='ocrx_word' id='word_1_104' title='bbox 3809 1467 3863 1523; x_wconf 90' lang='lat' dir='ltr'><strong><em>et</em></strong></span> <span class='ocrx_word' id='word_1_105' title='bbox 3895 1481 4018 1544; x_wconf 91' lang='lat' dir='ltr'><strong><em>per</em></strong></span> <span class='ocrx_word' id='word_1_106' title='bbox 4047 1464 4275 1544; x_wconf 89' lang='lat' dir='ltr'><strong><em>omnia,</em></strong></span> 
     </span>
     <span class='ocr_line' id='line_1_9' title="bbox 632 1560 4277 1648; baseline 0.002 -22"><span class='ocrx_word' id='word_1_107' title='bbox 632 1570 826 1647; x_wconf 89' lang='lat' dir='ltr'><strong><em>prout</em></strong></span> <span class='ocrx_word' id='word_1_108' title='bbox 865 1564 932 1626; x_wconf 84' lang='lat' dir='ltr'><strong><em>in</em></strong></span> <span class='ocrx_word' id='word_1_109' title='bbox 974 1570 1116 1625; x_wconf 90' lang='lat' dir='ltr'><strong><em>nota</em></strong></span> <span class='ocrx_word' id='word_1_110' title='bbox 1148 1569 1202 1625; x_wconf 91' lang='lat' dir='ltr'><strong><em>et</em></strong></span> <span class='ocrx_word' id='word_1_111' title='bbox 1235 1563 1636 1625; x_wconf 87' lang='lat' dir='ltr'><strong><em>instrumento</em></strong></span> <span class='ocrx_word' id='word_1_112' title='bbox 1680 1582 1752 1624; x_wconf 93' lang='lat' dir='ltr'><strong><em>ac</em></strong></span> <span class='ocrx_word' id='word_1_113' title='bbox 1783 1561 1977 1625; x_wconf 88' lang='lat' dir='ltr'><strong><em>literis</em></strong></span> <span class='ocrx_word' id='word_1_114' title='bbox 2018 1561 2356 1644; x_wconf 88' lang='lat' dir='ltr'><strong><em>apostolicis</em></strong></span> <span class='ocrx_word' id='word_1_115' title='bbox 2401 1560 2618 1625; x_wconf 73' lang='lat' dir='ltr'><strong><em>exinde</em></strong></span> <span class='ocrx_word' id='word_1_116' title='bbox 2660 1563 2877 1625; x_wconf 86' lang='lat' dir='ltr'><strong><em>secutis</em></strong></span> <span class='ocrx_word' id='word_1_117' title='bbox 2910 1561 3162 1645; x_wconf 81' lang='lat' dir='ltr'><strong><em>plenius</em></strong></span> <span class='ocrx_word' id='word_1_118' title='bbox 3204 1564 3570 1645; x_wconf 85' lang='lat' dir='ltr'><strong><em>continetur,</em></strong></span> <span class='ocrx_word' id='word_1_119' title='bbox 3593 1563 3920 1648; x_wconf 89' lang='lat' dir='ltr'><strong><em>publicatis</em></strong></span> <span class='ocrx_word' id='word_1_120' title='bbox 3961 1569 4029 1630; x_wconf 89' lang='lat' dir='ltr'><strong><em>in</em></strong></span> <span class='ocrx_word' id='word_1_121' title='bbox 4076 1568 4277 1632; x_wconf 84' lang='lat' dir='ltr'><strong><em>eodem-</em></strong></span> 
     </span>
     <span class='ocr_line' id='line_1_10' title="bbox 650 1666 4277 1757; baseline 0.001 -23"><span class='ocrx_word' id='word_1_122' title='bbox 650 1669 1015 1734; x_wconf 89' lang='lat' dir='ltr'><strong><em>Consistorio</em></strong></span> <span class='ocrx_word' id='word_1_123' title='bbox 1059 1668 1169 1733; x_wconf 91' lang='lat' dir='ltr'><strong><em>sub</em></strong></span> <span class='ocrx_word' id='word_1_124' title='bbox 1216 1669 1399 1731; x_wconf 88' lang='lat' dir='ltr'><strong><em>annis</em></strong></span> <span class='ocrx_word' id='word_1_125' title='bbox 1444 1669 1780 1732; x_wconf 83' lang='lat' dir='ltr'><strong><em>nativitatis</em></strong></span> <span class='ocrx_word' id='word_1_126' title='bbox 1827 1668 2084 1731; x_wconf 86' lang='lat' dir='ltr'><strong><em>Domini</em></strong></span> <span class='ocrx_word' id='word_1_127' title='bbox 2141 1669 2336 1731; x_wconf 86' lang='lat' dir='ltr'><strong><em>nostri</em></strong></span> <span class='ocrx_word' id='word_1_128' title='bbox 2379 1666 2535 1731; x_wconf 90' lang='lat' dir='ltr'><strong><em>Jesu</em></strong></span> <span class='ocrx_word' id='word_1_129' title='bbox 2602 1666 2838 1731; x_wconf 80' lang='lat' dir='ltr'><strong><em>Christi</em></strong></span> <span class='ocrx_word' id='word_1_130' title='bbox 2888 1669 3207 1733; x_wconf 88' lang='lat' dir='ltr'><strong><em>millesimo</em></strong></span> <span class='ocrx_word' id='word_1_131' title='bbox 3251 1673 3660 1736; x_wconf 87' lang='lat' dir='ltr'><strong><em>trecentesimo</em></strong></span> <span class='ocrx_word' id='word_1_132' title='bbox 3704 1674 4013 1757; x_wconf 79' lang='lat' dir='ltr'><strong><em>triqesimo</em></strong></span> <span class='ocrx_word' id='word_1_133' title='bbox 4056 1682 4277 1757; x_wconf 75' lang='lat' dir='ltr'><strong><em>octavo,</em></strong></span> 
     </span>
     <span class='ocr_line' id='line_1_11' title="bbox 645 1774 4280 1867; baseline 0.001 -25"><span class='ocrx_word' id='word_1_134' title='bbox 645 1786 864 1864; x_wconf 86' lang='lat' dir='ltr'><strong><em>quarto</em></strong></span> <span class='ocrx_word' id='word_1_135' title='bbox 910 1777 1051 1841; x_wconf 89' lang='lat' dir='ltr'><strong><em>idus</em></strong></span> <span class='ocrx_word' id='word_1_136' title='bbox 1102 1775 1389 1859; x_wconf 85' lang='lat' dir='ltr'><strong><em>octobris,</em></strong></span> <span class='ocrx_word' id='word_1_137' title='bbox 1423 1774 1816 1860; x_wconf 82' lang='lat' dir='ltr'><strong><em>pontificatus</em></strong></span> <span class='ocrx_word' id='word_1_138' title='bbox 1859 1775 2128 1859; x_wconf 72' lang='lat' dir='ltr'><strong><em>ejusdem</em></strong></span> <span class='ocrx_word' id='word_1_139' title='bbox 2173 1777 2536 1839; x_wconf 87' lang='lat' dir='ltr'><strong><em>sanctissimi</em></strong></span> <span class='ocrx_word' id='word_1_140' title='bbox 2568 1777 2776 1860; x_wconf 88' lang='lat' dir='ltr'><strong><em>patris</em></strong></span> <span class='ocrx_word' id='word_1_141' title='bbox 2818 1797 2984 1839; x_wconf 88' lang='lat' dir='ltr'><strong><em>anno</em></strong></span> <span class='ocrx_word' id='word_1_142' title='bbox 3029 1783 3278 1861; x_wconf 87' lang='lat' dir='ltr'><strong><em>quarto,</em></strong></span> <span class='ocrx_word' id='word_1_143' title='bbox 3325 1798 3429 1842; x_wconf 86' lang='lat' dir='ltr'><strong><em>seu</em></strong></span> <span class='ocrx_word' id='word_1_144' title='bbox 3475 1779 3729 1863; x_wconf 79' lang='lat' dir='ltr'><strong><em>aliquod</em></strong></span> <span class='ocrx_word' id='word_1_145' title='bbox 3789 1781 3880 1844; x_wconf 84' lang='lat' dir='ltr'><strong><em>vel</em></strong></span> <span class='ocrx_word' id='word_1_146' title='bbox 3938 1783 4150 1867; x_wconf 88' lang='lat' dir='ltr'><strong><em>aliqua</em></strong></span> <span class='ocrx_word' id='word_1_147' title='bbox 4206 1804 4280 1846; x_wconf 68' lang='lat' dir='ltr'><strong><em>er</em></strong></span> 
     </span>
     <span class='ocr_line' id='line_1_12' title="bbox 632 1881 4277 1971; baseline 0.001 -22"><span class='ocrx_word' id='word_1_148' title='bbox 632 1886 948 1971; x_wconf 85' lang='lat' dir='ltr'><strong><em>predictis,</em></strong></span> <span class='ocrx_word' id='word_1_149' title='bbox 983 1892 1038 1949; x_wconf 89' lang='lat' dir='ltr'><strong><em>et</em></strong></span> <span class='ocrx_word' id='word_1_150' title='bbox 1084 1905 1200 1969; x_wconf 88' lang='lat' dir='ltr'><strong><em>que</em></strong></span> <span class='ocrx_word' id='word_1_151' title='bbox 1245 1904 1320 1947; x_wconf 72' lang='lat' dir='ltr'><strong><em>ex</em></strong></span> <span class='ocrx_word' id='word_1_152' title='bbox 1365 1885 1469 1966; x_wconf 89' lang='lat' dir='ltr'><strong><em>eis,</em></strong></span> <span class='ocrx_word' id='word_1_153' title='bbox 1502 1891 1556 1947; x_wconf 89' lang='lat' dir='ltr'><strong><em>et</em></strong></span> <span class='ocrx_word' id='word_1_154' title='bbox 1588 1890 1782 1967; x_wconf 87' lang='lat' dir='ltr'><strong><em>prout</em></strong></span> <span class='ocrx_word' id='word_1_155' title='bbox 1826 1883 2049 1948; x_wconf 90' lang='lat' dir='ltr'><strong><em>eisdem</em></strong></span> <span class='ocrx_word' id='word_1_156' title='bbox 2091 1881 2360 1946; x_wconf 85' lang='lat' dir='ltr'><strong><em>Sindicis</em></strong></span> <span class='ocrx_word' id='word_1_157' title='bbox 2388 1881 2689 1946; x_wconf 82' lang='lat' dir='ltr'><strong><em>videbitur</em></strong></span> <span class='ocrx_word' id='word_1_158' title='bbox 2717 1885 3054 1965; x_wconf 79' lang='lat' dir='ltr'><strong><em>convenire,</em></strong></span> <span class='ocrx_word' id='word_1_159' title='bbox 3088 1891 3141 1947; x_wconf 88' lang='lat' dir='ltr'><strong><em>et</em></strong></span> <span class='ocrx_word' id='word_1_160' title='bbox 3185 1884 3271 1947; x_wconf 86' lang='lat' dir='ltr'><strong><em>ad</em></strong></span> <span class='ocrx_word' id='word_1_161' title='bbox 3313 1883 3705 1969; x_wconf 83' lang='lat' dir='ltr'><strong><em>obliqandum</em></strong></span> <span class='ocrx_word' id='word_1_162' title='bbox 3751 1907 3813 1951; x_wconf 92' lang='lat' dir='ltr'><strong><em>se</em></strong></span> <span class='ocrx_word' id='word_1_163' title='bbox 3857 1895 3911 1952; x_wconf 91' lang='lat' dir='ltr'><strong><em>et</em></strong></span> <span class='ocrx_word' id='word_1_164' title='bbox 3973 1887 4277 1954; x_wconf 75' lang='lat' dir='ltr'><strong><em>Unieersi-</em></strong></span> 
     </span>
     <span class='ocr_line' id='line_1_13' title="bbox 644 1989 4279 2081; baseline 0.001 -24"><span class='ocrx_word' id='word_1_165' title='bbox 644 2000 821 2057; x_wconf 88' lang='lat' dir='ltr'><strong><em>tatem</em></strong></span> <span class='ocrx_word' id='word_1_166' title='bbox 858 1992 1202 2076; x_wconf 83' lang='lat' dir='ltr'><strong><em>predictam</em></strong></span> <span class='ocrx_word' id='word_1_167' title='bbox 1247 1991 1614 2073; x_wconf 87' lang='lat' dir='ltr'><strong><em>solemniter,</em></strong></span> <span class='ocrx_word' id='word_1_168' title='bbox 1662 1991 2008 2073; x_wconf 76' lang='lat' dir='ltr'><strong><em>efficaciter,</em></strong></span> <span class='ocrx_word' id='word_1_169' title='bbox 2046 2011 2186 2054; x_wconf 88' lang='lat' dir='ltr'><strong><em>cum</em></strong></span> <span class='ocrx_word' id='word_1_170' title='bbox 2226 1989 2503 2073; x_wconf 82' lang='lat' dir='ltr'><strong><em>qenerali</em></strong></span> <span class='ocrx_word' id='word_1_171' title='bbox 2546 1997 2600 2054; x_wconf 90' lang='lat' dir='ltr'><strong><em>et</em></strong></span> <span class='ocrx_word' id='word_1_172' title='bbox 2641 1990 2896 2054; x_wconf 86' lang='lat' dir='ltr'><strong><em>solemni</em></strong></span> <span class='ocrx_word' id='word_1_173' title='bbox 2927 1993 3332 2074; x_wconf 84' lang='lat' dir='ltr'><strong><em>promissione</em></strong></span> <span class='ocrx_word' id='word_1_174' title='bbox 3363 1999 3416 2056; x_wconf 89' lang='lat' dir='ltr'><strong><em>et</em></strong></span> <span class='ocrx_word' id='word_1_175' title='bbox 3461 1991 3817 2078; x_wconf 77' lang='lat' dir='ltr'><strong><em>obliqatione</em></strong></span> <span class='ocrx_word' id='word_1_176' title='bbox 3848 2003 3900 2059; x_wconf 85' lang='lat' dir='ltr'><strong><em>et</em></strong></span> <span class='ocrx_word' id='word_1_177' title='bbox 3946 1995 4279 2081; x_wconf 73' lang='lat' dir='ltr'><strong><em>hijpotheca</em></strong></span> 
     </span>
     <span class='ocr_line' id='line_1_14' title="bbox 642 2095 4279 2186; baseline 0.001 -21"><span class='ocrx_word' id='word_1_178' title='bbox 642 2099 936 2165; x_wconf 83' lang='lat' dir='ltr'><strong><em>bonorum</em></strong></span> <span class='ocrx_word' id='word_1_179' title='bbox 993 2120 1249 2163; x_wconf 87' lang='lat' dir='ltr'><strong><em>suorum</em></strong></span> <span class='ocrx_word' id='word_1_180' title='bbox 1312 2106 1366 2163; x_wconf 91' lang='lat' dir='ltr'><strong><em>et</em></strong></span> <span class='ocrx_word' id='word_1_181' title='bbox 1427 2096 1847 2162; x_wconf 77' lang='lat' dir='ltr'><strong><em>Unicersitatis</em></strong></span> <span class='ocrx_word' id='word_1_182' title='bbox 1896 2097 2170 2182; x_wconf 82' lang='lat' dir='ltr'><strong><em>predicte</em></strong></span> <span class='ocrx_word' id='word_1_183' title='bbox 2214 2097 2289 2160; x_wconf 90' lang='lat' dir='ltr'><strong><em>de</em></strong></span> <span class='ocrx_word' id='word_1_184' title='bbox 2332 2095 2700 2160; x_wconf 86' lang='lat' dir='ltr'><strong><em>observando</em></strong></span> <span class='ocrx_word' id='word_1_185' title='bbox 2745 2104 2800 2160; x_wconf 86' lang='lat' dir='ltr'><strong><em>et</em></strong></span> <span class='ocrx_word' id='word_1_186' title='bbox 2843 2098 3236 2182; x_wconf 87' lang='lat' dir='ltr'><strong><em>adimplendo</em></strong></span> <span class='ocrx_word' id='word_1_187' title='bbox 3283 2120 3485 2183; x_wconf 88' lang='lat' dir='ltr'><strong><em>pure,</em></strong></span> <span class='ocrx_word' id='word_1_188' title='bbox 3526 2099 3790 2182; x_wconf 80' lang='lat' dir='ltr'><strong><em>fideliter</em></strong></span> <span class='ocrx_word' id='word_1_189' title='bbox 3835 2109 3891 2166; x_wconf 91' lang='lat' dir='ltr'><strong><em>et</em></strong></span> <span class='ocrx_word' id='word_1_190' title='bbox 3941 2102 4096 2167; x_wconf 92' lang='lat' dir='ltr'><strong><em>bona</em></strong></span> <span class='ocrx_word' id='word_1_191' title='bbox 4154 2104 4279 2186; x_wconf 82' lang='lat' dir='ltr'><strong><em>fide</em></strong></span> 
     </span>
     <span class='ocr_line' id='line_1_15' title="bbox 643 2205 4278 2293; baseline 0.001 -22"><span class='ocrx_word' id='word_1_192' title='bbox 643 2209 851 2271; x_wconf 87' lang='lat' dir='ltr'><strong><em>omnia</em></strong></span> <span class='ocrx_word' id='word_1_193' title='bbox 899 2215 952 2272; x_wconf 90' lang='lat' dir='ltr'><strong><em>et</em></strong></span> <span class='ocrx_word' id='word_1_194' title='bbox 996 2207 1245 2291; x_wconf 77' lang='lat' dir='ltr'><strong><em>sinyula</em></strong></span> <span class='ocrx_word' id='word_1_195' title='bbox 1289 2206 1647 2290; x_wconf 87' lang='lat' dir='ltr'><strong><em>supradicta</em></strong></span> <span class='ocrx_word' id='word_1_196' title='bbox 1690 2207 1759 2268; x_wconf 86' lang='lat' dir='ltr'><strong><em>in</em></strong></span> <span class='ocrx_word' id='word_1_197' title='bbox 1804 2205 1979 2268; x_wconf 89' lang='lat' dir='ltr'><strong><em>dictis</em></strong></span> <span class='ocrx_word' id='word_1_198' title='bbox 2023 2212 2202 2286; x_wconf 88' lang='lat' dir='ltr'><strong><em>nota,</em></strong></span> <span class='ocrx_word' id='word_1_199' title='bbox 2248 2206 2654 2269; x_wconf 88' lang='lat' dir='ltr'><strong><em>instrumento</em></strong></span> <span class='ocrx_word' id='word_1_200' title='bbox 2700 2211 2753 2268; x_wconf 88' lang='lat' dir='ltr'><strong><em>et</em></strong></span> <span class='ocrx_word' id='word_1_201' title='bbox 2799 2205 2992 2268; x_wconf 89' lang='lat' dir='ltr'><strong><em>literis</em></strong></span> <span class='ocrx_word' id='word_1_202' title='bbox 3036 2212 3331 2288; x_wconf 88' lang='lat' dir='ltr'><strong><em>contenta,</em></strong></span> <span class='ocrx_word' id='word_1_203' title='bbox 3379 2214 3432 2270; x_wconf 92' lang='lat' dir='ltr'><strong><em>et</em></strong></span> <span class='ocrx_word' id='word_1_204' title='bbox 3478 2207 3552 2270; x_wconf 93' lang='lat' dir='ltr'><strong><em>de</em></strong></span> <span class='ocrx_word' id='word_1_205' title='bbox 3597 2228 3720 2272; x_wconf 90' lang='lat' dir='ltr'><strong><em>non</em></strong></span> <span class='ocrx_word' id='word_1_206' title='bbox 3766 2211 4278 2293; x_wconf 85' lang='lat' dir='ltr'><strong><em>contrafaciendo,</em></strong></span> 
     </span>
     <span class='ocr_line' id='line_1_16' title="bbox 646 2312 4282 2402; baseline 0 -23"><span class='ocrx_word' id='word_1_207' title='bbox 646 2316 735 2380; x_wconf 77' lang='lat' dir='ltr'><strong><em>cel</em></strong></span> <span class='ocrx_word' id='word_1_208' title='bbox 782 2314 1074 2380; x_wconf 79' lang='lat' dir='ltr'><strong><em>veniendo</em></strong></span> <span class='ocrx_word' id='word_1_209' title='bbox 1118 2316 1184 2377; x_wconf 87' lang='lat' dir='ltr'><strong><em>in</em></strong></span> <span class='ocrx_word' id='word_1_210' title='bbox 1231 2320 1423 2378; x_wconf 90' lang='lat' dir='ltr'><strong><em>totum</em></strong></span> <span class='ocrx_word' id='word_1_211' title='bbox 1470 2313 1560 2377; x_wconf 72' lang='lat' dir='ltr'><strong><em>¹vel</em></strong></span> <span class='ocrx_word' id='word_1_212' title='bbox 1602 2315 1671 2376; x_wconf 89' lang='lat' dir='ltr'><strong><em>in</em></strong></span> <span class='ocrx_word' id='word_1_213' title='bbox 1715 2313 1931 2397; x_wconf 88' lang='lat' dir='ltr'><strong><em>aliqua</em></strong></span> <span class='ocrx_word' id='word_1_214' title='bbox 1975 2314 2076 2375; x_wconf 90' lang='lat' dir='ltr'><strong><em>sui</em></strong></span> <span class='ocrx_word' id='word_1_215' title='bbox 2115 2318 2294 2396; x_wconf 88' lang='lat' dir='ltr'><strong><em>parte</em></strong></span> <span class='ocrx_word' id='word_1_216' title='bbox 2352 2312 2569 2395; x_wconf 87' lang='lat' dir='ltr'><strong><em>aliqua</em></strong></span> <span class='ocrx_word' id='word_1_217' title='bbox 2624 2313 2898 2393; x_wconf 86' lang='lat' dir='ltr'><strong><em>ratione,</em></strong></span> <span class='ocrx_word' id='word_1_218' title='bbox 2944 2315 3245 2377; x_wconf 87' lang='lat' dir='ltr'><strong><em>occasione</em></strong></span> <span class='ocrx_word' id='word_1_219' title='bbox 3289 2314 3380 2377; x_wconf 75' lang='lat' dir='ltr'><strong><em>cel</em></strong></span> <span class='ocrx_word' id='word_1_220' title='bbox 3423 2335 3648 2398; x_wconf 85' lang='lat' dir='ltr'><strong><em>causa,</em></strong></span> <span class='ocrx_word' id='word_1_221' title='bbox 3695 2316 3870 2380; x_wconf 88' lang='lat' dir='ltr'><strong><em>modo</em></strong></span> <span class='ocrx_word' id='word_1_222' title='bbox 3928 2318 4138 2402; x_wconf 87' lang='lat' dir='ltr'><strong><em>aliquo</em></strong></span> <span class='ocrx_word' id='word_1_223' title='bbox 4191 2320 4282 2382; x_wconf 75' lang='lat' dir='ltr'><strong><em>rel</em></strong></span> 
     </span>
     <span class='ocr_line' id='line_1_17' title="bbox 643 2419 4279 2505; baseline 0.001 -20"><span class='ocrx_word' id='word_1_224' title='bbox 643 2423 857 2505; x_wconf 90' lang='lat' dir='ltr'><strong><em>colore,</em></strong></span> <span class='ocrx_word' id='word_1_225' title='bbox 887 2443 1029 2486; x_wconf 89' lang='lat' dir='ltr'><strong><em>cum</em></strong></span> <span class='ocrx_word' id='word_1_226' title='bbox 1072 2421 1508 2505; x_wconf 81' lang='lat' dir='ltr'><strong><em>cujuscumque</em></strong></span> <span class='ocrx_word' id='word_1_227' title='bbox 1542 2441 1701 2504; x_wconf 86' lang='lat' dir='ltr'><strong><em>pene</em></strong></span> <span class='ocrx_word' id='word_1_228' title='bbox 1744 2427 1868 2483; x_wconf 88' lang='lat' dir='ltr'><strong><em>tam</em></strong></span> <span class='ocrx_word' id='word_1_229' title='bbox 1915 2419 2256 2503; x_wconf 79' lang='lat' dir='ltr'><strong><em>spiritualis</em></strong></span> <span class='ocrx_word' id='word_1_230' title='bbox 2310 2440 2497 2503; x_wconf 88' lang='lat' dir='ltr'><strong><em>quam</em></strong></span> <span class='ocrx_word' id='word_1_231' title='bbox 2542 2419 2890 2502; x_wconf 84' lang='lat' dir='ltr'><strong><em>temporalis</em></strong></span> <span class='ocrx_word' id='word_1_232' title='bbox 2920 2419 3250 2501; x_wconf 81' lang='lat' dir='ltr'><strong><em>adjectione</em></strong></span> <span class='ocrx_word' id='word_1_233' title='bbox 3281 2427 3337 2484; x_wconf 91' lang='lat' dir='ltr'><strong><em>et</em></strong></span> <span class='ocrx_word' id='word_1_234' title='bbox 3353 2423 3759 2505; x_wconf 86' lang='lat' dir='ltr'><strong><em>promissione</em></strong></span> <span class='ocrx_word' id='word_1_235' title='bbox 3787 2422 3874 2485; x_wconf 90' lang='lat' dir='ltr'><strong><em>ad</em></strong></span> <span class='ocrx_word' id='word_1_236' title='bbox 3901 2444 4077 2488; x_wconf 88' lang='lat' dir='ltr'><strong><em>omne</em></strong></span> <span class='ocrx_word' id='word_1_237' title='bbox 4106 2424 4279 2489; x_wconf 91' lang='lat' dir='ltr'><strong><em>bene-</em></strong></span> 
     </span>
     <span class='ocr_line' id='line_1_18' title="bbox 633 2525 4278 2617; baseline 0 -23"><span class='ocrx_word' id='word_1_238' title='bbox 633 2532 939 2617; x_wconf 87' lang='lat' dir='ltr'><strong><em>placitum</em></strong></span> <span class='ocrx_word' id='word_1_239' title='bbox 972 2529 1213 2614; x_wconf 84' lang='lat' dir='ltr'><strong><em>prefati</em></strong></span> <span class='ocrx_word' id='word_1_240' title='bbox 1264 2530 1628 2592; x_wconf 80' lang='lat' dir='ltr'><strong><em>sanctissimi</em></strong></span> <span class='ocrx_word' id='word_1_241' title='bbox 1669 2529 1869 2611; x_wconf 88' lang='lat' dir='ltr'><strong><em>patris</em></strong></span> <span class='ocrx_word' id='word_1_242' title='bbox 1914 2547 2054 2590; x_wconf 87' lang='lat' dir='ltr'><strong><em>cum</em></strong></span> <span class='ocrx_word' id='word_1_243' title='bbox 2099 2525 2576 2611; x_wconf 87' lang='lat' dir='ltr'><strong><em>quibuscumque</em></strong></span> <span class='ocrx_word' id='word_1_244' title='bbox 2610 2525 3138 2610; x_wconf 85' lang='lat' dir='ltr'><strong><em>promissionibus,</em></strong></span> <span class='ocrx_word' id='word_1_245' title='bbox 3170 2526 3632 2611; x_wconf 80' lang='lat' dir='ltr'><strong><em>obliqationibus</em></strong></span> <span class='ocrx_word' id='word_1_246' title='bbox 3685 2530 3953 2594; x_wconf 83' lang='lat' dir='ltr'><strong><em>realibus</em></strong></span> <span class='ocrx_word' id='word_1_247' title='bbox 3984 2539 4038 2595; x_wconf 86' lang='lat' dir='ltr'><strong><em>et</em></strong></span> <span class='ocrx_word' id='word_1_248' title='bbox 4065 2554 4278 2615; x_wconf 85' lang='lat' dir='ltr'><strong><em>perso-</em></strong></span> 
     </span>
     <span class='ocr_line' id='line_1_19' title="bbox 645 2632 4289 2723; baseline 0 -21"><span class='ocrx_word' id='word_1_249' title='bbox 645 2637 911 2720; x_wconf 87' lang='lat' dir='ltr'><strong><em>nalibus,</em></strong></span> <span class='ocrx_word' id='word_1_250' title='bbox 942 2635 1523 2717; x_wconf 86' lang='lat' dir='ltr'><strong><em>renunciationibus,</em></strong></span> <span class='ocrx_word' id='word_1_251' title='bbox 1555 2633 2044 2717; x_wconf 78' lang='lat' dir='ltr'><strong><em>confessionibus,</em></strong></span> <span class='ocrx_word' id='word_1_252' title='bbox 2074 2632 2507 2716; x_wconf 87' lang='lat' dir='ltr'><strong><em>adjectionibus</em></strong></span> <span class='ocrx_word' id='word_1_253' title='bbox 2564 2634 2858 2697; x_wconf 86' lang='lat' dir='ltr'><strong><em>clausulis</em></strong></span> <span class='ocrx_word' id='word_1_254' title='bbox 2903 2641 2958 2697; x_wconf 93' lang='lat' dir='ltr'><strong><em>et</em></strong></span> <span class='ocrx_word' id='word_1_255' title='bbox 2986 2634 3236 2697; x_wconf 84' lang='lat' dir='ltr'><strong><em>cautelis</em></strong></span> <span class='ocrx_word' id='word_1_256' title='bbox 3265 2641 3392 2698; x_wconf 88' lang='lat' dir='ltr'><strong><em>tam</em></strong></span> <span class='ocrx_word' id='word_1_257' title='bbox 3422 2634 3779 2719; x_wconf 84' lang='lat' dir='ltr'><strong><em>specialibus</em></strong></span> <span class='ocrx_word' id='word_1_258' title='bbox 3810 2658 3994 2721; x_wconf 90' lang='lat' dir='ltr'><strong><em>quam</em></strong></span> <span class='ocrx_word' id='word_1_259' title='bbox 4022 2660 4289 2723; x_wconf 63' lang='lat' dir='ltr'><strong><em>qenerw</em></strong></span> 
     </span>
     <span class='ocr_line' id='line_1_20' title="bbox 645 2740 4280 2828; baseline 0 -18"><span class='ocrx_word' id='word_1_260' title='bbox 645 2745 825 2827; x_wconf 72' lang='lat' dir='ltr'><strong><em>libus,</em></strong></span> <span class='ocrx_word' id='word_1_261' title='bbox 864 2745 939 2809; x_wconf 91' lang='lat' dir='ltr'><strong><em>de</em></strong></span> <span class='ocrx_word' id='word_1_262' title='bbox 985 2752 1039 2809; x_wconf 88' lang='lat' dir='ltr'><strong><em>et</em></strong></span> <span class='ocrx_word' id='word_1_263' title='bbox 1082 2746 1149 2806; x_wconf 89' lang='lat' dir='ltr'><strong><em>in</em></strong></span> <span class='ocrx_word' id='word_1_264' title='bbox 1197 2742 1673 2828; x_wconf 85' lang='lat' dir='ltr'><strong><em>quibuscumque</em></strong></span> <span class='ocrx_word' id='word_1_265' title='bbox 1714 2762 1853 2804; x_wconf 87' lang='lat' dir='ltr'><strong><em>cum</em></strong></span> <span class='ocrx_word' id='word_1_266' title='bbox 1888 2740 2138 2824; x_wconf 81' lang='lat' dir='ltr'><strong><em>prefato</em></strong></span> <span class='ocrx_word' id='word_1_267' title='bbox 2181 2741 2556 2803; x_wconf 86' lang='lat' dir='ltr'><strong><em>sanctissimo</em></strong></span> <span class='ocrx_word' id='word_1_268' title='bbox 2596 2748 2773 2824; x_wconf 87' lang='lat' dir='ltr'><strong><em>patre</em></strong></span> <span class='ocrx_word' id='word_1_269' title='bbox 2819 2742 3226 2823; x_wconf 82' lang='lat' dir='ltr'><strong><em>convenerint,</em></strong></span> <span class='ocrx_word' id='word_1_270' title='bbox 3259 2749 3314 2805; x_wconf 92' lang='lat' dir='ltr'><strong><em>et</em></strong></span> <span class='ocrx_word' id='word_1_271' title='bbox 3345 2763 3460 2826; x_wconf 88' lang='lat' dir='ltr'><strong><em>que</em></strong></span> <span class='ocrx_word' id='word_1_272' title='bbox 3491 2744 3557 2805; x_wconf 89' lang='lat' dir='ltr'><strong><em>in</em></strong></span> <span class='ocrx_word' id='word_1_273' title='bbox 3589 2751 3732 2806; x_wconf 88' lang='lat' dir='ltr'><strong><em>nota</em></strong></span> <span class='ocrx_word' id='word_1_274' title='bbox 3764 2751 3817 2808; x_wconf 91' lang='lat' dir='ltr'><strong><em>et</em></strong></span> <span class='ocrx_word' id='word_1_275' title='bbox 3855 2745 4280 2827; x_wconf 83' lang='lat' dir='ltr'><strong><em>instrumentO,</em></strong></span> 
     </span>
     <span class='ocr_line' id='line_1_21' title="bbox 650 2846 4281 2937; baseline 0 -21"><span class='ocrx_word' id='word_1_276' title='bbox 650 2854 736 2917; x_wconf 80' lang='lat' dir='ltr'><strong><em>vel</em></strong></span> <span class='ocrx_word' id='word_1_277' title='bbox 780 2853 974 2916; x_wconf 86' lang='lat' dir='ltr'><strong><em>literis</em></strong></span> <span class='ocrx_word' id='word_1_278' title='bbox 1019 2851 1356 2935; x_wconf 87' lang='lat' dir='ltr'><strong><em>apostolicis</em></strong></span> <span class='ocrx_word' id='word_1_279' title='bbox 1400 2849 1618 2913; x_wconf 77' lang='lat' dir='ltr'><strong><em>exinde</em></strong></span> <span class='ocrx_word' id='word_1_280' title='bbox 1657 2848 1878 2931; x_wconf 83' lang='lat' dir='ltr'><strong><em>fiendis</em></strong></span> <span class='ocrx_word' id='word_1_281' title='bbox 1924 2846 2359 2932; x_wconf 80' lang='lat' dir='ltr'><strong><em>quomodolibet</em></strong></span> <span class='ocrx_word' id='word_1_282' title='bbox 2416 2850 2789 2931; x_wconf 88' lang='lat' dir='ltr'><strong><em>inserentur,</em></strong></span> <span class='ocrx_word' id='word_1_283' title='bbox 2851 2850 3034 2911; x_wconf 85' lang='lat' dir='ltr'><strong><em>etiam</em></strong></span> <span class='ocrx_word' id='word_1_284' title='bbox 3092 2849 3145 2911; x_wconf 89' lang='lat' dir='ltr'><strong><em>si</em></strong></span> <span class='ocrx_word' id='word_1_285' title='bbox 3204 2848 3279 2912; x_wconf 90' lang='lat' dir='ltr'><strong><em>de</em></strong></span> <span class='ocrx_word' id='word_1_286' title='bbox 3338 2851 3422 2913; x_wconf 88' lang='lat' dir='ltr'><strong><em>eis</em></strong></span> <span class='ocrx_word' id='word_1_287' title='bbox 3481 2850 3572 2913; x_wconf 80' lang='lat' dir='ltr'><strong><em>vel</em></strong></span> <span class='ocrx_word' id='word_1_288' title='bbox 3632 2871 3843 2914; x_wconf 89' lang='lat' dir='ltr'><strong><em>eorum</em></strong></span> <span class='ocrx_word' id='word_1_289' title='bbox 3902 2853 4116 2937; x_wconf 83' lang='lat' dir='ltr'><strong><em>aliqua</em></strong></span> <span class='ocrx_word' id='word_1_290' title='bbox 4174 2874 4281 2918; x_wconf 88' lang='lat' dir='ltr'><strong><em>seu</em></strong></span> 
     </span>
     <span class='ocr_line' id='line_1_22' title="bbox 645 2955 4284 3044; baseline 0.001 -21"><span class='ocrx_word' id='word_1_291' title='bbox 645 2958 955 3044; x_wconf 83' lang='lat' dir='ltr'><strong><em>aliquibus</em></strong></span> <span class='ocrx_word' id='word_1_292' title='bbox 998 2960 1066 3021; x_wconf 89' lang='lat' dir='ltr'><strong><em>in</em></strong></span> <span class='ocrx_word' id='word_1_293' title='bbox 1110 2957 1218 3021; x_wconf 80' lang='lat' dir='ltr'><strong><em>hoc</em></strong></span> <span class='ocrx_word' id='word_1_294' title='bbox 1269 2957 1575 3020; x_wconf 87' lang='lat' dir='ltr'><strong><em>sindicatu</em></strong></span> <span class='ocrx_word' id='word_1_295' title='bbox 1634 2977 1741 3020; x_wconf 87' lang='lat' dir='ltr'><strong><em>seu</em></strong></span> <span class='ocrx_word' id='word_1_296' title='bbox 1800 2955 2137 3018; x_wconf 88' lang='lat' dir='ltr'><strong><em>sindicatus</em></strong></span> <span class='ocrx_word' id='word_1_297' title='bbox 2190 2956 2591 3018; x_wconf 84' lang='lat' dir='ltr'><strong><em>instrumento</em></strong></span> <span class='ocrx_word' id='word_1_298' title='bbox 2651 2962 2946 3039; x_wconf 85' lang='lat' dir='ltr'><strong><em>oporteret</em></strong></span> <span class='ocrx_word' id='word_1_299' title='bbox 3007 2976 3350 3038; x_wconf 67' lang='lat' dir='ltr'><strong><em>expressam</em></strong></span> <span class='ocrx_word' id='word_1_300' title='bbox 3411 2956 3554 3039; x_wconf 83' lang='lat' dir='ltr'><strong><em>fieri</em></strong></span> <span class='ocrx_word' id='word_1_301' title='bbox 3612 2959 4120 3043; x_wconf 80' lang='lat' dir='ltr'><strong><em>nominationem,</em></strong></span> <span class='ocrx_word' id='word_1_302' title='bbox 4168 2983 4284 3043; x_wconf 84' lang='lat' dir='ltr'><strong><em>que</em></strong></span> 
     </span>
     <span class='ocr_line' id='line_1_23' title="bbox 644 3062 4282 3151; baseline -0 -19"><span class='ocrx_word' id='word_1_303' title='bbox 644 3069 853 3132; x_wconf 89' lang='lat' dir='ltr'><strong><em>omnia</em></strong></span> <span class='ocrx_word' id='word_1_304' title='bbox 886 3088 1009 3151; x_wconf 87' lang='lat' dir='ltr'><strong><em>pro</em></strong></span> <span class='ocrx_word' id='word_1_305' title='bbox 1055 3067 1348 3149; x_wconf 70' lang='lat' dir='ltr'><strong><em>expressis</em></strong></span> <span class='ocrx_word' id='word_1_306' title='bbox 1395 3072 1448 3128; x_wconf 91' lang='lat' dir='ltr'><strong><em>et</em></strong></span> <span class='ocrx_word' id='word_1_307' title='bbox 1492 3064 1843 3149; x_wconf 87' lang='lat' dir='ltr'><strong><em>specificatis</em></strong></span> <span class='ocrx_word' id='word_1_308' title='bbox 1886 3065 1951 3125; x_wconf 89' lang='lat' dir='ltr'><strong><em>in</em></strong></span> <span class='ocrx_word' id='word_1_309' title='bbox 1996 3062 2105 3126; x_wconf 79' lang='lat' dir='ltr'><strong><em>hoc</em></strong></span> <span class='ocrx_word' id='word_1_310' title='bbox 2150 3065 2556 3126; x_wconf 88' lang='lat' dir='ltr'><strong><em>instrumento</em></strong></span> <span class='ocrx_word' id='word_1_311' title='bbox 2601 3069 2655 3125; x_wconf 91' lang='lat' dir='ltr'><strong><em>et</em></strong></span> <span class='ocrx_word' id='word_1_312' title='bbox 2699 3063 3007 3127; x_wconf 87' lang='lat' dir='ltr'><strong><em>sindicatu</em></strong></span> <span class='ocrx_word' id='word_1_313' title='bbox 3055 3084 3128 3126; x_wconf 75' lang='lat' dir='ltr'><strong><em>ex</em></strong></span> <span class='ocrx_word' id='word_1_314' title='bbox 3172 3071 3336 3127; x_wconf 87' lang='lat' dir='ltr'><strong><em>certa</em></strong></span> <span class='ocrx_word' id='word_1_315' title='bbox 3388 3065 3636 3137; x_wconf 83' lang='lat' dir='ltr'><strong><em>scientia</em></strong></span> <span class='ocrx_word' id='word_1_316' title='bbox 3695 3064 3908 3130; x_wconf 81' lang='lat' dir='ltr'><strong><em>haberi</em></strong></span> <span class='ocrx_word' id='word_1_317' title='bbox 3961 3069 4282 3133; x_wconf 75' lang='lat' dir='ltr'><strong><em>coluerunt</em></strong></span> 
     </span>
     <span class='ocr_line' id='line_1_24' title="bbox 647 3170 4284 3261; baseline 0 -22"><span class='ocrx_word' id='word_1_318' title='bbox 647 3182 702 3239; x_wconf 88' lang='lat' dir='ltr'><strong><em>et</em></strong></span> <span class='ocrx_word' id='word_1_319' title='bbox 745 3180 1195 3239; x_wconf 85' lang='lat' dir='ltr'><strong><em>consenserunt.</em></strong></span> <span class='ocrx_word' id='word_1_320' title='bbox 1244 3171 1398 3236; x_wconf 90' lang='lat' dir='ltr'><strong><em>Item</em></strong></span> <span class='ocrx_word' id='word_1_321' title='bbox 1446 3171 1532 3235; x_wconf 88' lang='lat' dir='ltr'><strong><em>ad</em></strong></span> <span class='ocrx_word' id='word_1_322' title='bbox 1564 3170 2049 3255; x_wconf 90' lang='lat' dir='ltr'><strong><em>promittendum</em></strong></span> <span class='ocrx_word' id='word_1_323' title='bbox 2095 3171 2462 3252; x_wconf 89' lang='lat' dir='ltr'><strong><em>solemniter,</em></strong></span> <span class='ocrx_word' id='word_1_324' title='bbox 2509 3177 2562 3234; x_wconf 91' lang='lat' dir='ltr'><strong><em>et</em></strong></span> <span class='ocrx_word' id='word_1_325' title='bbox 2609 3170 2972 3252; x_wconf 86' lang='lat' dir='ltr'><strong><em>juramento</em></strong></span> <span class='ocrx_word' id='word_1_326' title='bbox 3024 3170 3412 3252; x_wconf 85' lang='lat' dir='ltr'><strong><em>firmandum</em></strong></span> <span class='ocrx_word' id='word_1_327' title='bbox 3457 3172 3632 3235; x_wconf 86' lang='lat' dir='ltr'><strong><em>modo</em></strong></span> <span class='ocrx_word' id='word_1_328' title='bbox 3678 3180 3731 3236; x_wconf 86' lang='lat' dir='ltr'><strong><em>et</em></strong></span> <span class='ocrx_word' id='word_1_329' title='bbox 3776 3177 4021 3239; x_wconf 88' lang='lat' dir='ltr'><strong><em>nomine</em></strong></span> <span class='ocrx_word' id='word_1_330' title='bbox 4068 3176 4284 3261; x_wconf 86' lang='lat' dir='ltr'><strong><em>quibus</em></strong></span> 
     </span>
     <span class='ocr_line' id='line_1_25' title="bbox 646 3277 4284 3366; baseline 0.001 -21"><span class='ocrx_word' id='word_1_331' title='bbox 646 3303 861 3366; x_wconf 88' lang='lat' dir='ltr'><strong><em>supra,</em></strong></span> <span class='ocrx_word' id='word_1_332' title='bbox 892 3282 1268 3345; x_wconf 81' lang='lat' dir='ltr'><strong><em>sanctissimo</em></strong></span> <span class='ocrx_word' id='word_1_333' title='bbox 1286 3280 1464 3363; x_wconf 89' lang='lat' dir='ltr'><strong><em>patri</em></strong></span> <span class='ocrx_word' id='word_1_334' title='bbox 1481 3279 1758 3363; x_wconf 88' lang='lat' dir='ltr'><strong><em>predicto</em></strong></span> <span class='ocrx_word' id='word_1_335' title='bbox 1803 3277 2151 3342; x_wconf 86' lang='lat' dir='ltr'><strong><em>nominibus</em></strong></span> <span class='ocrx_word' id='word_1_336' title='bbox 2197 3278 2415 3362; x_wconf 89' lang='lat' dir='ltr'><strong><em>quibus</em></strong></span> <span class='ocrx_word' id='word_1_337' title='bbox 2458 3298 2650 3361; x_wconf 86' lang='lat' dir='ltr'><strong><em>supra</em></strong></span> <span class='ocrx_word' id='word_1_338' title='bbox 2696 3280 3029 3363; x_wconf 89' lang='lat' dir='ltr'><strong><em>recipienti,</em></strong></span> <span class='ocrx_word' id='word_1_339' title='bbox 3064 3279 3226 3363; x_wconf 90' lang='lat' dir='ltr'><strong><em>quod</em></strong></span> <span class='ocrx_word' id='word_1_340' title='bbox 3269 3281 3388 3363; x_wconf 89' lang='lat' dir='ltr'><strong><em>ipsi</em></strong></span> <span class='ocrx_word' id='word_1_341' title='bbox 3431 3279 3652 3343; x_wconf 89' lang='lat' dir='ltr'><strong><em>sindici</em></strong></span> <span class='ocrx_word' id='word_1_342' title='bbox 3698 3288 3752 3344; x_wconf 88' lang='lat' dir='ltr'><strong><em>et</em></strong></span> <span class='ocrx_word' id='word_1_343' title='bbox 3796 3280 4130 3348; x_wconf 87' lang='lat' dir='ltr'><strong><em>Commune</em></strong></span> <span class='ocrx_word' id='word_1_344' title='bbox 4161 3283 4284 3347; x_wconf 91' lang='lat' dir='ltr'><strong><em>Bo·</em></strong></span> 
     </span>
     <span class='ocr_line' id='line_1_26' title="bbox 646 3383 4284 3474; baseline -0 -22"><span class='ocrx_word' id='word_1_345' title='bbox 646 3389 964 3452; x_wconf 87' lang='lat' dir='ltr'><strong><em>nonienses</em></strong></span> <span class='ocrx_word' id='word_1_346' title='bbox 995 3409 1116 3472; x_wconf 88' lang='lat' dir='ltr'><strong><em>per</em></strong></span> <span class='ocrx_word' id='word_1_347' title='bbox 1160 3387 1393 3451; x_wconf 87' lang='lat' dir='ltr'><strong><em>eosdem</em></strong></span> <span class='ocrx_word' id='word_1_348' title='bbox 1437 3385 1698 3449; x_wconf 87' lang='lat' dir='ltr'><strong><em>sindicos</em></strong></span> <span class='ocrx_word' id='word_1_349' title='bbox 1753 3386 1840 3448; x_wconf 77' lang='lat' dir='ltr'><strong><em>cel</em></strong></span> <span class='ocrx_word' id='word_1_350' title='bbox 1883 3385 2036 3449; x_wconf 90' lang='lat' dir='ltr'><strong><em>alios</em></strong></span> <span class='ocrx_word' id='word_1_351' title='bbox 2079 3384 2166 3448; x_wconf 88' lang='lat' dir='ltr'><strong><em>ad</em></strong></span> <span class='ocrx_word' id='word_1_352' title='bbox 2206 3383 2315 3447; x_wconf 82' lang='lat' dir='ltr'><strong><em>hoc</em></strong></span> <span class='ocrx_word' id='word_1_353' title='bbox 2361 3385 2619 3468; x_wconf 78' lang='lat' dir='ltr'><strong><em>leqitime</em></strong></span> <span class='ocrx_word' id='word_1_354' title='bbox 2662 3384 3042 3448; x_wconf 86' lang='lat' dir='ltr'><strong><em>ordinandos</em></strong></span> <span class='ocrx_word' id='word_1_355' title='bbox 3087 3387 3151 3448; x_wconf 88' lang='lat' dir='ltr'><strong><em>in</em></strong></span> <span class='ocrx_word' id='word_1_356' title='bbox 3201 3406 3458 3449; x_wconf 87' lang='lat' dir='ltr'><strong><em>romana</em></strong></span> <span class='ocrx_word' id='word_1_357' title='bbox 3511 3386 3728 3469; x_wconf 87' lang='lat' dir='ltr'><strong><em>Curia,</em></strong></span> <span class='ocrx_word' id='word_1_358' title='bbox 3761 3394 3815 3451; x_wconf 92' lang='lat' dir='ltr'><strong><em>et</em></strong></span> <span class='ocrx_word' id='word_1_359' title='bbox 3854 3391 4035 3453; x_wconf 88' lang='lat' dir='ltr'><strong><em>etiam</em></strong></span> <span class='ocrx_word' id='word_1_360' title='bbox 4083 3393 4284 3474; x_wconf 88' lang='lat' dir='ltr'><strong><em>ipsum</em></strong></span> 
     </span>
     <span class='ocr_line' id='line_1_27' title="bbox 653 3492 4281 3583; baseline 0.001 -23"><span class='ocrx_word' id='word_1_361' title='bbox 653 3494 986 3561; x_wconf 88' lang='lat' dir='ltr'><strong><em>Commune</em></strong></span> <span class='ocrx_word' id='word_1_362' title='bbox 1039 3504 1092 3560; x_wconf 91' lang='lat' dir='ltr'><strong><em>et</em></strong></span> <span class='ocrx_word' id='word_1_363' title='bbox 1153 3493 1526 3559; x_wconf 74' lang='lat' dir='ltr'><strong><em>Universitas</em></strong></span> <span class='ocrx_word' id='word_1_364' title='bbox 1570 3492 1991 3575; x_wconf 88' lang='lat' dir='ltr'><strong><em>bononienses,</em></strong></span> <span class='ocrx_word' id='word_1_365' title='bbox 2038 3493 2123 3557; x_wconf 90' lang='lat' dir='ltr'><strong><em>ad</em></strong></span> <span class='ocrx_word' id='word_1_366' title='bbox 2164 3493 2268 3556; x_wconf 82' lang='lat' dir='ltr'><strong><em>hec</em></strong></span> <span class='ocrx_word' id='word_1_367' title='bbox 2312 3493 2398 3556; x_wconf 90' lang='lat' dir='ltr'><strong><em>ad</em></strong></span> <span class='ocrx_word' id='word_1_368' title='bbox 2440 3514 2657 3556; x_wconf 86' lang='lat' dir='ltr'><strong><em>sonum</em></strong></span> <span class='ocrx_word' id='word_1_369' title='bbox 2703 3514 2996 3577; x_wconf 89' lang='lat' dir='ltr'><strong><em>campane</em></strong></span> <span class='ocrx_word' id='word_1_370' title='bbox 3048 3501 3103 3558; x_wconf 88' lang='lat' dir='ltr'><strong><em>et</em></strong></span> <span class='ocrx_word' id='word_1_371' title='bbox 3149 3515 3281 3557; x_wconf 82' lang='lat' dir='ltr'><strong><em>voce</em></strong></span> <span class='ocrx_word' id='word_1_372' title='bbox 3310 3497 3629 3578; x_wconf 86' lang='lat' dir='ltr'><strong><em>preconia,</em></strong></span> <span class='ocrx_word' id='word_1_373' title='bbox 3663 3503 3730 3559; x_wconf 86' lang='lat' dir='ltr'><strong><em>ut</em></strong></span> <span class='ocrx_word' id='word_1_374' title='bbox 3777 3499 3964 3561; x_wconf 90' lang='lat' dir='ltr'><strong><em>moris</em></strong></span> <span class='ocrx_word' id='word_1_375' title='bbox 4008 3506 4112 3580; x_wconf 81' lang='lat' dir='ltr'><strong><em>est,</em></strong></span> <span class='ocrx_word' id='word_1_376' title='bbox 4151 3519 4281 3583; x_wconf 81' lang='lat' dir='ltr'><strong><em>spe-</em></strong></span> 
     </span>
     <span class='ocr_line' id='line_1_28' title="bbox 647 3600 4282 3690; baseline 0 -20"><span class='ocrx_word' id='word_1_377' title='bbox 647 3607 883 3670; x_wconf 87' lang='lat' dir='ltr'><strong><em>cialiter</em></strong></span> <span class='ocrx_word' id='word_1_378' title='bbox 926 3611 980 3668; x_wconf 91' lang='lat' dir='ltr'><strong><em>et</em></strong></span> <span class='ocrx_word' id='word_1_379' title='bbox 1024 3603 1370 3666; x_wconf 87' lang='lat' dir='ltr'><strong><em>solemniter</em></strong></span> <span class='ocrx_word' id='word_1_380' title='bbox 1414 3608 1767 3686; x_wconf 77' lang='lat' dir='ltr'><strong><em>conqreqato</em></strong></span> <span class='ocrx_word' id='word_1_381' title='bbox 1811 3603 1879 3664; x_wconf 89' lang='lat' dir='ltr'><strong><em>in</em></strong></span> <span class='ocrx_word' id='word_1_382' title='bbox 1923 3602 2157 3664; x_wconf 80' lang='lat' dir='ltr'><strong><em>civitate</em></strong></span> <span class='ocrx_word' id='word_1_383' title='bbox 2202 3600 2514 3682; x_wconf 89' lang='lat' dir='ltr'><strong><em>Bononie,</em></strong></span> <span class='ocrx_word' id='word_1_384' title='bbox 2549 3608 2761 3684; x_wconf 85' lang='lat' dir='ltr'><strong><em>postea</em></strong></span> <span class='ocrx_word' id='word_1_385' title='bbox 2805 3600 2892 3664; x_wconf 90' lang='lat' dir='ltr'><strong><em>ad</em></strong></span> <span class='ocrx_word' id='word_1_386' title='bbox 2937 3602 3128 3684; x_wconf 88' lang='lat' dir='ltr'><strong><em>ipsius</em></strong></span> <span class='ocrx_word' id='word_1_387' title='bbox 3159 3602 3367 3685; x_wconf 88' lang='lat' dir='ltr'><strong><em>patris</em></strong></span> <span class='ocrx_word' id='word_1_388' title='bbox 3409 3604 3773 3666; x_wconf 89' lang='lat' dir='ltr'><strong><em>sanctissimi</em></strong></span> <span class='ocrx_word' id='word_1_389' title='bbox 3823 3603 4282 3690; x_wconf 88' lang='lat' dir='ltr'><strong><em>beneplacitum,</em></strong></span> 
     </span>
     <span class='ocr_line' id='line_1_29' title="bbox 650 3700 4283 3797; baseline -0.001 -19"><span class='ocrx_word' id='word_1_390' title='bbox 650 3714 739 3779; x_wconf 81' lang='lat' dir='ltr'><strong><em>vel</em></strong></span> <span class='ocrx_word' id='word_1_391' title='bbox 785 3712 916 3796; x_wconf 73' lang='lat' dir='ltr'><strong><em>ejus</em></strong></span> <span class='ocrx_word' id='word_1_392' title='bbox 961 3732 1139 3797; x_wconf 85' lang='lat' dir='ltr'><strong><em>quem</em></strong></span> <span class='ocrx_word' id='word_1_393' title='bbox 1183 3712 1416 3773; x_wconf 88' lang='lat' dir='ltr'><strong><em>miserit</em></strong></span> <span class='ocrx_word' id='word_1_394' title='bbox 1459 3710 1545 3773; x_wconf 89' lang='lat' dir='ltr'><strong><em>ad</em></strong></span> <span class='ocrx_word' id='word_1_395' title='bbox 1588 3700 1883 3772; x_wconf 85' lang='lat' dir='ltr'><strong><em>civitatem</em></strong></span> <span class='ocrx_word' id='word_1_396' title='bbox 1922 3708 2197 3773; x_wconf 90' lang='lat' dir='ltr'><strong><em>Bononie</em></strong></span> <span class='ocrx_word' id='word_1_397' title='bbox 2230 3729 2355 3793; x_wconf 92' lang='lat' dir='ltr'><strong><em>pro</em></strong></span> <span class='ocrx_word' id='word_1_398' title='bbox 2401 3711 2742 3772; x_wconf 73' lang='lat' dir='ltr'><strong><em>executione</em></strong></span> <span class='ocrx_word' id='word_1_399' title='bbox 2786 3716 3202 3773; x_wconf 87' lang='lat' dir='ltr'><strong><em>contentorum</em></strong></span> <span class='ocrx_word' id='word_1_400' title='bbox 3249 3711 3315 3772; x_wconf 89' lang='lat' dir='ltr'><strong><em>in</em></strong></span> <span class='ocrx_word' id='word_1_401' title='bbox 3363 3717 3525 3793; x_wconf 87' lang='lat' dir='ltr'><strong><em>nota,</em></strong></span> <span class='ocrx_word' id='word_1_402' title='bbox 3559 3712 3962 3776; x_wconf 83' lang='lat' dir='ltr'><strong><em>instrumento</em></strong></span> <span class='ocrx_word' id='word_1_403' title='bbox 4000 3721 4052 3777; x_wconf 90' lang='lat' dir='ltr'><strong><em>et</em></strong></span> <span class='ocrx_word' id='word_1_404' title='bbox 4091 3714 4283 3778; x_wconf 75' lang='lat' dir='ltr'><strong><em>literis</em></strong></span> 
     </span>
     <span class='ocr_line' id='line_1_30' title="bbox 647 3815 4282 3904; baseline -0.001 -16"><span class='ocrx_word' id='word_1_405' title='bbox 647 3821 965 3887; x_wconf 88' lang='lat' dir='ltr'><strong><em>antedictis</em></strong></span> <span class='ocrx_word' id='word_1_406' title='bbox 1006 3818 1255 3904; x_wconf 83' lang='lat' dir='ltr'><strong><em>prefato</em></strong></span> <span class='ocrx_word' id='word_1_407' title='bbox 1316 3839 1492 3904; x_wconf 89' lang='lat' dir='ltr'><strong><em>quem</em></strong></span> <span class='ocrx_word' id='word_1_408' title='bbox 1557 3819 1790 3882; x_wconf 90' lang='lat' dir='ltr'><strong><em>miserit</em></strong></span> <span class='ocrx_word' id='word_1_409' title='bbox 1843 3819 2125 3881; x_wconf 65' lang='lat' dir='ltr'><strong><em>existente</em></strong></span> <span class='ocrx_word' id='word_1_410' title='bbox 2176 3819 2245 3880; x_wconf 88' lang='lat' dir='ltr'><strong><em>in</em></strong></span> <span class='ocrx_word' id='word_1_411' title='bbox 2305 3818 2543 3881; x_wconf 85' lang='lat' dir='ltr'><strong><em>civitate</em></strong></span> <span class='ocrx_word' id='word_1_412' title='bbox 2586 3815 2894 3900; x_wconf 89' lang='lat' dir='ltr'><strong><em>Bononie,</em></strong></span> <span class='ocrx_word' id='word_1_413' title='bbox 2942 3823 2996 3880; x_wconf 90' lang='lat' dir='ltr'><strong><em>et</em></strong></span> <span class='ocrx_word' id='word_1_414' title='bbox 3057 3819 3123 3880; x_wconf 92' lang='lat' dir='ltr'><strong><em>in</em></strong></span> <span class='ocrx_word' id='word_1_415' title='bbox 3185 3818 3316 3901; x_wconf 76' lang='lat' dir='ltr'><strong><em>ejus</em></strong></span> <span class='ocrx_word' id='word_1_416' title='bbox 3351 3820 3662 3902; x_wconf 87' lang='lat' dir='ltr'><strong><em>presentia</em></strong></span> <span class='ocrx_word' id='word_1_417' title='bbox 3707 3821 4019 3904; x_wconf 85' lang='lat' dir='ltr'><strong><em>recipienti</em></strong></span> <span class='ocrx_word' id='word_1_418' title='bbox 4067 3823 4183 3887; x_wconf 74' lang='lat' dir='ltr'><strong><em>vice</em></strong></span> <span class='ocrx_word' id='word_1_419' title='bbox 4228 3830 4282 3887; x_wconf 86' lang='lat' dir='ltr'><strong><em>et</em></strong></span> 
     </span>
     <span class='ocr_line' id='line_1_31' title="bbox 648 3923 4285 4012; baseline -0.001 -17"><span class='ocrx_word' id='word_1_420' title='bbox 648 3931 893 3995; x_wconf 89' lang='lat' dir='ltr'><strong><em>nomine</em></strong></span> <span class='ocrx_word' id='word_1_421' title='bbox 936 3929 1129 4012; x_wconf 88' lang='lat' dir='ltr'><strong><em>ipsius</em></strong></span> <span class='ocrx_word' id='word_1_422' title='bbox 1173 3927 1537 3990; x_wconf 86' lang='lat' dir='ltr'><strong><em>sanctissimi</em></strong></span> <span class='ocrx_word' id='word_1_423' title='bbox 1578 3927 1775 4010; x_wconf 89' lang='lat' dir='ltr'><strong><em>patris</em></strong></span> <span class='ocrx_word' id='word_1_424' title='bbox 1819 3925 2055 3988; x_wconf 88' lang='lat' dir='ltr'><strong><em>domini</em></strong></span> <span class='ocrx_word' id='word_1_425' title='bbox 2088 3946 2253 4010; x_wconf 92' lang='lat' dir='ltr'><strong><em>pape</em></strong></span> <span class='ocrx_word' id='word_1_426' title='bbox 2297 3932 2351 3989; x_wconf 93' lang='lat' dir='ltr'><strong><em>et</em></strong></span> <span class='ocrx_word' id='word_1_427' title='bbox 2396 3946 2648 3989; x_wconf 87' lang='lat' dir='ltr'><strong><em>romane</em></strong></span> <span class='ocrx_word' id='word_1_428' title='bbox 2691 3923 2956 3989; x_wconf 87' lang='lat' dir='ltr'><strong><em>Ecclesie</em></strong></span> <span class='ocrx_word' id='word_1_429' title='bbox 3005 3933 3345 3989; x_wconf 89' lang='lat' dir='ltr'><strong><em>memorate.</em></strong></span> <span class='ocrx_word' id='word_1_430' title='bbox 3394 3924 3550 3990; x_wconf 89' lang='lat' dir='ltr'><strong><em>Item</em></strong></span> <span class='ocrx_word' id='word_1_431' title='bbox 3595 3927 3681 3990; x_wconf 90' lang='lat' dir='ltr'><strong><em>ad</em></strong></span> <span class='ocrx_word' id='word_1_432' title='bbox 3730 3929 4030 3992; x_wconf 87' lang='lat' dir='ltr'><strong><em>cautelam</em></strong></span> <span class='ocrx_word' id='word_1_433' title='bbox 4086 3937 4140 3994; x_wconf 93' lang='lat' dir='ltr'><strong><em>et</em></strong></span> <span class='ocrx_word' id='word_1_434' title='bbox 4198 3930 4285 3994; x_wconf 81' lang='lat' dir='ltr'><strong><em>ad</em></strong></span> 
     </span>
     <span class='ocr_line' id='line_1_32' title="bbox 648 4031 4282 4120; baseline -0.001 -19"><span class='ocrx_word' id='word_1_435' title='bbox 648 4037 941 4119; x_wconf 83' lang='lat' dir='ltr'><strong><em>majorem</em></strong></span> <span class='ocrx_word' id='word_1_436' title='bbox 985 4035 1397 4120; x_wconf 88' lang='lat' dir='ltr'><strong><em>predictorum</em></strong></span> <span class='ocrx_word' id='word_1_437' title='bbox 1442 4034 1719 4097; x_wconf 88' lang='lat' dir='ltr'><strong><em>omnium</em></strong></span> <span class='ocrx_word' id='word_1_438' title='bbox 1765 4040 1819 4097; x_wconf 92' lang='lat' dir='ltr'><strong><em>et</em></strong></span> <span class='ocrx_word' id='word_1_439' title='bbox 1862 4033 2251 4118; x_wconf 79' lang='lat' dir='ltr'><strong><em>sinqulorum</em></strong></span> <span class='ocrx_word' id='word_1_440' title='bbox 2289 4032 2647 4114; x_wconf 85' lang='lat' dir='ltr'><strong><em>firmitatem</em></strong></span> <span class='ocrx_word' id='word_1_441' title='bbox 2683 4031 3103 4116; x_wconf 88' lang='lat' dir='ltr'><strong><em>approbabunt</em></strong></span> <span class='ocrx_word' id='word_1_442' title='bbox 3135 4035 3340 4096; x_wconf 89' lang='lat' dir='ltr'><strong><em>omnia</em></strong></span> <span class='ocrx_word' id='word_1_443' title='bbox 3373 4041 3428 4098; x_wconf 90' lang='lat' dir='ltr'><strong><em>et</em></strong></span> <span class='ocrx_word' id='word_1_444' title='bbox 3456 4034 3703 4118; x_wconf 75' lang='lat' dir='ltr'><strong><em>sinqula</em></strong></span> <span class='ocrx_word' id='word_1_445' title='bbox 3735 4035 4111 4118; x_wconf 83' lang='lat' dir='ltr'><strong><em>supradicta,</em></strong></span> <span class='ocrx_word' id='word_1_446' title='bbox 4143 4057 4282 4099; x_wconf 90' lang='lat' dir='ltr'><strong><em>con-</em></strong></span> 
     </span>
     <span class='ocr_line' id='line_1_33' title="bbox 643 4138 4283 4229; baseline -0.001 -20"><span class='ocrx_word' id='word_1_447' title='bbox 643 4145 896 4229; x_wconf 81' lang='lat' dir='ltr'><strong><em>fessata,</em></strong></span> <span class='ocrx_word' id='word_1_448' title='bbox 926 4150 1213 4224; x_wconf 90' lang='lat' dir='ltr'><strong><em>narrata,</em></strong></span> <span class='ocrx_word' id='word_1_449' title='bbox 1234 4143 1565 4226; x_wconf 88' lang='lat' dir='ltr'><strong><em>promissa,</em></strong></span> <span class='ocrx_word' id='word_1_450' title='bbox 1596 4148 1734 4204; x_wconf 85' lang='lat' dir='ltr'><strong><em>acta</em></strong></span> <span class='ocrx_word' id='word_1_451' title='bbox 1779 4148 1835 4205; x_wconf 88' lang='lat' dir='ltr'><strong><em>et</em></strong></span> <span class='ocrx_word' id='word_1_452' title='bbox 1874 4147 2039 4225; x_wconf 77' lang='lat' dir='ltr'><strong><em>qesta</em></strong></span> <span class='ocrx_word' id='word_1_453' title='bbox 2071 4161 2195 4224; x_wconf 88' lang='lat' dir='ltr'><strong><em>per</em></strong></span> <span class='ocrx_word' id='word_1_454' title='bbox 2239 4138 2599 4203; x_wconf 84' lang='lat' dir='ltr'><strong><em>Rolandum</em></strong></span> <span class='ocrx_word' id='word_1_455' title='bbox 2633 4139 3005 4225; x_wconf 85' lang='lat' dir='ltr'><strong><em>predictum,</em></strong></span> <span class='ocrx_word' id='word_1_456' title='bbox 3047 4147 3100 4204; x_wconf 90' lang='lat' dir='ltr'><strong><em>et</em></strong></span> <span class='ocrx_word' id='word_1_457' title='bbox 3130 4161 3269 4202; x_wconf 90' lang='lat' dir='ltr'><strong><em>cum</em></strong></span> <span class='ocrx_word' id='word_1_458' title='bbox 3301 4161 3386 4222; x_wconf 87' lang='lat' dir='ltr'><strong><em>e0,</em></strong></span> <span class='ocrx_word' id='word_1_459' title='bbox 3423 4147 3488 4203; x_wconf 88' lang='lat' dir='ltr'><strong><em>ut</em></strong></span> <span class='ocrx_word' id='word_1_460' title='bbox 3524 4161 3739 4225; x_wconf 83' lang='lat' dir='ltr'><strong><em>supra,</em></strong></span> <span class='ocrx_word' id='word_1_461' title='bbox 3772 4149 3826 4205; x_wconf 91' lang='lat' dir='ltr'><strong><em>et</em></strong></span> <span class='ocrx_word' id='word_1_462' title='bbox 3858 4163 3973 4226; x_wconf 91' lang='lat' dir='ltr'><strong><em>que</em></strong></span> <span class='ocrx_word' id='word_1_463' title='bbox 4002 4151 4283 4228; x_wconf 77' lang='lat' dir='ltr'><strong><em>aqentur,</em></strong></span> 
     </span>
     <span class='ocr_line' id='line_1_34' title="bbox 636 4247 4286 4336; baseline 0 -22"><span class='ocrx_word' id='word_1_464' title='bbox 636 4253 1099 4336; x_wconf 86' lang='lat' dir='ltr'><strong><em>promittentur,</em></strong></span> <span class='ocrx_word' id='word_1_465' title='bbox 1129 4247 1586 4332; x_wconf 88' lang='lat' dir='ltr'><strong><em>narrabuntur,</em></strong></span> <span class='ocrx_word' id='word_1_466' title='bbox 1618 4255 1673 4312; x_wconf 89' lang='lat' dir='ltr'><strong><em>et</em></strong></span> <span class='ocrx_word' id='word_1_467' title='bbox 1713 4247 1862 4331; x_wconf 87' lang='lat' dir='ltr'><strong><em>fient</em></strong></span> <span class='ocrx_word' id='word_1_468' title='bbox 1896 4269 2018 4331; x_wconf 87' lang='lat' dir='ltr'><strong><em>per</em></strong></span> <span class='ocrx_word' id='word_1_469' title='bbox 2059 4250 2217 4331; x_wconf 86' lang='lat' dir='ltr'><strong><em>ipsos</em></strong></span> <span class='ocrx_word' id='word_1_470' title='bbox 2261 4247 2541 4329; x_wconf 87' lang='lat' dir='ltr'><strong><em>sindicos,</em></strong></span> <span class='ocrx_word' id='word_1_471' title='bbox 2587 4254 2641 4311; x_wconf 91' lang='lat' dir='ltr'><strong><em>et</em></strong></span> <span class='ocrx_word' id='word_1_472' title='bbox 2682 4268 2798 4331; x_wconf 88' lang='lat' dir='ltr'><strong><em>que</em></strong></span> <span class='ocrx_word' id='word_1_473' title='bbox 2824 4254 3089 4332; x_wconf 79' lang='lat' dir='ltr'><strong><em>aqentur</em></strong></span> <span class='ocrx_word' id='word_1_474' title='bbox 3118 4255 3173 4311; x_wconf 93' lang='lat' dir='ltr'><strong><em>et</em></strong></span> <span class='ocrx_word' id='word_1_475' title='bbox 3198 4247 3346 4330; x_wconf 83' lang='lat' dir='ltr'><strong><em>fient</em></strong></span> <span class='ocrx_word' id='word_1_476' title='bbox 3378 4249 3558 4311; x_wconf 86' lang='lat' dir='ltr'><strong><em>etiam</em></strong></span> <span class='ocrx_word' id='word_1_477' title='bbox 3588 4269 3728 4312; x_wconf 87' lang='lat' dir='ltr'><strong><em>cum</em></strong></span> <span class='ocrx_word' id='word_1_478' title='bbox 3760 4249 4001 4333; x_wconf 88' lang='lat' dir='ltr'><strong><em>eisdem,</em></strong></span> <span class='ocrx_word' id='word_1_479' title='bbox 4034 4257 4087 4314; x_wconf 94' lang='lat' dir='ltr'><strong><em>et</em></strong></span> <span class='ocrx_word' id='word_1_480' title='bbox 4126 4271 4187 4314; x_wconf 89' lang='lat' dir='ltr'><strong><em>se</em></strong></span> <span class='ocrx_word' id='word_1_481' title='bbox 4233 4259 4286 4315; x_wconf 92' lang='lat' dir='ltr'><strong><em>et</em></strong></span> 
     </span>
     <span class='ocr_line' id='line_1_35' title="bbox 647 4352 4284 4442; baseline -0.001 -19"><span class='ocrx_word' id='word_1_482' title='bbox 647 4381 762 4423; x_wconf 84' lang='lat' dir='ltr'><strong><em>sua</em></strong></span> <span class='ocrx_word' id='word_1_483' title='bbox 792 4357 948 4421; x_wconf 89' lang='lat' dir='ltr'><strong><em>bona</em></strong></span> <span class='ocrx_word' id='word_1_484' title='bbox 979 4365 1032 4421; x_wconf 92' lang='lat' dir='ltr'><strong><em>et</em></strong></span> <span class='ocrx_word' id='word_1_485' title='bbox 1079 4354 1500 4420; x_wconf 77' lang='lat' dir='ltr'><strong><em>Universitatis</em></strong></span> <span class='ocrx_word' id='word_1_486' title='bbox 1520 4355 1794 4439; x_wconf 87' lang='lat' dir='ltr'><strong><em>predicte</em></strong></span> <span class='ocrx_word' id='word_1_487' title='bbox 1823 4355 1909 4418; x_wconf 88' lang='lat' dir='ltr'><strong><em>ad</em></strong></span> <span class='ocrx_word' id='word_1_488' title='bbox 1954 4375 2163 4419; x_wconf 86' lang='lat' dir='ltr'><strong><em>eorum</em></strong></span> <span class='ocrx_word' id='word_1_489' title='bbox 2209 4356 2481 4418; x_wconf 89' lang='lat' dir='ltr'><strong><em>omnium</em></strong></span> <span class='ocrx_word' id='word_1_490' title='bbox 2531 4361 2585 4418; x_wconf 92' lang='lat' dir='ltr'><strong><em>et</em></strong></span> <span class='ocrx_word' id='word_1_491' title='bbox 2628 4354 3017 4439; x_wconf 79' lang='lat' dir='ltr'><strong><em>sinqulorum</em></strong></span> <span class='ocrx_word' id='word_1_492' title='bbox 3064 4352 3505 4418; x_wconf 77' lang='lat' dir='ltr'><strong><em>observantiam</em></strong></span> <span class='ocrx_word' id='word_1_493' title='bbox 3550 4354 3918 4441; x_wconf 80' lang='lat' dir='ltr'><strong><em>obliqabunt,</em></strong></span> <span class='ocrx_word' id='word_1_494' title='bbox 3959 4363 4026 4420; x_wconf 90' lang='lat' dir='ltr'><strong><em>ut</em></strong></span> <span class='ocrx_word' id='word_1_495' title='bbox 4070 4378 4284 4442; x_wconf 88' lang='lat' dir='ltr'><strong><em>supra,</em></strong></span> 
     </span>
     <span class='ocr_line' id='line_1_36' title="bbox 651 4461 4283 4547; baseline -0 -18"><span class='ocrx_word' id='word_1_496' title='bbox 651 4468 717 4529; x_wconf 88' lang='lat' dir='ltr'><strong><em>in</em></strong></span> <span class='ocrx_word' id='word_1_497' title='bbox 761 4464 1040 4529; x_wconf 89' lang='lat' dir='ltr'><strong><em>omnibus</em></strong></span> <span class='ocrx_word' id='word_1_498' title='bbox 1086 4470 1139 4527; x_wconf 90' lang='lat' dir='ltr'><strong><em>et</em></strong></span> <span class='ocrx_word' id='word_1_499' title='bbox 1179 4485 1294 4547; x_wconf 87' lang='lat' dir='ltr'><strong><em>per</em></strong></span> <span class='ocrx_word' id='word_1_500' title='bbox 1334 4465 1561 4545; x_wconf 89' lang='lat' dir='ltr'><strong><em>omnia,</em></strong></span> <span class='ocrx_word' id='word_1_501' title='bbox 1585 4469 1779 4546; x_wconf 91' lang='lat' dir='ltr'><strong><em>prout</em></strong></span> <span class='ocrx_word' id='word_1_502' title='bbox 1825 4464 1942 4546; x_wconf 88' lang='lat' dir='ltr'><strong><em>ipsi</em></strong></span> <span class='ocrx_word' id='word_1_503' title='bbox 1990 4461 2227 4526; x_wconf 87' lang='lat' dir='ltr'><strong><em>Sindici</em></strong></span> <span class='ocrx_word' id='word_1_504' title='bbox 2267 4463 2499 4545; x_wconf 84' lang='lat' dir='ltr'><strong><em>facient</em></strong></span> <span class='ocrx_word' id='word_1_505' title='bbox 2546 4463 2612 4525; x_wconf 89' lang='lat' dir='ltr'><strong><em>in</em></strong></span> <span class='ocrx_word' id='word_1_506' title='bbox 2646 4463 2962 4546; x_wconf 89' lang='lat' dir='ltr'><strong><em>presentia</em></strong></span> <span class='ocrx_word' id='word_1_507' title='bbox 2996 4461 3238 4545; x_wconf 81' lang='lat' dir='ltr'><strong><em>prefati</em></strong></span> <span class='ocrx_word' id='word_1_508' title='bbox 3280 4463 3645 4525; x_wconf 87' lang='lat' dir='ltr'><strong><em>sanctissimi</em></strong></span> <span class='ocrx_word' id='word_1_509' title='bbox 3677 4465 3885 4546; x_wconf 84' lang='lat' dir='ltr'><strong><em>patris</em></strong></span> <span class='ocrx_word' id='word_1_510' title='bbox 3930 4471 3985 4527; x_wconf 93' lang='lat' dir='ltr'><strong><em>et</em></strong></span> <span class='ocrx_word' id='word_1_511' title='bbox 4030 4464 4283 4546; x_wconf 88' lang='lat' dir='ltr'><strong><em>domini,</em></strong></span> 
     </span>
     <span class='ocr_line' id='line_1_37' title="bbox 648 4567 4286 4657; baseline -0 -20"><span class='ocrx_word' id='word_1_512' title='bbox 648 4573 883 4637; x_wconf 89' lang='lat' dir='ltr'><strong><em>domini</em></strong></span> <span class='ocrx_word' id='word_1_513' title='bbox 899 4593 1087 4657; x_wconf 87' lang='lat' dir='ltr'><strong><em>pape,</em></strong></span> <span class='ocrx_word' id='word_1_514' title='bbox 1118 4569 1468 4635; x_wconf 88' lang='lat' dir='ltr'><strong><em>nominibus</em></strong></span> <span class='ocrx_word' id='word_1_515' title='bbox 1513 4569 1733 4654; x_wconf 87' lang='lat' dir='ltr'><strong><em>quibus</em></strong></span> <span class='ocrx_word' id='word_1_516' title='bbox 1775 4591 1989 4653; x_wconf 85' lang='lat' dir='ltr'><strong><em>supra,</em></strong></span> <span class='ocrx_word' id='word_1_517' title='bbox 2024 4571 2380 4656; x_wconf 87' lang='lat' dir='ltr'><strong><em>recipientis.</em></strong></span> <span class='ocrx_word' id='word_1_518' title='bbox 2428 4568 2529 4633; x_wconf 91' lang='lat' dir='ltr'><strong><em>De</em></strong></span> <span class='ocrx_word' id='word_1_519' title='bbox 2567 4567 2787 4653; x_wconf 84' lang='lat' dir='ltr'><strong><em>quibus</em></strong></span> <span class='ocrx_word' id='word_1_520' title='bbox 2815 4568 3265 4653; x_wconf 89' lang='lat' dir='ltr'><strong><em>approbatione,</em></strong></span> <span class='ocrx_word' id='word_1_521' title='bbox 3298 4569 3697 4651; x_wconf 82' lang='lat' dir='ltr'><strong><em>ratificatione</em></strong></span> <span class='ocrx_word' id='word_1_522' title='bbox 3726 4577 3781 4634; x_wconf 93' lang='lat' dir='ltr'><strong><em>et</em></strong></span> <span class='ocrx_word' id='word_1_523' title='bbox 3810 4571 4286 4655; x_wconf 83' lang='lat' dir='ltr'><strong><em>confirmatione,</em></strong></span> 
     </span>
     <span class='ocr_line' id='line_1_38' title="bbox 650 4675 4285 4764; baseline -0.001 -19"><span class='ocrx_word' id='word_1_524' title='bbox 650 4688 705 4745; x_wconf 91' lang='lat' dir='ltr'><strong><em>et</em></strong></span> <span class='ocrx_word' id='word_1_525' title='bbox 745 4681 923 4764; x_wconf 69' lang='lat' dir='ltr'><strong><em>aliis,</em></strong></span> <span class='ocrx_word' id='word_1_526' title='bbox 972 4701 1087 4764; x_wconf 90' lang='lat' dir='ltr'><strong><em>que</em></strong></span> <span class='ocrx_word' id='word_1_527' title='bbox 1131 4680 1294 4742; x_wconf 86' lang='lat' dir='ltr'><strong><em>circa</em></strong></span> <span class='ocrx_word' id='word_1_528' title='bbox 1328 4676 1609 4760; x_wconf 90' lang='lat' dir='ltr'><strong><em>predicta</em></strong></span> <span class='ocrx_word' id='word_1_529' title='bbox 1654 4684 1920 4762; x_wconf 75' lang='lat' dir='ltr'><strong><em>aqentur</em></strong></span> <span class='ocrx_word' id='word_1_530' title='bbox 1965 4684 2018 4741; x_wconf 89' lang='lat' dir='ltr'><strong><em>et</em></strong></span> <span class='ocrx_word' id='word_1_531' title='bbox 2058 4677 2209 4760; x_wconf 85' lang='lat' dir='ltr'><strong><em>fient</em></strong></span> <span class='ocrx_word' id='word_1_532' title='bbox 2252 4679 2319 4740; x_wconf 87' lang='lat' dir='ltr'><strong><em>in</em></strong></span> <span class='ocrx_word' id='word_1_533' title='bbox 2373 4679 2610 4741; x_wconf 75' lang='lat' dir='ltr'><strong><em>civitate</em></strong></span> <span class='ocrx_word' id='word_1_534' title='bbox 2656 4675 3051 4758; x_wconf 87' lang='lat' dir='ltr'><strong><em>Bononiensi,</em></strong></span> <span class='ocrx_word' id='word_1_535' title='bbox 3092 4676 3232 4759; x_wconf 83' lang='lat' dir='ltr'><strong><em>fieri</em></strong></span> <span class='ocrx_word' id='word_1_536' title='bbox 3277 4675 3531 4741; x_wconf 90' lang='lat' dir='ltr'><strong><em>debeant</em></strong></span> <span class='ocrx_word' id='word_1_537' title='bbox 3581 4675 3832 4761; x_wconf 89' lang='lat' dir='ltr'><strong><em>publica</em></strong></span> <span class='ocrx_word' id='word_1_538' title='bbox 3877 4680 4285 4742; x_wconf 88' lang='lat' dir='ltr'><strong><em>instrumenta</em></strong></span> 
     </span>
     <span class='ocr_line' id='line_1_39' title="bbox 639 4783 4287 4872; baseline -0.001 -21"><span class='ocrx_word' id='word_1_539' title='bbox 639 4809 759 4871; x_wconf 90' lang='lat' dir='ltr'><strong><em>per</em></strong></span> <span class='ocrx_word' id='word_1_540' title='bbox 798 4787 922 4870; x_wconf 83' lang='lat' dir='ltr'><strong><em>fide</em></strong></span> <span class='ocrx_word' id='word_1_541' title='bbox 965 4787 1225 4872; x_wconf 77' lang='lat' dir='ltr'><strong><em>diynum</em></strong></span> <span class='ocrx_word' id='word_1_542' title='bbox 1270 4787 1579 4849; x_wconf 83' lang='lat' dir='ltr'><strong><em>notarium</em></strong></span> <span class='ocrx_word' id='word_1_543' title='bbox 1626 4784 1702 4848; x_wconf 91' lang='lat' dir='ltr'><strong><em>de</em></strong></span> <span class='ocrx_word' id='word_1_544' title='bbox 1745 4786 1979 4848; x_wconf 83' lang='lat' dir='ltr'><strong><em>civitate</em></strong></span> <span class='ocrx_word' id='word_1_545' title='bbox 2025 4783 2426 4866; x_wconf 88' lang='lat' dir='ltr'><strong><em>Bononiensi,</em></strong></span> <span class='ocrx_word' id='word_1_546' title='bbox 2474 4784 2566 4848; x_wconf 81' lang='lat' dir='ltr'><strong><em>vel</em></strong></span> <span class='ocrx_word' id='word_1_547' title='bbox 2607 4784 2806 4847; x_wconf 86' lang='lat' dir='ltr'><strong><em>alium</em></strong></span> <span class='ocrx_word' id='word_1_548' title='bbox 2849 4784 2935 4847; x_wconf 90' lang='lat' dir='ltr'><strong><em>ad</em></strong></span> <span class='ocrx_word' id='word_1_549' title='bbox 2978 4783 3414 4868; x_wconf 88' lang='lat' dir='ltr'><strong><em>beneplacitum</em></strong></span> <span class='ocrx_word' id='word_1_550' title='bbox 3459 4786 3652 4867; x_wconf 86' lang='lat' dir='ltr'><strong><em>ipsius</em></strong></span> <span class='ocrx_word' id='word_1_551' title='bbox 3695 4784 3930 4847; x_wconf 87' lang='lat' dir='ltr'><strong><em>domini</em></strong></span> <span class='ocrx_word' id='word_1_552' title='bbox 3964 4806 4149 4869; x_wconf 88' lang='lat' dir='ltr'><strong><em>pape,</em></strong></span> <span class='ocrx_word' id='word_1_553' title='bbox 4199 4787 4287 4848; x_wconf 83' lang='lat' dir='ltr'><strong><em>vel</em></strong></span> 
     </span>
     <span class='ocr_line' id='line_1_40' title="bbox 649 4889 4282 4979; baseline -0.001 -20"><span class='ocrx_word' id='word_1_554' title='bbox 649 4896 748 4959; x_wconf 87' lang='lat' dir='ltr'><strong><em>sui</em></strong></span> <span class='ocrx_word' id='word_1_555' title='bbox 793 4894 1022 4977; x_wconf 72' lang='lat' dir='ltr'><strong><em>nuntij,</em></strong></span> <span class='ocrx_word' id='word_1_556' title='bbox 1069 4914 1248 4979; x_wconf 88' lang='lat' dir='ltr'><strong><em>quem</em></strong></span> <span class='ocrx_word' id='word_1_557' title='bbox 1297 4893 1525 4955; x_wconf 90' lang='lat' dir='ltr'><strong><em>miserit</em></strong></span> <span class='ocrx_word' id='word_1_558' title='bbox 1569 4891 1655 4955; x_wconf 89' lang='lat' dir='ltr'><strong><em>ad</em></strong></span> <span class='ocrx_word' id='word_1_559' title='bbox 1686 4891 1990 4976; x_wconf 87' lang='lat' dir='ltr'><strong><em>predicta,</em></strong></span> <span class='ocrx_word' id='word_1_560' title='bbox 2023 4912 2284 4976; x_wconf 84' lang='lat' dir='ltr'><strong><em>quorum</em></strong></span> <span class='ocrx_word' id='word_1_561' title='bbox 2334 4892 2882 4955; x_wconf 85' lang='lat' dir='ltr'><strong><em>instrumentorum</em></strong></span> <span class='ocrx_word' id='word_1_562' title='bbox 2929 4912 3127 4955; x_wconf 89' lang='lat' dir='ltr'><strong><em>unum</em></strong></span> <span class='ocrx_word' id='word_1_563' title='bbox 3174 4890 3260 4954; x_wconf 88' lang='lat' dir='ltr'><strong><em>ad</em></strong></span> <span class='ocrx_word' id='word_1_564' title='bbox 3305 4892 3510 4954; x_wconf 88' lang='lat' dir='ltr'><strong><em>minus</em></strong></span> <span class='ocrx_word' id='word_1_565' title='bbox 3557 4893 3619 4953; x_wconf 89' lang='lat' dir='ltr'><strong><em>in</em></strong></span> <span class='ocrx_word' id='word_1_566' title='bbox 3656 4889 3968 4975; x_wconf 89' lang='lat' dir='ltr'><strong><em>publicam</em></strong></span> <span class='ocrx_word' id='word_1_567' title='bbox 4011 4891 4282 4975; x_wconf 80' lang='lat' dir='ltr'><strong><em>formam</em></strong></span> 
     </span>
     <span class='ocr_line' id='line_1_41' title="bbox 648 4996 4288 5085; baseline -0.001 -20"><span class='ocrx_word' id='word_1_568' title='bbox 648 5001 735 5065; x_wconf 90' lang='lat' dir='ltr'><strong><em>ad</em></strong></span> <span class='ocrx_word' id='word_1_569' title='bbox 778 5003 979 5085; x_wconf 89' lang='lat' dir='ltr'><strong><em>ipsum</em></strong></span> <span class='ocrx_word' id='word_1_570' title='bbox 1010 5008 1262 5085; x_wconf 88' lang='lat' dir='ltr'><strong><em>patrem</em></strong></span> <span class='ocrx_word' id='word_1_571' title='bbox 1306 5000 1752 5063; x_wconf 87' lang='lat' dir='ltr'><strong><em>sanctissimum</em></strong></span> <span class='ocrx_word' id='word_1_572' title='bbox 1800 5001 2170 5081; x_wconf 88' lang='lat' dir='ltr'><strong><em>remittatur,</em></strong></span> <span class='ocrx_word' id='word_1_573' title='bbox 2202 5005 2255 5062; x_wconf 92' lang='lat' dir='ltr'><strong><em>et</em></strong></span> <span class='ocrx_word' id='word_1_574' title='bbox 2273 5005 2466 5082; x_wconf 88' lang='lat' dir='ltr'><strong><em>prout</em></strong></span> <span class='ocrx_word' id='word_1_575' title='bbox 2501 4999 2567 5061; x_wconf 89' lang='lat' dir='ltr'><strong><em>in</em></strong></span> <span class='ocrx_word' id='word_1_576' title='bbox 2596 4999 2744 5082; x_wconf 89' lang='lat' dir='ltr'><strong><em>ipsis</em></strong></span> <span class='ocrx_word' id='word_1_577' title='bbox 2775 4999 2967 5061; x_wconf 89' lang='lat' dir='ltr'><strong><em>literis</em></strong></span> <span class='ocrx_word' id='word_1_578' title='bbox 2997 4996 3435 5079; x_wconf 84' lang='lat' dir='ltr'><strong><em>continebatur,</em></strong></span> <span class='ocrx_word' id='word_1_579' title='bbox 3473 5018 3581 5062; x_wconf 85' lang='lat' dir='ltr'><strong><em>seu</em></strong></span> <span class='ocrx_word' id='word_1_580' title='bbox 3615 5000 3958 5061; x_wconf 87' lang='lat' dir='ltr'><strong><em>continetur</em></strong></span> <span class='ocrx_word' id='word_1_581' title='bbox 3988 5000 4078 5062; x_wconf 80' lang='lat' dir='ltr'><strong><em>vel</em></strong></span> <span class='ocrx_word' id='word_1_582' title='bbox 4103 5007 4288 5082; x_wconf 84' lang='lat' dir='ltr'><strong><em>prout</em></strong></span> 
     </span>
     <span class='ocr_line' id='line_1_42' title="bbox 650 5105 4286 5189; baseline -0.002 -15"><span class='ocrx_word' id='word_1_583' title='bbox 650 5107 1052 5174; x_wconf 89' lang='lat' dir='ltr'><strong><em>continebitur</em></strong></span> <span class='ocrx_word' id='word_1_584' title='bbox 1096 5110 1164 5171; x_wconf 89' lang='lat' dir='ltr'><strong><em>in</em></strong></span> <span class='ocrx_word' id='word_1_585' title='bbox 1208 5107 1352 5189; x_wconf 76' lang='lat' dir='ltr'><strong><em>alijs</em></strong></span> <span class='ocrx_word' id='word_1_586' title='bbox 1397 5106 1472 5171; x_wconf 91' lang='lat' dir='ltr'><strong><em>de</em></strong></span> <span class='ocrx_word' id='word_1_587' title='bbox 1516 5126 1666 5170; x_wconf 77' lang='lat' dir='ltr'><strong><em>novo</em></strong></span> <span class='ocrx_word' id='word_1_588' title='bbox 1703 5106 2008 5188; x_wconf 82' lang='lat' dir='ltr'><strong><em>faciendis</em></strong></span> <span class='ocrx_word' id='word_1_589' title='bbox 2051 5106 2226 5188; x_wconf 84' lang='lat' dir='ltr'><strong><em>infra</em></strong></span> <span class='ocrx_word' id='word_1_590' title='bbox 2274 5107 2608 5169; x_wconf 86' lang='lat' dir='ltr'><strong><em>terminum</em></strong></span> <span class='ocrx_word' id='word_1_591' title='bbox 2645 5125 2758 5189; x_wconf 89' lang='lat' dir='ltr'><strong><em>per</em></strong></span> <span class='ocrx_word' id='word_1_592' title='bbox 2777 5105 3101 5189; x_wconf 84' lang='lat' dir='ltr'><strong><em>prefatum</em></strong></span> <span class='ocrx_word' id='word_1_593' title='bbox 3147 5106 3594 5169; x_wconf 86' lang='lat' dir='ltr'><strong><em>sanctissimum</em></strong></span> <span class='ocrx_word' id='word_1_594' title='bbox 3632 5113 3899 5188; x_wconf 87' lang='lat' dir='ltr'><strong><em>patrem,</em></strong></span> <span class='ocrx_word' id='word_1_595' title='bbox 3932 5113 3988 5169; x_wconf 88' lang='lat' dir='ltr'><strong><em>et</em></strong></span> <span class='ocrx_word' id='word_1_596' title='bbox 4014 5105 4103 5168; x_wconf 89' lang='lat' dir='ltr'><strong><em>ad</em></strong></span> <span class='ocrx_word' id='word_1_597' title='bbox 4140 5105 4286 5169; x_wconf 89' lang='lat' dir='ltr'><strong><em>obli·</em></strong></span> 
     </span>
     <span class='ocr_line' id='line_1_43' title="bbox 644 5210 4283 5300; baseline -0.001 -20"><span class='ocrx_word' id='word_1_598' title='bbox 644 5216 921 5300; x_wconf 82' lang='lat' dir='ltr'><strong><em>qandum</em></strong></span> <span class='ocrx_word' id='word_1_599' title='bbox 984 5216 1332 5280; x_wconf 89' lang='lat' dir='ltr'><strong><em>solemniter</em></strong></span> <span class='ocrx_word' id='word_1_600' title='bbox 1376 5214 1608 5278; x_wconf 88' lang='lat' dir='ltr'><strong><em>dictum</em></strong></span> <span class='ocrx_word' id='word_1_601' title='bbox 1667 5211 2034 5295; x_wconf 89' lang='lat' dir='ltr'><strong><em>Commune,</em></strong></span> <span class='ocrx_word' id='word_1_602' title='bbox 2097 5211 2558 5277; x_wconf 86' lang='lat' dir='ltr'><strong><em>Universitatem</em></strong></span> <span class='ocrx_word' id='word_1_603' title='bbox 2619 5219 2673 5277; x_wconf 88' lang='lat' dir='ltr'><strong><em>et</em></strong></span> <span class='ocrx_word' id='word_1_604' title='bbox 2723 5212 3030 5296; x_wconf 87' lang='lat' dir='ltr'><strong><em>populum</em></strong></span> <span class='ocrx_word' id='word_1_605' title='bbox 3077 5211 3354 5276; x_wconf 91' lang='lat' dir='ltr'><strong><em>Bononie</em></strong></span> <span class='ocrx_word' id='word_1_606' title='bbox 3401 5220 3455 5275; x_wconf 92' lang='lat' dir='ltr'><strong><em>et</em></strong></span> <span class='ocrx_word' id='word_1_607' title='bbox 3502 5213 3694 5296; x_wconf 87' lang='lat' dir='ltr'><strong><em>ipsius</em></strong></span> <span class='ocrx_word' id='word_1_608' title='bbox 3737 5210 3923 5294; x_wconf 89' lang='lat' dir='ltr'><strong><em>bona,</em></strong></span> <span class='ocrx_word' id='word_1_609' title='bbox 3976 5220 4031 5276; x_wconf 91' lang='lat' dir='ltr'><strong><em>et</em></strong></span> <span class='ocrx_word' id='word_1_610' title='bbox 4085 5215 4283 5297; x_wconf 87' lang='lat' dir='ltr'><strong><em>ipsum</em></strong></span> 
     </span>
     <span class='ocr_line' id='line_1_44' title="bbox 657 5317 4288 5406; baseline -0.001 -19"><span class='ocrx_word' id='word_1_611' title='bbox 657 5322 1017 5406; x_wconf 88' lang='lat' dir='ltr'><strong><em>Commune,</em></strong></span> <span class='ocrx_word' id='word_1_612' title='bbox 1078 5321 1540 5386; x_wconf 84' lang='lat' dir='ltr'><strong><em>Universitatem</em></strong></span> <span class='ocrx_word' id='word_1_613' title='bbox 1584 5328 1639 5385; x_wconf 92' lang='lat' dir='ltr'><strong><em>et</em></strong></span> <span class='ocrx_word' id='word_1_614' title='bbox 1673 5320 1978 5405; x_wconf 88' lang='lat' dir='ltr'><strong><em>populum</em></strong></span> <span class='ocrx_word' id='word_1_615' title='bbox 2023 5327 2077 5385; x_wconf 89' lang='lat' dir='ltr'><strong><em>et</em></strong></span> <span class='ocrx_word' id='word_1_616' title='bbox 2121 5341 2184 5384; x_wconf 93' lang='lat' dir='ltr'><strong><em>se</em></strong></span> <span class='ocrx_word' id='word_1_617' title='bbox 2228 5320 2384 5383; x_wconf 89' lang='lat' dir='ltr'><strong><em>dicto</em></strong></span> <span class='ocrx_word' id='word_1_618' title='bbox 2428 5321 2672 5384; x_wconf 89' lang='lat' dir='ltr'><strong><em>nomine</em></strong></span> <span class='ocrx_word' id='word_1_619' title='bbox 2715 5317 3215 5402; x_wconf 82' lang='lat' dir='ltr'><strong><em>submittendum,</em></strong></span> <span class='ocrx_word' id='word_1_620' title='bbox 3260 5319 3725 5403; x_wconf 85' lang='lat' dir='ltr'><strong><em>supponendum</em></strong></span> <span class='ocrx_word' id='word_1_621' title='bbox 3759 5319 4189 5402; x_wconf 83' lang='lat' dir='ltr'><strong><em>jurisdictioni</em></strong></span> <span class='ocrx_word' id='word_1_622' title='bbox 4234 5329 4288 5384; x_wconf 89' lang='lat' dir='ltr'><strong><em>et</em></strong></span> 
     </span>
     <span class='ocr_line' id='line_1_45' title="bbox 650 5425 4287 5512; baseline -0.001 -19"><span class='ocrx_word' id='word_1_623' title='bbox 650 5430 1008 5494; x_wconf 81' lang='lat' dir='ltr'><strong><em>coherctioni</em></strong></span> <span class='ocrx_word' id='word_1_624' title='bbox 1067 5431 1213 5493; x_wconf 90' lang='lat' dir='ltr'><strong><em>dicti</em></strong></span> <span class='ocrx_word' id='word_1_625' title='bbox 1270 5430 1635 5492; x_wconf 89' lang='lat' dir='ltr'><strong><em>sanctissimi</em></strong></span> <span class='ocrx_word' id='word_1_626' title='bbox 1687 5429 1888 5512; x_wconf 88' lang='lat' dir='ltr'><strong><em>patris</em></strong></span> <span class='ocrx_word' id='word_1_627' title='bbox 1947 5435 2001 5492; x_wconf 92' lang='lat' dir='ltr'><strong><em>et</em></strong></span> <span class='ocrx_word' id='word_1_628' title='bbox 2059 5435 2263 5492; x_wconf 83' lang='lat' dir='ltr'><strong><em>sancte</em></strong></span> <span class='ocrx_word' id='word_1_629' title='bbox 2321 5448 2575 5491; x_wconf 89' lang='lat' dir='ltr'><strong><em>romane</em></strong></span> <span class='ocrx_word' id='word_1_630' title='bbox 2634 5425 2899 5490; x_wconf 86' lang='lat' dir='ltr'><strong><em>Ecclesie</em></strong></span> <span class='ocrx_word' id='word_1_631' title='bbox 2960 5433 3013 5490; x_wconf 91' lang='lat' dir='ltr'><strong><em>et</em></strong></span> <span class='ocrx_word' id='word_1_632' title='bbox 3071 5446 3328 5490; x_wconf 88' lang='lat' dir='ltr'><strong><em>suorum</em></strong></span> <span class='ocrx_word' id='word_1_633' title='bbox 3384 5425 3747 5510; x_wconf 81' lang='lat' dir='ltr'><strong><em>officialium</em></strong></span> <span class='ocrx_word' id='word_1_634' title='bbox 3814 5433 3869 5489; x_wconf 94' lang='lat' dir='ltr'><strong><em>et</em></strong></span> <span class='ocrx_word' id='word_1_635' title='bbox 3926 5427 4287 5490; x_wconf 82' lang='lat' dir='ltr'><strong><em>auditorum</em></strong></span> 
     </span>
     <span class='ocr_line' id='line_1_46' title="bbox 652 5533 4284 5623; baseline -0.002 -21"><span class='ocrx_word' id='word_1_636' title='bbox 652 5558 1173 5623; x_wconf 86' lang='lat' dir='ltr'><strong><em>quorumcumque</em></strong></span> <span class='ocrx_word' id='word_1_637' title='bbox 1220 5557 1341 5620; x_wconf 89' lang='lat' dir='ltr'><strong><em>pro</em></strong></span> <span class='ocrx_word' id='word_1_638' title='bbox 1385 5535 1765 5600; x_wconf 83' lang='lat' dir='ltr'><strong><em>observantia</em></strong></span> <span class='ocrx_word' id='word_1_639' title='bbox 1811 5542 1867 5599; x_wconf 90' lang='lat' dir='ltr'><strong><em>et</em></strong></span> <span class='ocrx_word' id='word_1_640' title='bbox 1920 5537 2262 5599; x_wconf 66' lang='lat' dir='ltr'><strong><em>excecatione</em></strong></span> <span class='ocrx_word' id='word_1_641' title='bbox 2293 5536 2489 5620; x_wconf 88' lang='lat' dir='ltr'><strong><em>plena</em></strong></span> <span class='ocrx_word' id='word_1_642' title='bbox 2534 5541 2589 5597; x_wconf 90' lang='lat' dir='ltr'><strong><em>et</em></strong></span> <span class='ocrx_word' id='word_1_643' title='bbox 2620 5534 2899 5618; x_wconf 82' lang='lat' dir='ltr'><strong><em>perfecta</em></strong></span> <span class='ocrx_word' id='word_1_644' title='bbox 2953 5535 3225 5597; x_wconf 89' lang='lat' dir='ltr'><strong><em>omnium</em></strong></span> <span class='ocrx_word' id='word_1_645' title='bbox 3288 5541 3342 5598; x_wconf 95' lang='lat' dir='ltr'><strong><em>et</em></strong></span> <span class='ocrx_word' id='word_1_646' title='bbox 3393 5533 3780 5619; x_wconf 75' lang='lat' dir='ltr'><strong><em>sinqulorum</em></strong></span> <span class='ocrx_word' id='word_1_647' title='bbox 3813 5535 4284 5617; x_wconf 86' lang='lat' dir='ltr'><strong><em>premissorum,</em></strong></span> 
     </span>
     <span class='ocr_line' id='line_1_47' title="bbox 652 5639 4281 5728; baseline -0.001 -19"><span class='ocrx_word' id='word_1_648' title='bbox 652 5653 707 5709; x_wconf 91' lang='lat' dir='ltr'><strong><em>et</em></strong></span> <span class='ocrx_word' id='word_1_649' title='bbox 752 5647 933 5710; x_wconf 88' lang='lat' dir='ltr'><strong><em>etiam</em></strong></span> <span class='ocrx_word' id='word_1_650' title='bbox 976 5644 1063 5708; x_wconf 88' lang='lat' dir='ltr'><strong><em>ad</em></strong></span> <span class='ocrx_word' id='word_1_651' title='bbox 1094 5643 1507 5728; x_wconf 88' lang='lat' dir='ltr'><strong><em>prestandum</em></strong></span> <span class='ocrx_word' id='word_1_652' title='bbox 1552 5643 1863 5727; x_wconf 68' lang='lat' dir='ltr'><strong><em>corporale</em></strong></span> <span class='ocrx_word' id='word_1_653' title='bbox 1907 5640 2225 5725; x_wconf 83' lang='lat' dir='ltr'><strong><em>cujuslibet</em></strong></span> <span class='ocrx_word' id='word_1_654' title='bbox 2264 5643 2507 5727; x_wconf 76' lang='lat' dir='ltr'><strong><em>yeneris</em></strong></span> <span class='ocrx_word' id='word_1_655' title='bbox 2535 5641 2972 5723; x_wconf 86' lang='lat' dir='ltr'><strong><em>juramentum</em></strong></span> <span class='ocrx_word' id='word_1_656' title='bbox 3015 5642 3084 5704; x_wconf 89' lang='lat' dir='ltr'><strong><em>in</em></strong></span> <span class='ocrx_word' id='word_1_657' title='bbox 3127 5642 3398 5722; x_wconf 89' lang='lat' dir='ltr'><strong><em>animas,</em></strong></span> <span class='ocrx_word' id='word_1_658' title='bbox 3445 5647 3501 5705; x_wconf 89' lang='lat' dir='ltr'><strong><em>et</em></strong></span> <span class='ocrx_word' id='word_1_659' title='bbox 3543 5661 3731 5723; x_wconf 84' lang='lat' dir='ltr'><strong><em>super</em></strong></span> <span class='ocrx_word' id='word_1_660' title='bbox 3773 5639 4099 5704; x_wconf 86' lang='lat' dir='ltr'><strong><em>animabus</em></strong></span> <span class='ocrx_word' id='word_1_661' title='bbox 4142 5661 4281 5705; x_wconf 86' lang='lat' dir='ltr'><strong><em>oon·</em></strong></span> 
     </span>
     <span class='ocr_line' id='line_1_48' title="bbox 649 5746 4286 5837; baseline -0.002 -21"><span class='ocrx_word' id='word_1_662' title='bbox 649 5753 1053 5834; x_wconf 89' lang='lat' dir='ltr'><strong><em>stituentium,</em></strong></span> <span class='ocrx_word' id='word_1_663' title='bbox 1096 5750 1380 5837; x_wconf 79' lang='lat' dir='ltr'><strong><em>qenerale</em></strong></span> <span class='ocrx_word' id='word_1_664' title='bbox 1426 5751 1516 5814; x_wconf 75' lang='lat' dir='ltr'><strong><em>cel</em></strong></span> <span class='ocrx_word' id='word_1_665' title='bbox 1558 5750 1829 5834; x_wconf 87' lang='lat' dir='ltr'><strong><em>speciale,</em></strong></span> <span class='ocrx_word' id='word_1_666' title='bbox 1877 5749 2155 5834; x_wconf 90' lang='lat' dir='ltr'><strong><em>quodque</em></strong></span> <span class='ocrx_word' id='word_1_667' title='bbox 2199 5747 2275 5812; x_wconf 88' lang='lat' dir='ltr'><strong><em>ab</em></strong></span> <span class='ocrx_word' id='word_1_668' title='bbox 2321 5751 2405 5814; x_wconf 89' lang='lat' dir='ltr'><strong><em>eis</em></strong></span> <span class='ocrx_word' id='word_1_669' title='bbox 2439 5755 2686 5832; x_wconf 89' lang='lat' dir='ltr'><strong><em>petetur</em></strong></span> <span class='ocrx_word' id='word_1_670' title='bbox 2731 5748 2821 5812; x_wconf 75' lang='lat' dir='ltr'><strong><em>cel</em></strong></span> <span class='ocrx_word' id='word_1_671' title='bbox 2859 5748 3000 5830; x_wconf 85' lang='lat' dir='ltr'><strong><em>fieri</em></strong></span> <span class='ocrx_word' id='word_1_672' title='bbox 3035 5750 3369 5811; x_wconf 84' lang='lat' dir='ltr'><strong><em>occurrerit</em></strong></span> <span class='ocrx_word' id='word_1_673' title='bbox 3415 5768 3539 5831; x_wconf 87' lang='lat' dir='ltr'><strong><em>pro</em></strong></span> <span class='ocrx_word' id='word_1_674' title='bbox 3602 5748 3945 5811; x_wconf 68' lang='lat' dir='ltr'><strong><em>executione</em></strong></span> <span class='ocrx_word' id='word_1_675' title='bbox 3990 5754 4044 5810; x_wconf 91' lang='lat' dir='ltr'><strong><em>et</em></strong></span> <span class='ocrx_word' id='word_1_676' title='bbox 4088 5746 4286 5812; x_wconf 87' lang='lat' dir='ltr'><strong><em>obser-</em></strong></span> 
     </span>
     <span class='ocr_line' id='line_1_49' title="bbox 652 5853 4287 5942; baseline -0.002 -18"><span class='ocrx_word' id='word_1_677' title='bbox 652 5861 861 5924; x_wconf 86' lang='lat' dir='ltr'><strong><em>vantia</em></strong></span> <span class='ocrx_word' id='word_1_678' title='bbox 900 5858 1293 5942; x_wconf 79' lang='lat' dir='ltr'><strong><em>supradictis.</em></strong></span> <span class='ocrx_word' id='word_1_679' title='bbox 1341 5856 1497 5921; x_wconf 86' lang='lat' dir='ltr'><strong><em>Item</em></strong></span> <span class='ocrx_word' id='word_1_680' title='bbox 1555 5858 1738 5920; x_wconf 86' lang='lat' dir='ltr'><strong><em>salvis</em></strong></span> <span class='ocrx_word' id='word_1_681' title='bbox 1795 5856 2075 5921; x_wconf 88' lang='lat' dir='ltr'><strong><em>omnibus</em></strong></span> <span class='ocrx_word' id='word_1_682' title='bbox 2121 5863 2175 5920; x_wconf 90' lang='lat' dir='ltr'><strong><em>et</em></strong></span> <span class='ocrx_word' id='word_1_683' title='bbox 2218 5856 2480 5940; x_wconf 81' lang='lat' dir='ltr'><strong><em>sinqulis</em></strong></span> <span class='ocrx_word' id='word_1_684' title='bbox 2523 5876 2718 5940; x_wconf 88' lang='lat' dir='ltr'><strong><em>supra</em></strong></span> <span class='ocrx_word' id='word_1_685' title='bbox 2761 5855 2939 5919; x_wconf 88' lang='lat' dir='ltr'><strong><em>dictis</em></strong></span> <span class='ocrx_word' id='word_1_686' title='bbox 2982 5854 3068 5918; x_wconf 91' lang='lat' dir='ltr'><strong><em>ad</em></strong></span> <span class='ocrx_word' id='word_1_687' title='bbox 3110 5854 3580 5938; x_wconf 83' lang='lat' dir='ltr'><strong><em>supplicandum</em></strong></span> <span class='ocrx_word' id='word_1_688' title='bbox 3626 5853 3944 5917; x_wconf 75' lang='lat' dir='ltr'><strong><em>humiliter</em></strong></span> <span class='ocrx_word' id='word_1_689' title='bbox 3988 5861 4042 5918; x_wconf 91' lang='lat' dir='ltr'><strong><em>et</em></strong></span> <span class='ocrx_word' id='word_1_690' title='bbox 4086 5854 4287 5919; x_wconf 73' lang='lat' dir='ltr'><strong><em>devote</em></strong></span> 
     </span>
     <span class='ocr_line' id='line_1_50' title="bbox 654 5961 4287 6051; baseline -0.002 -19"><span class='ocrx_word' id='word_1_691' title='bbox 654 5974 709 6032; x_wconf 91' lang='lat' dir='ltr'><strong><em>et</em></strong></span> <span class='ocrx_word' id='word_1_692' title='bbox 739 5965 1073 6051; x_wconf 88' lang='lat' dir='ltr'><strong><em>petendum</em></strong></span> <span class='ocrx_word' id='word_1_693' title='bbox 1120 5973 1174 6030; x_wconf 91' lang='lat' dir='ltr'><strong><em>et</em></strong></span> <span class='ocrx_word' id='word_1_694' title='bbox 1218 5965 1700 6049; x_wconf 89' lang='lat' dir='ltr'><strong><em>impetrandum,</em></strong></span> <span class='ocrx_word' id='word_1_695' title='bbox 1734 5963 2081 6028; x_wconf 87' lang='lat' dir='ltr'><strong><em>nominibus</em></strong></span> <span class='ocrx_word' id='word_1_696' title='bbox 2135 5961 2355 6048; x_wconf 89' lang='lat' dir='ltr'><strong><em>quibus</em></strong></span> <span class='ocrx_word' id='word_1_697' title='bbox 2397 5983 2613 6046; x_wconf 90' lang='lat' dir='ltr'><strong><em>supra,</em></strong></span> <span class='ocrx_word' id='word_1_698' title='bbox 2657 5961 2733 6026; x_wconf 91' lang='lat' dir='ltr'><strong><em>ab</em></strong></span> <span class='ocrx_word' id='word_1_699' title='bbox 2787 5963 2915 6046; x_wconf 87' lang='lat' dir='ltr'><strong><em>ipso</em></strong></span> <span class='ocrx_word' id='word_1_700' title='bbox 2956 5963 3331 6026; x_wconf 88' lang='lat' dir='ltr'><strong><em>sanctissimo</em></strong></span> <span class='ocrx_word' id='word_1_701' title='bbox 3365 5968 3550 6046; x_wconf 86' lang='lat' dir='ltr'><strong><em>pat-re</em></strong></span> <span class='ocrx_word' id='word_1_702' title='bbox 3592 5962 4018 6025; x_wconf 83' lang='lat' dir='ltr'><strong><em>correctionem</em></strong></span> <span class='ocrx_word' id='word_1_703' title='bbox 4064 5969 4118 6025; x_wconf 92' lang='lat' dir='ltr'><strong><em>et</em></strong></span> <span class='ocrx_word' id='word_1_704' title='bbox 4163 5983 4287 6025; x_wconf 89' lang='lat' dir='ltr'><strong><em>mo-</em></strong></span> 
     </span>
     <span class='ocr_line' id='line_1_51' title="bbox 652 6068 4287 6157; baseline -0.002 -21"><span class='ocrx_word' id='word_1_705' title='bbox 652 6073 1055 6157; x_wconf 87' lang='lat' dir='ltr'><strong><em>dificationem</em></strong></span> <span class='ocrx_word' id='word_1_706' title='bbox 1103 6079 1156 6136; x_wconf 87' lang='lat' dir='ltr'><strong><em>et</em></strong></span> <span class='ocrx_word' id='word_1_707' title='bbox 1202 6072 1675 6136; x_wconf 82' lang='lat' dir='ltr'><strong><em>declarationem</em></strong></span> <span class='ocrx_word' id='word_1_708' title='bbox 1728 6077 2032 6135; x_wconf 91' lang='lat' dir='ltr'><strong><em>certorum</em></strong></span> <span class='ocrx_word' id='word_1_709' title='bbox 2092 6070 2504 6154; x_wconf 86' lang='lat' dir='ltr'><strong><em>capitulorum</em></strong></span> <span class='ocrx_word' id='word_1_710' title='bbox 2548 6071 2615 6133; x_wconf 89' lang='lat' dir='ltr'><strong><em>in</em></strong></span> <span class='ocrx_word' id='word_1_711' title='bbox 2660 6077 2828 6152; x_wconf 90' lang='lat' dir='ltr'><strong><em>nota,</em></strong></span> <span class='ocrx_word' id='word_1_712' title='bbox 2867 6071 3266 6132; x_wconf 89' lang='lat' dir='ltr'><strong><em>instrumento</em></strong></span> <span class='ocrx_word' id='word_1_713' title='bbox 3312 6075 3367 6132; x_wconf 90' lang='lat' dir='ltr'><strong><em>et</em></strong></span> <span class='ocrx_word' id='word_1_714' title='bbox 3411 6068 3587 6131; x_wconf 88' lang='lat' dir='ltr'><strong><em>dictis</em></strong></span> <span class='ocrx_word' id='word_1_715' title='bbox 3633 6068 3826 6132; x_wconf 85' lang='lat' dir='ltr'><strong><em>literis</em></strong></span> <span class='ocrx_word' id='word_1_716' title='bbox 3869 6074 4287 6132; x_wconf 85' lang='lat' dir='ltr'><strong><em>contentorum</em></strong></span> 
     </span>
     <span class='ocr_line' id='line_1_52' title="bbox 652 6174 4288 6264; baseline -0.001 -19"><span class='ocrx_word' id='word_1_717' title='bbox 652 6183 917 6246; x_wconf 72' lang='lat' dir='ltr'><strong><em>maxime</em></strong></span> <span class='ocrx_word' id='word_1_718' title='bbox 962 6179 1443 6264; x_wconf 85' lang='lat' dir='ltr'><strong><em>importabilium</em></strong></span> <span class='ocrx_word' id='word_1_719' title='bbox 1487 6187 1542 6244; x_wconf 91' lang='lat' dir='ltr'><strong><em>et</em></strong></span> <span class='ocrx_word' id='word_1_720' title='bbox 1595 6200 1720 6244; x_wconf 91' lang='lat' dir='ltr'><strong><em>non</em></strong></span> <span class='ocrx_word' id='word_1_721' title='bbox 1779 6177 2245 6262; x_wconf 87' lang='lat' dir='ltr'><strong><em>tollerabilium,</em></strong></span> <span class='ocrx_word' id='word_1_722' title='bbox 2290 6185 2345 6242; x_wconf 88' lang='lat' dir='ltr'><strong><em>et</em></strong></span> <span class='ocrx_word' id='word_1_723' title='bbox 2406 6180 2570 6262; x_wconf 86' lang='lat' dir='ltr'><strong><em>ipsas</em></strong></span> <span class='ocrx_word' id='word_1_724' title='bbox 2627 6178 3056 6260; x_wconf 87' lang='lat' dir='ltr'><strong><em>correctiones,</em></strong></span> <span class='ocrx_word' id='word_1_725' title='bbox 3097 6176 3566 6259; x_wconf 82' lang='lat' dir='ltr'><strong><em>modificationes</em></strong></span> <span class='ocrx_word' id='word_1_726' title='bbox 3611 6182 3666 6239; x_wconf 94' lang='lat' dir='ltr'><strong><em>et</em></strong></span> <span class='ocrx_word' id='word_1_727' title='bbox 3724 6174 4187 6259; x_wconf 88' lang='lat' dir='ltr'><strong><em>declarationes,</em></strong></span> <span class='ocrx_word' id='word_1_728' title='bbox 4233 6180 4288 6240; x_wconf 90' lang='lat' dir='ltr'><strong><em>si</em></strong></span> 
     </span>
     <span class='ocr_line' id='line_1_53' title="bbox 653 6282 4290 6375; baseline -0.002 -21"><span class='ocrx_word' id='word_1_729' title='bbox 653 6310 805 6375; x_wconf 86' lang='lat' dir='ltr'><strong><em>quas</em></strong></span> <span class='ocrx_word' id='word_1_730' title='bbox 855 6288 1022 6372; x_wconf 83' lang='lat' dir='ltr'><strong><em>fecit,</em></strong></span> <span class='ocrx_word' id='word_1_731' title='bbox 1069 6287 1484 6371; x_wconf 88' lang='lat' dir='ltr'><strong><em>recipiendum</em></strong></span> <span class='ocrx_word' id='word_1_732' title='bbox 1546 6294 1601 6351; x_wconf 87' lang='lat' dir='ltr'><strong><em>et</em></strong></span> <span class='ocrx_word' id='word_1_733' title='bbox 1648 6286 2184 6371; x_wconf 86' lang='lat' dir='ltr'><strong><em>prosequendum,</em></strong></span> <span class='ocrx_word' id='word_1_734' title='bbox 2231 6292 2286 6349; x_wconf 92' lang='lat' dir='ltr'><strong><em>et</em></strong></span> <span class='ocrx_word' id='word_1_735' title='bbox 2344 6285 2487 6348; x_wconf 87' lang='lat' dir='ltr'><strong><em>illas</em></strong></span> <span class='ocrx_word' id='word_1_736' title='bbox 2545 6291 2597 6348; x_wconf 95' lang='lat' dir='ltr'><strong><em>et</em></strong></span> <span class='ocrx_word' id='word_1_737' title='bbox 2658 6284 2998 6349; x_wconf 85' lang='lat' dir='ltr'><strong><em>secundum</em></strong></span> <span class='ocrx_word' id='word_1_738' title='bbox 3055 6283 3197 6346; x_wconf 87' lang='lat' dir='ltr'><strong><em>illas</em></strong></span> <span class='ocrx_word' id='word_1_739' title='bbox 3263 6283 3354 6346; x_wconf 85' lang='lat' dir='ltr'><strong><em>vel</em></strong></span> <span class='ocrx_word' id='word_1_740' title='bbox 3413 6283 3597 6346; x_wconf 87' lang='lat' dir='ltr'><strong><em>etiam</em></strong></span> <span class='ocrx_word' id='word_1_741' title='bbox 3653 6284 3785 6346; x_wconf 90' lang='lat' dir='ltr'><strong><em>sine</em></strong></span> <span class='ocrx_word' id='word_1_742' title='bbox 3841 6282 3986 6366; x_wconf 90' lang='lat' dir='ltr'><strong><em>illis,</em></strong></span> <span class='ocrx_word' id='word_1_743' title='bbox 4031 6284 4087 6346; x_wconf 90' lang='lat' dir='ltr'><strong><em>si</em></strong></span> <span class='ocrx_word' id='word_1_744' title='bbox 4125 6284 4290 6366; x_wconf 79' lang='lat' dir='ltr'><strong><em>forte</em></strong></span> 
     </span>
     <span class='ocr_line' id='line_1_54' title="bbox 652 6390 4291 6480; baseline -0.002 -19"><span class='ocrx_word' id='word_1_745' title='bbox 652 6398 940 6462; x_wconf 89' lang='lat' dir='ltr'><strong><em>dominus</em></strong></span> <span class='ocrx_word' id='word_1_746' title='bbox 998 6402 1201 6460; x_wconf 86' lang='lat' dir='ltr'><strong><em>noster</em></strong></span> <span class='ocrx_word' id='word_1_747' title='bbox 1247 6415 1421 6480; x_wconf 89' lang='lat' dir='ltr'><strong><em>papa</em></strong></span> <span class='ocrx_word' id='word_1_748' title='bbox 1479 6395 1726 6480; x_wconf 85' lang='lat' dir='ltr'><strong><em>aliquas</em></strong></span> <span class='ocrx_word' id='word_1_749' title='bbox 1784 6395 2210 6475; x_wconf 88' lang='lat' dir='ltr'><strong><em>correctiones,</em></strong></span> <span class='ocrx_word' id='word_1_750' title='bbox 2257 6392 2731 6475; x_wconf 86' lang='lat' dir='ltr'><strong><em>declarationes,</em></strong></span> <span class='ocrx_word' id='word_1_751' title='bbox 2779 6393 2870 6456; x_wconf 85' lang='lat' dir='ltr'><strong><em>vel</em></strong></span> <span class='ocrx_word' id='word_1_752' title='bbox 2931 6391 3402 6475; x_wconf 85' lang='lat' dir='ltr'><strong><em>modificationes</em></strong></span> <span class='ocrx_word' id='word_1_753' title='bbox 3454 6391 3637 6454; x_wconf 88' lang='lat' dir='ltr'><strong><em>nollet</em></strong></span> <span class='ocrx_word' id='word_1_754' title='bbox 3694 6390 3923 6473; x_wconf 79' lang='lat' dir='ltr'><strong><em>facere,</em></strong></span> <span class='ocrx_word' id='word_1_755' title='bbox 3976 6391 4067 6455; x_wconf 78' lang='lat' dir='ltr'><strong><em>vel</em></strong></span> <span class='ocrx_word' id='word_1_756' title='bbox 4126 6392 4291 6476; x_wconf 82' lang='lat' dir='ltr'><strong><em>quod</em></strong></span> 
     </span>
     <span class='ocr_line' id='line_1_55' title="bbox 646 6495 4291 6588; baseline -0.002 -20"><span class='ocrx_word' id='word_1_757' title='bbox 646 6503 866 6588; x_wconf 84' lang='lat' dir='ltr'><strong><em>fierent</em></strong></span> <span class='ocrx_word' id='word_1_758' title='bbox 924 6502 1297 6582; x_wconf 89' lang='lat' dir='ltr'><strong><em>consentire,</em></strong></span> <span class='ocrx_word' id='word_1_759' title='bbox 1359 6499 1785 6586; x_wconf 88' lang='lat' dir='ltr'><strong><em>approbandi,</em></strong></span> <span class='ocrx_word' id='word_1_760' title='bbox 1844 6498 2199 6583; x_wconf 84' lang='lat' dir='ltr'><strong><em>ratificandi</em></strong></span> <span class='ocrx_word' id='word_1_761' title='bbox 2262 6505 2318 6563; x_wconf 90' lang='lat' dir='ltr'><strong><em>et</em></strong></span> <span class='ocrx_word' id='word_1_762' title='bbox 2379 6498 2791 6581; x_wconf 83' lang='lat' dir='ltr'><strong><em>confirmandi</em></strong></span> <span class='ocrx_word' id='word_1_763' title='bbox 2845 6500 3054 6562; x_wconf 88' lang='lat' dir='ltr'><strong><em>omnia</em></strong></span> <span class='ocrx_word' id='word_1_764' title='bbox 3114 6504 3169 6561; x_wconf 89' lang='lat' dir='ltr'><strong><em>et</em></strong></span> <span class='ocrx_word' id='word_1_765' title='bbox 3235 6496 3483 6582; x_wconf 76' lang='lat' dir='ltr'><strong><em>sinqula</em></strong></span> <span class='ocrx_word' id='word_1_766' title='bbox 3541 6496 3916 6580; x_wconf 89' lang='lat' dir='ltr'><strong><em>supradicta.</em></strong></span> <span class='ocrx_word' id='word_1_767' title='bbox 3981 6495 4138 6560; x_wconf 91' lang='lat' dir='ltr'><strong><em>Item</em></strong></span> <span class='ocrx_word' id='word_1_768' title='bbox 4205 6498 4291 6559; x_wconf 86' lang='lat' dir='ltr'><strong><em>ad</em></strong></span> 
     </span>
    </p>
   </div>
   <div class='ocr_carea' id='block_1_3' title="bbox 813 6623 4123 6679">
    <p class='ocr_par' dir='ltr' id='par_1_3' title="bbox 813 6623 4123 6679">
     <span class='ocr_line' id='line_1_56' title="bbox 813 6623 4123 6679; baseline -0.002 -1"><span class='ocrx_word' id='word_1_769' title='bbox 813 6640 950 6679; x_wconf 69' lang='grc' dir='ltr'><strong><em>τοι.</em></strong></span> <span class='ocrx_word' id='word_1_770' title='bbox 988 6641 1053 6678; x_wconf 82' lang='grc' dir='ltr'><strong><em>ιι.</em></strong></span> <span class='ocrx_word' id='word_1_771' title='bbox 1244 6640 1249 6646; x_wconf 87' lang='grc'><em>·</em></span> <span class='ocrx_word' id='word_1_772' title='bbox 4059 6623 4123 6673; x_wconf 81' lang='grc'><strong><em>17</em></strong></span> 
     </span>
    </p>
   </div>
  </div>
 </body>
</html>
