5542 7775
1212 587 1243 655 1
1262 586 1360 656 02
2788 610 3270 661 MONUMENTA

1203 763 1374 829 tibus
1422 765 1555 848 vel,
1604 767 1831 831 eadem
1879 767 2044 832 Sede
2091 774 2398 849 vacante,
2449 766 2739 850 Collegio
2802 765 3241 831 Cardinalium
3289 773 3510 832 sancte
3567 788 3830 832 romane
3878 766 4168 833 Ecclesie
4215 790 4330 833 seu
4383 768 4480 832 illi
4527 770 4629 834 vel
4677 770 4838 854 illie,

1205 892 1365 956 quos
1411 894 1529 938 nos
1574 873 1677 938 vel
1723 895 2124 939 successores
2170 874 2371 940 nostri
2414 874 2722 961 predicti,
2770 895 2920 956 seu,
2970 874 3141 939 dicta
3192 873 3358 938 Sede
3403 881 3698 958 vacante,
3741 875 4066 961 prefatum
4113 875 4478 961 Collegium
4528 877 4840 943 Cardina·

1203 978 1361 1043 lium
1406 980 1926 1067 deputaverimus
1988 1004 2101 1046 seu
2162 982 2653 1069 deputaverint,
2700 981 2962 1045 valeant
3025 982 3357 1046 nominare
3420 989 3551 1047 tres
3607 1003 3917 1068 personas
3974 982 4274 1067 idoneae,
4322 984 4709 1050 sufficientes
4776 995 4843 1050 et

1200 1087 1534 1173 providae,
1581 1088 1661 1154 de
1706 1089 1847 1176 ipea
1894 1090 2153 1155 civitate
2200 1091 2305 1155 vel
2352 1089 2591 1155 diocesi
2653 1089 3033 1154 bononiensi
3096 1110 3222 1153 non
3278 1089 3618 1171 oriundae,
3669 1096 3734 1153 et
3797 1088 4007 1154 eidem
4062 1111 4325 1155 romane
4371 1090 4661 1157 Ecclesie
4708 1114 4838 1157 non

1203 1195 1474 1260 rebelles
1508 1217 1627 1261 nec
1672 1197 2007 1262 indevotas
2038 1197 2151 1262 sed
2195 1197 2418 1263 fideles
2464 1205 2529 1262 et
2575 1197 2864 1280 devotas,
2914 1197 2979 1261 in
3025 1196 3445 1277 Potestatem,
3480 1203 3545 1260 et
3591 1196 3861 1261 totidem
3908 1197 4072 1261 alias
4123 1219 4433 1283 personas
4481 1200 4723 1265 similes
4772 1200 4838 1263 in

1202 1302 1629 1389 Capitaneum
1675 1302 1953 1370 civitatis
1999 1306 2309 1391 ejusdem,
2359 1305 2615 1392 quando
2662 1326 2779 1391 per
2827 1304 3252 1390 Capitaneum
3300 1304 3441 1388 regi
3486 1303 3829 1387 voluerint,
3880 1304 3959 1369 de
4016 1306 4247 1391 quibus
4296 1307 4501 1372 tribus
4546 1309 4838 1394 personis

1201 1409 1266 1474 in
1315 1411 1713 1477 Potestatem
1756 1414 2098 1478 nominatis
2144 1436 2360 1496 unam,
2411 1435 2606 1499 quam
2653 1412 3105 1495 maluerimus,
3156 1412 3258 1475 vel
3306 1410 3462 1476 dicti
3508 1433 3911 1477 successores
3961 1414 4197 1497 nostri,
4247 1421 4398 1498 aut,
4449 1414 4621 1480 dicta
4671 1414 4838 1481 Sede

1197 1527 1492 1604 vacante,
1539 1521 1862 1608 prefatum
1909 1521 2271 1608 Collegium
2318 1520 2758 1586 Cardinalium
2806 1520 3171 1602 maluerint,
3219 1520 3323 1584 vel
3372 1519 3502 1602 ille,
3539 1541 3654 1584 seu
3702 1520 3818 1603 illi,
3854 1521 4087 1607 quibus
4134 1544 4252 1587 nos
4310 1544 4425 1586 seu
4475 1523 4630 1589 dicti
4692 1545 4836 1588 suc·

1198 1647 1483 1693 cessores
1530 1630 1734 1694 nostri
1779 1629 1883 1694 vel
1929 1630 2251 1716 prefatum
2300 1629 2662 1714 Collegium
2710 1628 3172 1710 Cardinalium,
3221 1628 3394 1691 dicta
3445 1627 3611 1692 Sede
3659 1636 3962 1712 vacante,
4011 1629 4095 1693 ad
4138 1629 4261 1694 hoc
4309 1629 4684 1696 duxerimus
4733 1635 4836 1696 vel

1200 1735 1505 1801 duxerint
1550 1737 1952 1824 deputandos
1998 1738 2065 1801 in
2096 1738 2513 1819 Potestatem,
2556 1742 2621 1800 et
2668 1735 2748 1799 de
2796 1735 3060 1821 reliquis
3107 1735 3313 1800 tribus
3361 1736 3426 1799 in
3476 1734 3904 1821 Capitaneum
3948 1737 4295 1802 nominatis
4343 1760 4560 1822 unam,
4595 1738 4674 1804 de
4709 1761 4837 1826 qua

1201 1844 1386 1909 nobis
1433 1846 1535 1909 vel
1583 1845 1768 1910 dictis
1814 1845 2308 1926 successoribus,
2352 1850 2483 1926 aut,
2517 1850 2790 1907 vacante
2839 1842 3005 1907 Sede
3047 1842 3320 1928 prefata,
3356 1842 3646 1928 Collegio
3680 1843 4124 1908 Cardinalium
4157 1845 4503 1929 videbitur,
4540 1847 4605 1911 in
4646 1847 4835 1935 Capi·

1201 1958 1463 2017 taneum
1509 1934 1786 2017 civitatis
1831 1953 2123 2038 ejusdem
2169 1951 2555 2017 constituere
2601 1959 2666 2016 et
2720 1972 2961 2036 ponere
3027 1973 3100 2015 ac
3172 1949 3483 2036 deputare
3546 1951 3899 2036 possimus3
3948 1959 4013 2016 et
4060 1953 4232 2038 quod
4278 1953 4344 2017 in
4392 1975 4547 2018 casu
4593 1954 4660 2019 in
4708 1977 4834 2041 quo

1201 2060 1416 2124 nullus
1462 2060 1777 2126 dictorum
1823 2061 2297 2125 nominatorum
2344 2059 2528 2124 nobis
2574 2081 2686 2124 seu
2734 2058 2921 2123 dictis
2967 2057 3462 2140 successoribus,
3511 2058 3636 2140 vel,
3688 2058 3854 2123 Sede
3904 2060 4044 2145 ipsa
4090 2068 4402 2143 vacante,
4453 2058 4623 2127 dicto
4686 2062 4836 2128 Col-

1199 2168 1404 2253 legi0,
1452 2190 1566 2233 seu
1614 2168 1707 2233 illi
1753 2169 1858 2233 vel
1906 2168 2032 2232 illie
2081 2168 2190 2254 qui
2236 2188 2353 2254 per
2398 2189 2514 2231 nos
2561 2167 2666 2231 vel
2713 2166 2918 2230 dictos
2965 2186 3391 2247 successores,
3439 2165 3541 2230 vel
3591 2165 3835 2230 dictum
3883 2167 4281 2253 Collegium,
4325 2168 4491 2233 Sede
4538 2178 4831 2253 vacante,

1199 2276 1282 2340 ad
1326 2276 1448 2341 hoc
1494 2277 1733 2341 fuerint
1779 2276 2090 2363 deputati,
2139 2276 2458 2340 sufficiens
2498 2275 2610 2340 .vel
2657 2274 2928 2338 idoneus
2974 2273 3322 2356 videretur,
3372 2272 3527 2338 dicti
3574 2273 3949 2356 Commune,
3998 2275 4385 2340 universitas
4432 2284 4498 2341 et
4543 2276 4832 2363 Populus

1198 2384 1624 2449 bononienses
1672 2386 1833 2450 alios
1878 2392 2009 2449 tres
2056 2385 2121 2448 in
2167 2384 2566 2449 Potestatem
2598 2390 2663 2446 et
2695 2381 2962 2446 totidem
3009 2381 3303 2445 similiter
3335 2382 3400 2445 in
3434 2380 3863 2467 Capitaneum
3901 2382 4180 2447 civitatis
4229 2384 4540 2468 ejusdem,
4575 2386 4832 2472 quando

1196 2514 1313 2578 per
1359 2491 1787 2579 Capitaneum
1831 2494 1971 2579 regi
2018 2492 2360 2573 voluerint,
2407 2499 2480 2556 ut
2525 2490 2868 2576 prefertur,
2916 2489 3148 2553 iterum
3195 2496 3261 2552 et
3307 2489 3494 2554 toties
3539 2488 3724 2553 nobis
3772 2489 4086 2576 dictisque
4133 2493 4638 2575 successoribus,
4686 2502 4830 2578 aut,

1198 2599 1371 2665 dicta
1406 2600 1572 2665 Sede
1604 2607 1898 2684 vacante,
1933 2600 2223 2685 Collegio
2271 2598 2661 2685 supradicto,
2694 2619 2809 2662 seu
2852 2597 2946 2661 illi
2993 2597 3096 2661 vel
3138 2596 3264 2659 illis
3297 2618 3336 2660 a
3368 2596 3552 2660 nobis
3597 2597 3701 2660 vel
3745 2595 3930 2661 dictis
3970 2599 4466 2684 successoribus,
4500 2601 4625 2684 vel,
4660 2601 4831 2667 dicta

1197 2709 1363 2775 Sede
1410 2716 1720 2791 vacante,
1770 2729 1809 2772 a
1854 2707 2024 2773 dicto
2075 2707 2399 2793 Collegio,
2449 2711 2519 2770 ut
2564 2706 2957 2792 premittitur
3004 2703 3424 2789 deputandis,
3471 2704 3721 2790 possint
3767 2712 3832 2769 et
3880 2704 4160 2770 debeant
4206 2708 4577 2791 nominare,
4627 2708 4831 2775 donec

1187 2840 1304 2882 nos
1349 2818 1453 2883 vel
1499 2817 1655 2882 dicti
1700 2837 2121 2897 successores,
2155 2821 2287 2897 aut,
2321 2815 2495 2878 dicta
2543 2813 2710 2879 Sede
2759 2819 3052 2894 vacante,
3086 2811 3329 2875 dictum
3376 2810 3739 2897 Collegium
3787 2833 3989 2876 unum
4020 2836 4104 2877 ex
4136 2814 4440 2900 predictis
4485 2817 4830 2881 nominatis

1186 2928 1251 2991 in
1298 2927 1697 2993 Potestatem
1743 2931 1808 2989 et
1850 2926 2051 2988 alium
2097 2924 2163 2987 in
2208 2922 2635 3008 Capitaneum
2681 2921 2848 2985 dicte
2896 2920 3174 2984 civitatis
3221 2919 3510 2983 invenire
3558 2928 3623 2984 et
3676 2927 4014 3005 acceptare
4064 2922 4336 2987 velimus
4390 2929 4454 2987 et
4500 2924 4726 3008 velint,
4762 2934 4828 2989 et

1185 3057 1387 3100 unum
1432 3055 1655 3098 eorum
1686 3032 1751 3096 in
1781 3032 2182 3098 Potestatem
2227 3039 2292 3096 et
2336 3030 2612 3094 alterum
2643 3030 2709 3093 in
2743 3028 3170 3114 Capitaneum
3219 3027 3387 3092 dicte
3437 3028 3737 3111 civitatis,
3772 3029 4029 3114 quando
4077 3052 4191 3116 per
4225 3030 4654 3116 Capitaneum
4688 3034 4829 3117 regi

1185 3142 1527 3224 voluerint,
1568 3141 1810 3206 eisdem
1857 3138 2195 3204 Communi
2242 3146 2306 3203 et
2351 3137 2778 3220 universitati,
2813 3157 2889 3200 ac
2935 3135 3187 3222 Populo
3236 3156 3496 3221 ponere,
3531 3136 3941 3218 constituere,
3977 3158 4053 3201 ac
4086 3138 4283 3201 etiam
4328 3137 4663 3225 deputare.
4699 3139 4828 3215 Qui

1185 3250 1404 3315 taliter
1448 3249 1773 3335 deputati,
1820 3249 1999 3313 velut
2054 3247 2358 3313 officiales
2404 3245 2605 3309 nostri
2662 3253 2726 3308 et
2773 3243 3065 3329 ejusdem
3111 3243 3400 3308 Ecclesie
3449 3243 3819 3326 hujusmodi
3869 3245 4219 3331 potestarie
4269 3254 4334 3309 et
4380 3247 4828 3332 capitaneatus

1184 3359 1394 3424 officia
1440 3364 1659 3422 nostro
1706 3364 1771 3421 et
1817 3376 2260 3421 successorum
2304 3360 2671 3419 nostrorum
2716 3373 3132 3417 romanorum
3177 3350 3567 3415 Pontificum
3613 3358 3678 3415 et
3724 3351 4017 3436 ejusdem
4061 3352 4353 3418 Ecclesia
4402 3355 4661 3419 nomine
4707 3377 4827 3441 pro

1185 3474 1320 3532 toto
1366 3473 1655 3553 tempore
1702 3485 1964 3529 suorum
2010 3462 2397 3549 regiminum
2444 3460 2866 3541 exercebunt3
2901 3460 3062 3523 etin
3110 3480 3264 3522 casu
3310 3458 3423 3522 ubi
3469 3458 3591 3545 ipsi
3643 3458 3890 3523 nollent
3935 3460 4439 3525 nominationem
4473 3460 4688 3527 facere
4723 3484 4828 3526 su·

1184 3573 1564 3661 pradictam,
1612 3593 1729 3638 nos
1773 3578 1839 3637 et
1886 3571 2039 3635 dicti
2084 3591 2484 3635 successores
2528 3567 2749 3650 nostri,
2784 3567 2911 3649 vel,
2945 3566 3116 3630 dicta
3157 3565 3321 3629 Sede
3370 3572 3666 3648 vacante,
3704 3565 3942 3630 dictum
3980 3566 4361 3653 Collegium,
4397 3569 4714 3654 possimus
4762 3580 4828 3634 et

1184 3682 1432 3769 possint
1477 3681 1877 3745 Potestatem
1906 3685 1970 3743 et
2005 3677 2431 3764 Capitaneum
2479 3675 2541 3739 in
2590 3675 2851 3739 civitate
2897 3694 3136 3760 ponere
3185 3672 3555 3759 supradicta
3605 3694 3806 3758 usque
3855 3672 3938 3736 ad
3985 3680 4237 3760 tempus
4291 3676 4622 3761 regiminis
4671 3676 4826 3742 defi-

1185 3789 1391 3853 nitum
1435 3789 1501 3851 in
1547 3787 1751 3852 literis
1799 3785 2067 3867 nostris,
2117 3804 2276 3870 quas
2324 3803 2529 3869 nuper
2575 3803 2769 3867 super
2817 3781 2977 3845 actis
3026 3788 3091 3844 et
3136 3780 3373 3865 gestis,
3423 3780 3753 3865 premissis
3801 3788 3867 3844 et
3907 3781 4143 3865 juratis
4191 3803 4305 3867 per
4352 3783 4670 3848 sindicum
4717 3806 4826 3849 eo·

1183 3897 1504 3979 rumdem,
1553 3895 1897 3960 sindicario
1943 3900 2009 3958 et
2053 3891 2493 3980 procuratorio
2541 3890 2799 3954 nomine
2847 3890 3162 3975 ipsorum,
3212 3896 3276 3952 et
3323 3888 3472 3973 alijs
3520 3888 3802 3974 negotijs
3858 3889 4175 3954 dictorum
4221 3891 4714 3957 bononiensium
4761 3901 4826 3957 et

1184 4004 1510 4070 nonnullis
1558 4004 1705 4089 alijs
1752 4024 1869 4090 per
1914 4023 2030 4067 nos
2079 4000 2397 4066 concessis
2453 4004 2517 4062 et
2563 3997 2891 4084 dispositis
2953 3996 3124 4061 circa
3186 3996 3298 4059 illa
3358 3996 3499 4060 fieri
3557 3995 3848 4078 fecimus,
3899 4018 4300 4084 quarumque
4360 4004 4652 4064 tenorem
4708 4000 4826 4064 tibi

1184 4112 1268 4178 ad
1314 4114 1576 4200 plenam
1620 4110 2139 4176 informationem
2186 4115 2365 4171 tuam
2398 4106 2465 4170 in
2496 4106 2645 4191 alijs
2678 4104 2882 4169 literis
2914 4104 3167 4186 nostris,
3203 4103 3318 4168 tibi
3352 4103 3631 4186 directis,
3669 4104 3980 4168 insertum
4011 4104 4313 4169 duximus
4347 4106 4820 4173 destinandum.

1185 4218 1348 4286 Cum
1396 4221 1594 4306 igitur
1639 4226 1722 4301 te,
1758 4218 1836 4282 de
1883 4218 2067 4302 cujus
2114 4213 2700 4299 circumspectionis
2747 4211 3084 4293 industria,
3115 4210 3390 4296 fideique
3424 4211 3786 4276 constantia
3817 4210 4079 4297 plenam
4110 4212 4176 4276 in
4209 4212 4487 4278 Domino
4520 4215 4820 4279 fiduciam

1181 4327 1562 4408 obtinemus,
1598 4326 1681 4390 ad
1713 4325 2061 4406 civitatem,
2095 4323 2469 4389 comitatum
2515 4329 2580 4386 et
2627 4319 2987 4384 districtum
3033 4318 3356 4405 predictos
3401 4341 3519 4405 pro
3567 4319 3838 4406 prefatis
3884 4320 4165 4405 negotijs
4211 4327 4276 4384 et
4322 4343 4545 4386 eorum
4586 4344 4821 4388 execu-

1184 4435 1358 4500 tione
1407 4434 1772 4520 specialiter
1819 4432 2232 4514 destinemus,
2266 4428 2822 4515 circumspectioni
2868 4435 2976 4492 tue
3024 4448 3140 4512 per
3186 4427 3540 4513 apostolica
3582 4427 3822 4513 scripta
3855 4428 4311 4492 committimus
4343 4437 4409 4494 et
4440 4430 4820 4495 mandamus

1182 4549 1522 4628 quatenus,
1553 4541 1741 4606 factis
1789 4538 2354 4625 recognitionibus,
2389 4535 2921 4618 restitutionibus,
2957 4533 3488 4599 ratificationibus
3536 4542 3600 4598 et
3648 4533 4223 4621 approbationibus
4271 4556 4346 4601 ac
4395 4538 4818 4623 omologatio-

1182 4649 1372 4714 nibus
1419 4655 1483 4713 et
1527 4649 1675 4734 alijs
1721 4646 2086 4734 adimpletis
2131 4667 2248 4732 per
2292 4644 2720 4709 bononienses
2765 4642 3126 4729 predictos,
3177 4663 3300 4728 que
3350 4640 3703 4706 secundum
3767 4641 4086 4706 dictarum
4149 4642 4485 4708 literarum
4541 4645 4816 4709 formam

1183 4757 1535 4844 adimplere
1582 4763 1901 4838 tenentur,
1948 4775 2149 4818 unum
2195 4753 2274 4817 de
2319 4752 2505 4817 dictis
2552 4752 2778 4833 tribus,
2827 4750 2937 4836 qui
2983 4750 3050 4814 in
3095 4749 3496 4814 Potestatem
3540 4757 3604 4813 et
3649 4749 3927 4813 alterum
3971 4749 4051 4814 de
4100 4750 4248 4835 alijs
4295 4751 4536 4835 tribus,
4588 4754 4699 4838 qui
4751 4754 4818 4817 in

1181 4864 1607 4951 Capitaneum
1636 4885 1754 4950 per
1791 4884 1900 4927 eos
1945 4860 2185 4926 fuerint
2231 4857 2562 4941 nominati,
2597 4856 2944 4923 dummodo
2992 4857 3120 4921 sint
3166 4856 3401 4938 idonei,
3437 4877 3512 4920 ac
3543 4856 3765 4921 fideles
3800 4856 4091 4941 ejusdem
4123 4878 4388 4922 romane
4421 4858 4715 4924 Ecclesia
4748 4869 4812 4925 et

1180 4971 1397 5037 devoti
1441 4971 1685 5036 eisdem
1730 4969 2089 5051 Communi,
2122 4967 2529 5032 universitati
2575 4971 2639 5030 et
2675 4965 2954 5051 Populo,
2987 4965 3370 5029 auctoritate
3417 4971 3637 5029 nostra
3668 4963 3790 5028 hac
3823 4965 3963 5029 vice
3997 4963 4369 5048 concedere,
4405 4967 4816 5051 constituere,

1180 5100 1255 5144 ac
1304 5078 1501 5144 etiam
1546 5078 1857 5165 deputare
1901 5097 2242 5163 procures,
2289 5096 2514 5139 eorum
2559 5073 2785 5159 officijs
2833 5094 2872 5135 a
2928 5079 3216 5158 tempore
3279 5070 3753 5136 constitutionis
3815 5078 3880 5135 et
3921 5071 4377 5158 deputationis
4440 5074 4812 5159 hujusmodi

1176 5208 1380 5273 usque
1420 5186 1504 5250 ad
1535 5208 1653 5250 sex
1684 5184 2001 5250 mensium
2031 5184 2311 5270 spatium
2345 5181 2709 5246 immediate
2743 5181 3150 5266 sequentium
3180 5178 3581 5244 solummodo
3615 5178 3961 5261 duraturis,
3997 5186 4371 5265 recepturus
4404 5180 4812 5267 postmodum

1175 5295 1258 5359 ab
1307 5293 1568 5376 eisdem,
1618 5304 1836 5359 nostro
1884 5299 1958 5356 et·
1994 5291 2285 5376 ejusdem
2330 5289 2621 5354 Ecclesie
2671 5288 2949 5370 nomine,
2997 5287 3326 5352 fidelitatis
3374 5286 3662 5351 debitum
3702 5288 4143 5370 juramentum
4193 5287 4376 5351 iuxta
4421 5287 4696 5352 formam
4752 5289 4814 5352 in

1176 5400 1362 5465 dictis
1407 5401 1613 5464 literis
1661 5407 2057 5464 annotatam.
2106 5398 2292 5462 Idem
2324 5418 2599 5483 quoque,
2634 5395 2756 5459 hac
2791 5396 2928 5459 vice
2962 5394 3321 5476 dumtaxat,
3356 5394 3558 5458 facias
3591 5401 3655 5457 et
3688 5393 3990 5458 observes
4023 5394 4194 5457 circa
4230 5394 4635 5480 positionem,
4670 5417 4819 5460 con-

1176 5507 1574 5572 stitutionem
1605 5514 1669 5571 et
1701 5506 2183 5592 deputationem
2214 5504 2611 5587 Defensoris,
2640 5502 3149 5583 Conservatoris,
3183 5502 3288 5565 vel
3323 5500 3788 5585 Confalonerij,
3816 5501 3922 5565 vel
3955 5501 4082 5565 alio
4116 5522 4520 5588 quocumque
4555 5502 4814 5568 nomine

1176 5614 1282 5678 vel
1326 5613 1643 5678 vocabulo
1688 5612 2122 5699 nuncupandi,
2171 5618 2237 5677 et
2282 5612 2716 5697 receptionem
2756 5610 3111 5695 juramenti
3156 5609 3485 5673 fidelitatis
3534 5609 3617 5673 ab
3664 5630 3740 5673 eo
3789 5609 3854 5672 in
3902 5608 3985 5694 ijs
4032 5617 4098 5674 et
4144 5610 4472 5695 premissis
4522 5610 4670 5695 alijs
4718 5611 4815 5675 di·

1177 5726 1429 5784 ctarum
1474 5719 1807 5783 literarum
1854 5719 2127 5784 formam
2168 5718 2539 5805 diligentius
2573 5716 3012 5799 observand03
3046 5715 3291 5803 no'sque
3324 5716 3730 5802 postmodum
3762 5716 4229 5781 certificaturus
4262 5737 4377 5802 per
4410 5723 4554 5781 tuas
4586 5716 4811 5781 literas

1183 5825 1264 5891 de
1312 5826 1677 5891 nominibus
1726 5833 1791 5890 et
1836 5825 2324 5913 cognominibus
2371 5833 2435 5891 et
2465 5825 2937 5891 conditionibus
2968 5824 3318 5889 Potestatis
3351 5831 3416 5888 et
3448 5823 3805 5909 Capitanei,
3840 5844 3914 5887 ac
3950 5822 4457 5906 Conservatoris,
4491 5823 4811 5889 Defenso-

1178 5935 1267 5998 ris
1316 5955 1433 5998 seu
1479 5933 1918 6018 Confalonerij
1968 5933 2402 6019 predictorum
2447 5939 2512 5997 et
2558 5932 2727 6017 alijs,
2778 5954 2900 6019 que
2949 5933 3119 5997 circa
3165 5932 3284 5996 hec
3334 5931 3596 5996 duxeris
3645 5929 3963 5995 facienda.
4057 5943 4064 5950 ’

1356 6040 1603 6106 Datum
1647 6040 1958 6105 Avinioni
2004 6038 2286 6105 secundo
2333 6039 2476 6104 idus
2523 6040 2823 6124 octobris,
2872 6039 3282 6126 pontificatus
3331 6039 3534 6103 nostri
3580 6059 3749 6103 anno
3799 6045 4051 6123 quarto.
