5542 7775
2093 689 2472 740 APPENDIX
2529 688 2830 738 ALTERA

630 848 978 912 Anselmus
1036 847 1428 928 teotonicus,
1487 845 1596 931 qui
1675 843 1950 929 reliquid
2013 843 2196 907 nobis
2265 849 2394 906 tres

631 956 829 1019 libras
880 953 1399 1037 boloni[n]orum.

754 1062 834 1125 V.
889 1061 1218 1125 kalendas,
1270 1060 1452 1144 Objit
1514 1059 1786 1123 domnus
1841 1057 2182 1121 Americus
2247 1078 2397 1121 can-

633 1169 935 1233 cellarius
973 1168 1358 1250 Oardinalis,
1393 1167 1739 1231 canonicus
1773 1172 1991 1228 sancte
2027 1163 2253 1255 Mari-e,
2288 1163 2400 1248 qui

631 1276 809 1340 dedit
857 1277 1041 1341 nobis
1090 1276 1356 1340 calicem
1405 1295 1709 1361 magnum
1757 1281 1821 1337 et
1853 1271 2107 1358 siphum
2144 1270 2399 1356 argenti

632 1391 696 1448 et
742 1385 827 1448 X.
878 1384 1091 1448 untias
1137 1383 1300 1446 auri.

753 1492 836 1556 In
903 1493 1026 1555 alio
1101 1488 1451 1575 apoyrapho
1525 1489 1792 1573 leye'tur:
1862 1487 2056 1550 Anno
2135 1485 2400 1549 Domini

633 1597 1149 1664 MCXXXVIII.
1177 1596 1359 1681 Objit
1391 1595 1686 1659 domiuus
1711 1593 2097 1679 Aymericus
2132 1592 2198 1657 S.
2218 1592 2299 1656 R.
2321 1591 2399 1657 E.

632 1705 941 1770 diaconus
970 1703 1332 1769 Cardinalis
1365 1710 1429 1766 et
1464 1700 1889 1765 cancellarius
1930 1698 2173 1763 domini
2204 1698 2399 1764 Inno-

635 1814 827 1878 centii
878 1833 1043 1898 pape
1089 1811 1214 1891 IL,
1250 1809 1360 1895 qui
1408 1809 1529 1873 fuit
1563 1808 1641 1872 de
1679 1808 1933 1889 nostris,
1969 1813 2034 1870 et
2068 1806 2243 1870 dedit
2288 1827 2399 1871 no-

629 1920 728 1984 bis
777 1920 1042 1984 calicem
1093 1938 1399 2002 magnum
1447 1922 1513 1980 et
1558 1914 1852 2000 sciphum
1899 1914 2154 1999 argenti
2202 1922 2266 1978 et
2313 1914 2398 1979 X.

627 2028 852 2091 uncias
900 2026 1063 2090 auri.
1114 2025 1193 2088 In
1239 2025 1424 2108 cujus
1472 2024 1612 2088 loco
1662 2022 1783 2085 fuit
1841 2021 2224 2086 substitutus
2288 2020 2399 2087 do-

629 2135 840 2199 minus
891 2133 1221 2197 Gerar-dus
1267 2131 1585 2218 presbiter
1632 2130 1984 2195 canonicus
2031 2135 2267 2194 noster.

1382 2240 1658 2304 JUMUS.

757 2349 952 2413 XIII.
1002 2348 1338 2412 kalendae.
1387 2346 1732 2411 Millesimo
1797 2345 2145 2409 centesimo
2202 2365 2400 2409 nona-

629 2457 874 2541 gesimo
924 2455 1218 2542 septimo,
1265 2455 1332 2518 in
1379 2453 1482 2518 die
1546 2459 1918 2517 sanctorum
1978 2451 2277 2516 Gervasii
2337 2459 2402 2516 et

629 2563 910 2628 Protasii
964 2570 1157 2648 atque
1203 2560 1627 2645 Rom[u]aldi.

758 2671 940 2754 Objit
990 2670 1323 2735 Johannes
1372 2668 1451 2733 de
1499 2666 1847 2749 Fam-iane,
1883 2666 1961 2729 de
1996 2687 2122 2751 quo
2170 2666 2402 2731 habui-

640 2799 781 2841 mus
829 2778 971 2841 XL.
1023 2777 1237 2841 soldos
1285 2776 1791 2840 bononenorum.

744 2885 863 2948 IX.
885 2884 1224 2948 kalendas.
1247 2882 1429 2967 Objit
1457 2882 1766 2967 magister
1799 2880 2251 2945 Machinaldus
2274 2880 2406 2945 bri-

627 2993 875 3074 siensiS,
912 2993 1020 3077 qui
1069 2991 1330 3076 reliquit
1379 2990 1566 3053 nobis
1609 2989 1761 3053 XX.
1796 2988 1914 3053 sol.
1952 2988 2402 3074 imperialium.

1389 3097 1663 3162 JUmUs.

758 3207 911 3270 VII.
951 3207 1112 3270 idus.
1150 3205 1334 3289 Objit
1358 3205 1570 3269 David
1608 3203 1687 3267 de
1712 3202 2154 3287 Lessevad[e],
2174 3203 2252 3267 de
2279 3224 2405 3289 quo

631 3315 972 3378 habuimus
1021 3313 1104 3376 X.
1141 3312 1359 3376 soldos
1391 3312 1541 3376 bon.
1579 3333 1696 3397 pro
1730 3311 2079 3377 refectione
2110 3310 2404 3393 fratrum,

632 3431 694 3486 et
728 3422 879 3485 XX.
916 3420 1131 3484 soldos
1168 3420 1317 3484 bon.
1349 3441 1466 3506 pro
1500 3440 1693 3505 opere
1729 3419 1935 3482 sancti
1969 3418 2236 3482 Thome.

755 3529 873 3592 IV.
910 3529 1070 3592 idus.
1117 3528 1298 3612 Objit
1339 3527 1650 3612 magister
1685 3525 2110 3607 Guarnerius‚
2146 3525 2406 3590 canoni-

635 3660 746 3702 cus
795 3646 858 3703 et
906 3637 1217 3701 diaconus
1267 3644 1487 3701 sancte
1535 3635 1741 3699 Marie
1791 3634 1870 3698 de
1917 3633 2123 3699 Ren0.

760 3745 944 3809 XIV.
1011 3743 1348 3807 kalendas.
1413 3743 1595 3827 Obijt
1665 3741 1988 3805 Henricus
2067 3742 2405 3828 episcopus

634 3853 1050 3917 bononiensis
1099 3850 1387 3915 ecclesie.

757 3959 951 4024 XIII.
989 3958 1323 4022 kalendas.
1376 3956 1558 4041 Objit
1605 3955 1977 4020 Wilielmus
2025 3956 2103 4019 de
2151 3954 2402 4019 Phano.

756 4067 874 4130 VI.
935 4065 1273 4130 kalendas.
1327 4064 1509 4150 Objit
1559 4062 1771 4127 Guido
1834 4063 2004 4127 filius
2061 4060 2408 4147 ma[gi]stri

641 4174 913 4239 Aldrici.

1327 4280 1720 4343 AUGUSTUS.

765 4388 1100 4452 Kalendis.
1152 4386 1334 4472 Objit
1383 4386 1693 4471 magister
1725 4385 2097 4450 NVilielmus
2129 4387 2408 4452 Dunnus

643 4505 706 4561 et
754 4496 1100 4560 canonicus
1147 4494 1460 4558 Lucensis
1506 4493 1811 4575 ecclesie,
1861 4492 1940 4557 de
1991 4514 2116 4579 quo
2179 4492 2408 4557 habui-

643 4625 783 4668 mus
815 4603 899 4666 X.
934 4602 1149 4667 soldos
1195 4602 1569 4687 pisanorum
1616 4607 1682 4664 et
1727 4600 1846 4664 IV.
1879 4609 2227 4686 quaternos
2275 4621 2408 4664 ser-

642 4732 923 4775 monum.

766 4818 990 4882 Nonis.
1041 4816 1222 4901 Objit
1256 4864 1482 4880 .....
1526 4815 1841 4901 anglicuS,
1877 4815 1957 4879 de
2006 4836 2131 4901 quo
2178 4815 2407 4880 habui-

644 4947 783 4989 mus
830 4925 981 4988 XX.
1031 4923 1247 4988 soldos
1293 4946 1410 5010 pro
1457 4928 1865 4988 testamento.

767 5032 958 5096 VIII.
994 5032 1158 5095 idus.
1195 5031 1378 5115 Objit
1424 5031 1657 5095 Petrus
1706 5030 1978 5094 clericus
2026 5030 2410 5095 sabaudien-

644 5141 767 5222 sis,
816 5139 895 5203 de
944 5161 1071 5225 quo
1118 5138 1461 5202 habuimus
1508 5137 1593 5202 X.
1642 5138 1858 5202 soldos
1904 5137 2409 5203 bononenorum.

771 5247 886 5311 IV.
924 5247 1086 5310 idus.
1136 5244 1319 5329 Objit
1365 5245 1673 5331 magister
1720 5244 2055 5310 Johannes
2096 5245 2410 5330 anglicus,

645 5356 724 5421 de
772 5377 897 5440 quo
947 5354 1289 5418 habuimus
1335 5354 1420 5418 X.
1470 5352 1685 5418 soldos
1733 5353 2183 5439 imperialium.

769 5462 867 5527 Id.
926 5462 1109 5546 Objit
1169 5462 1465 5526 dominus
1529 5461 1944 5525 Wuilielmus
1993 5462 2072 5524 de
2118 5460 2413 5525 Eboraco

647 5571 960 5655 anglicus,
996 5570 1075 5634 de
1110 5590 1235 5656 quo
1269 5569 1497 5634 habuit
1528 5569 1755 5633 domus
1804 5570 2009 5633 sancti
2058 5568 2415 5633 Salvatoris

646 5677 1053 5763 palafredum
1080 5678 1179 5741 (1).
1213 5676 1748 5758 MOCXXXIV.‚
1782 5676 2132 5741 indictione
2163 5674 2319 5739 VII.

769 5785 956 5848 XIX.
1019 5783 1335 5849 kalendas
1398 5783 1803 5870 septembris.
1854 5783 2036 5868 Objit
2105 5783 2416 5869 magister

643 5892 1108 5975 Beruardinus,
1136 5891 1216 5957 de
1243 5913 1369 5978 quo
1402 5891 1744 5955 habuimus
1777 5891 2158 5978 psalterium
2190 5912 2410 5955 unum.

769 5999 1026 6064 XVIII.
1085 5998 1420 6063 kalendas.
1483 5997 1662 6064 Obiit
1723 5999 2032 6085 magister
2094 5998 2413 6063 Ricardus

647 6108 960 6194 anglicus.

768 6213 927 6278 XII.
962 6213 1297 6279 kalendas.
1341 6213 1524 6298 Objit
1555 6214 1968 6278 Benacursus
2004 6213 2174 6277 filius
2208 6212 2413 6298 magi-

649 6323 764 6386 stri
811 6322 1115 6407 Bulgari,
1159 6321 1269 6407 qui
1314 6321 1574 6408 reliquit
1622 6322 1806 6387 nobis
1853 6322 2148 6386 braidam
2196 6343 2415 6386 unam.

777 6573 855 6636 (l)
897 6570 1019 6623 vid.
1059 6569 1149 6621 Du
1189 6569 1369 6638 Canye
1403 6572 1470 6625 de
1509 6571 1674 6624 verbo
1712 6572 2071 6625 Paratur-ccli.

4129 662 4278 732 287

2645 839 2836 904 VIII.
2871 840 3205 903 kalendas.
3241 839 3424 924 Objit
3468 838 3827 902 Rainaldus
3875 837 4167 922 anglicus
4222 845 4287 901 et

2522 947 2932 1011 fidelissimus
2980 946 3317 1031 coadjutor
3363 947 3630 1010 ecclesie
3678 945 3882 1010 sancti
3928 946 4195 1009 Thome.

2648 1054 2766 1118 VI.
2815 1054 3151 1118 kalendas.
3201 1053 3384 1138 Objit
3430 1054 3779 1118 Tederieus
3836 1053 4037 1117 frater
4082 1054 4284 1138 magi-

2525 1164 2642 1229 stri
2686 1164 2980 1251 Bulgari.
3132 1172 3139 1179 '

2651 1272 2780 1337 III.
2814 1272 3146 1337 kalendas.
3181 1273 3318 1337 Isto
3351 1272 3576 1336 eodem
3623 1271 3725 1335 die
3774 1271 3934 1355 objit
3982 1271 4289 1356 magister

2528 1379 2897 1466 Stephanus
2945 1380 3023 1445 de
3072 1386 3296 1445 sancto
3338 1380 3727 1464 Augustino,
3762 1379 3840 1443 de
3889 1400 4013 1464 quo
4062 1378 4290 1443 habui-

2527 1508 2670 1551 mus
2715 1487 2867 1551 XX.
2915 1487 3114 1551 libras
3162 1487 3666 1552 bononenorum.

2651 1594 2742 1659 II.
2792 1594 3126 1659 kalendas.
3179 1594 3361 1679 Objit
3419 1593 3687 1657 Matillis
3750 1600 3957 1658 mater
4019 1593 4291 1657 Seffredi

2528 1701 2788 1787 anglici.

3190 1808 3627 1873 Sarranum.

2653 1915 2771 1980 IV.
2805 1937 3029 1980 nonas.
3066 1915 3247 1999 Objit
3296 1914 3627 1980 Gilbertus
3669 1914 3748 1978 de
3782 1915 4180 1997 Norantona‚
4215 1915 4293 1979 de

2530 2044 2658 2110 quo
2705 2023 3049 2088 habuimus
3093 2024 3176 2088 V.
3225 2023 3570 2088 bizancios.

2653 2130 2782 2194 III.
2848 2151 3071 2196 nonas.
3135 2131 3318 2214 Objit
3379 2129 3749 2194 VVilielmus
3826 2130 4151 2215 anglicus,
4217 2129 4295 2194 de

2530 2258 2659 2324 quo
2706 2238 3050 2302 habuimus
3091 2238 3207 2302 IV.
3257 2237 3472 2303 soldos
3536 2238 3992 2323 sterlingorum
4039 2244 4103 2301 et
4148 2237 4292 2302 XL.

2527 2345 2743 2410 soldos
2790 2346 3296 2410 bononenorum.

2654 2451 2743 2518 H.
2796 2451 2958 2516 idus.
3022 2453 3215 2517 Anno
3278 2451 3541 2516 Domini
3602 2451 4061 2517 MCOXXXV.
4113 2452 4295 2536 Objit

2531 2560 2840 2646 magister
2886 2559 3272 2645 Rodulphus
3321 2559 3635 2644 anglicus,
3669 2558 3748 2622 de
3781 2579 3906 2644 quo
3956 2558 4296 2623 habuimus

2529 2668 2657 2733 III.
2693 2667 2892 2732 libras
2936 2667 3439 2731 bononenorum.

2656 2775 2840 2859 Objit
2882 2775 3287 2839 doctissimus
3337 2774 3572 2839 Bosius
3621 2774 3934 2859 anglicus,
3981 2775 4298 2862 presbiter

2536 2882 2899 2947 Cardinalis
2933 2889 3152 2946 sancte
3183 2882 3570 2946 Potentiane
3589 2881 3689 2964 (2),
3718 2903 3981 2946 romane
4006 2882 4296 2946 Ecclesie

2538 2990 2969 3071 CamerariuS‚
3019 2990 3364 3053 canonicus
3425 2995 3650 3053 sancte
3710 2988 3918 3053 Marie
3966 2989 4044 3053 de
4091 2989 4297 3053 Reno.

2658 3096 2755 3161 Id.
2807 3097 2990 3181 Objit
3034 3097 3343 3182 magister
3391 3096 3645 3179 Petrus,
3680 3118 4030 3161 conversus
4079 3108 4298 3161 sancte

2532 3203 2738 3270 Marie
2788 3205 2854 3268 in
2901 3204 3127 3268 Portu.

2657 3312 2916 3376 XVIII.
2980 3311 3292 3376 kalendas
3357 3312 3655 3376 octobris.
3713 3311 3897 3396 Objit
3956 3311 4299 3398 Philippus

2534 3420 2614 3485 de
2661 3419 2948 3503 Irlanda,
2996 3419 3105 3505 qui
3160 3418 3436 3505 reliquid
3489 3419 3616 3484 III.
3663 3417 3878 3484 soldos
3926 3418 4005 3482 de
4053 3419 4298 3483 sterlini

2536 3527 2715 3614 operi
2762 3527 2970 3591 sancti
3015 3526 3282 3590 Thome.

2656 3633 3192 3698 XVI.kalendas.
3214 3632 3397 3718 Objit
3420 3633 3819 3698 Bertraudus
3844 3635 4166 3720 Rostagni
4191 3656 4295 3699 ca·

2539 3742 2806 3806 nonicus
2838 3740 3147 3822 Massilie,
3174 3763 3290 3826 pro
3324 3762 3449 3825 quo
3481 3741 3824 3806 habuimus
3847 3742 3990 3806 XL.
4018 3742 4253 3807 soldos.

2655 3848 2804 3914 XV.
2856 3848 3190 3913 kalendas.
3243 3847 3427 3933 Objit
3474 3849 3784 3935 magister
3831 3848 4246 3915 Gualfredus.

2655 3956 2740 4021 X.
2792 3956 3127 4021 kalendas.
3179 3956 3362 4041 Objit
3418 3956 3726 4041 magister
3784 3956 4144 4043 Rogerius,
4192 3959 4301 4044 qui

2533 4063 2687 4128 fecit
2731 4063 2872 4128 fieri
2920 4084 3154 4128 novam
3203 4064 3605 4150 sepulturam
3650 4064 3715 4127 in
3764 4063 4076 4129 cimiterio
4109 4086 4299 4129 novo.

2657 4171 2814 4236 VII.
2847 4170 3183 4235 kalendas.
3219 4170 3402 4255 Objit
3447 4169 3614 4235 Eblo
3663 4171 3856 4256 Oigot
3887 4170 3966 4235 de
4000 4172 4300 4255 Francia,

2534 4279 2883 4344 canonicus
2945 4278 3446 4362 suessionensis,
3495 4299 3612 4364 pro
3662 4299 3789 4364 quo
3837 4278 4181 4344 habuimus
4230 4301 4301 4343 u·

2534 4408 2690 4451 num
2737 4385 3047 4469 tabetum,
3082 4393 3147 4450 et
3194 4385 3430 4450 lectum
3478 4407 3677 4449 unum
3723 4393 3787 4450 et
3819 4407 4076 4472 equum,
4111 4409 4302 4473 quem

2535 4494 2737 4558 frater
2800 4514 2953 4558 suus
2998 4493 3513 4558 Archidiaconus
3577 4492 4042 4558 suessionensis
4104 4494 4301 4558 dedit.

3253 4600 3598 4665 Oea-ossa.

2659 4709 2779 4774 IV.
2814 4730 3038 4774 nonas.
3086 4709 3279 4773 Anno
3326 4708 3590 4773 Domini
3620 4707 3918 4773 MCCVI.
3954 4709 4134 4793 Objit
4168 4732 4302 4773 ma-

2536 4816 2739 4904 gister
2785 4816 3151 4880 Benincasa
3195 4816 3503 4899 aretinus,
3536 4837 3651 4903 pro
3685 4815 3901 4879 anima
3933 4817 4118 4899 cujus
4149 4816 4301 4880 XX.

2537 4924 2752 4989 soldos
2801 4923 3287 4988 bononenorum
3335 4923 3719 5010 accepimus.

2661 5031 2789 5097 111.
2842 5052 3063 5095 nonas.
3115 5030 3298 5116 Objit
3346 5031 3742 5117 Bulgarinus
3789 5032 3959 5096 filius
4008 5033 4301 5117 magistri

2537 5140 2833 5225 Bulgari.

2662 5248 2743 5312 V.
2795 5248 2956 5311 idus.
3006 5247 3199 5312 Anno
3249 5247 3510 5313 Domini
3554 5248 4062 5314 MOLXXVIII.
4124 5249 4305 5333 Objit

2540 5356 2850 5441 magister
2897 5353 3182 5419 Jacobus
3229 5363 3293 5420 et
3341 5356 3566 5421 doctor
3609 5356 3849 5442 legum.

2665 5463 2851 5527 XVI.
2886 5463 3221 5528 kalendas.
3264 5464 3447 5549 Objit
3479 5485 3650 5550 mag.
3684 5464 3833 5550 Ugo
3866 5465 4301 5551 provincialis.

2664 5570 2788 5635 XI.
2816 5570 3150 5635 kalendas.
3178 5572 3368 5636 Prior
3399 5571 3706 5653 Ubertus,
3726 5572 4131 5637 decretorum
4156 5573 4304 5638 doc-

2541 5684 2662 5762 tor,
2704 5680 2884 5744 stetit
2929 5679 3133 5743 tribus
3182 5680 3389 5764 annis,
3423 5686 3489 5744 et
3518 5679 3641 5744 fuit
3671 5679 4130 5767 pos[t]modum
4171 5682 4305 5768 epi·

2542 5806 2773 5873 scopus
2821 5786 3315 5851 concordiensis.

2663 5894 2749 5958 X.
2800 5893 3136 5958 kalendas.
3177 5893 3361 5978 Objit
3394 5895 3702 5980 magister
3732 5894 3881 5979 Ugo
3915 5894 3993 5959 de
4032 5895 4191 5977 Arli,
4227 5896 4305 5960 de

2540 6022 2666 6087 quo
2713 6001 3058 6065 habuimus
3106 6023 3302 6065 unam
3349 6001 3622 6066 cultram
3669 6000 3749 6066 de
3797 6002 4077 6067 zinnatO.

2666 6108 2756 6173 II.
2822 6108 3156 6173 kalendas.
3223 6108 3406 6194 Objit
3474 6108 3792 6173 Vilelmus
3853 6109 3933 6173 de
3998 6110 4307 6196 Agilcriis

2539 6217 2981 6300 massiliensis,
3031 6216 3231 6281 frater
3290 6224 3527 6300 noster,
3577 6238 3693 6303 pro
3755 6239 3880 6303 quo
3946 6218 4308 6304 accepimus

2541 6322 2693 6388 XX.
2744 6324 2981 6389 soldos.

2673 6579 2751 6642 (2)
2792 6577 2896 6628 sse.
