<?xml version="1.0" encoding="UTF-8"?>
<!DOCTYPE html PUBLIC "-//W3C//DTD XHTML 1.0 Transitional//EN"
    "http://www.w3.org/TR/xhtml1/DTD/xhtml1-transitional.dtd">
<html xmlns="http://www.w3.org/1999/xhtml" xml:lang="en" lang="en">
 <head>
  <title>
</title>
<meta http-equiv="Content-Type" content="text/html;charset=utf-8" />
  <meta name='ocr-system' content='tesseract 3.04.00' />
  <meta name='ocr-capabilities' content='ocr_page ocr_carea ocr_par ocr_line ocrx_word'/>
</head>
<body>
  <div class='ocr_page' id='page_1' title='image "./declarisarchigy00malagoog_0089.png"; bbox 0 0 5542 7775; ppageno 0'>
   <div class='ocr_carea' id='block_1_1' title="bbox 1210 609 3268 683">
    <p class='ocr_par' dir='ltr' id='par_1_1' title="bbox 1210 609 3268 683">
     <span class='ocr_line' id='line_1_1' title="bbox 1210 609 3268 683; baseline 0.001 -3"><span class='ocrx_word' id='word_1_1' title='bbox 1210 609 1307 681; x_wconf 87' lang='grc'><strong>98</strong></span> <span class='ocrx_word' id='word_1_2' title='bbox 2786 631 3268 683; x_wconf 76' lang='lat' dir='ltr'><strong>MONUMENTA</strong></span> 
     </span>
    </p>
   </div>
   <div class='ocr_carea' id='block_1_2' title="bbox 1205 784 4850 1410">
    <p class='ocr_par' dir='ltr' id='par_1_2' title="bbox 1205 784 4850 1301">
     <span class='ocr_line' id='line_1_2' title="bbox 1205 784 4846 875; baseline 0.002 -27"><span class='ocrx_word' id='word_1_3' title='bbox 1205 791 1270 848; x_wconf 92' lang='lat' dir='ltr'><strong>et</strong></span> <span class='ocrx_word' id='word_1_4' title='bbox 1310 784 1870 851; x_wconf 78' lang='lat' dir='ltr'><strong>exhortationibus</strong></span> <span class='ocrx_word' id='word_1_5' title='bbox 1917 784 2289 871; x_wconf 87' lang='lat' dir='ltr'><strong>hujusmodi</strong></span> <span class='ocrx_word' id='word_1_6' title='bbox 2334 786 2556 871; x_wconf 88' lang='lat' dir='ltr'><strong>utique</strong></span> <span class='ocrx_word' id='word_1_7' title='bbox 2607 786 2962 851; x_wconf 80' lang='lat' dir='ltr'><strong>caritativis</strong></span> <span class='ocrx_word' id='word_1_8' title='bbox 3011 792 3076 851; x_wconf 88' lang='lat' dir='ltr'><strong>et</strong></span> <span class='ocrx_word' id='word_1_9' title='bbox 3129 787 3497 852; x_wconf 78' lang='lat' dir='ltr'><strong>salubribus</strong></span> <span class='ocrx_word' id='word_1_10' title='bbox 3543 808 3774 874; x_wconf 89' lang='lat' dir='ltr'><strong>parere</strong></span> <span class='ocrx_word' id='word_1_11' title='bbox 3832 809 3908 852; x_wconf 90' lang='lat' dir='ltr'><strong>ac</strong></span> <span class='ocrx_word' id='word_1_12' title='bbox 3956 788 4401 875; x_wconf 86' lang='lat' dir='ltr'><strong>obtemperare</strong></span> <span class='ocrx_word' id='word_1_13' title='bbox 4436 810 4581 854; x_wconf 89' lang='lat' dir='ltr'><strong>cum</strong></span> <span class='ocrx_word' id='word_1_14' title='bbox 4613 789 4846 855; x_wconf 87' lang='lat' dir='ltr'><strong>effectu</strong></span> 
     </span>
     <span class='ocr_line' id='line_1_3' title="bbox 1209 891 4850 980; baseline 0.001 -23"><span class='ocrx_word' id='word_1_15' title='bbox 1209 891 1572 975; x_wconf 89' lang='lat' dir='ltr'><strong>omiseritis,</strong></span> <span class='ocrx_word' id='word_1_16' title='bbox 1608 891 1779 978; x_wconf 93' lang='lat' dir='ltr'><strong>quod</strong></span> <span class='ocrx_word' id='word_1_17' title='bbox 1826 892 2015 975; x_wconf 90' lang='lat' dir='ltr'><strong>absit,</strong></span> <span class='ocrx_word' id='word_1_18' title='bbox 2049 892 2156 957; x_wconf 83' lang='lat' dir='ltr'><strong>vel</strong></span> <span class='ocrx_word' id='word_1_19' title='bbox 2204 893 2481 979; x_wconf 88' lang='lat' dir='ltr'><strong>amplius</strong></span> <span class='ocrx_word' id='word_1_20' title='bbox 2529 893 2908 958; x_wconf 82' lang='lat' dir='ltr'><strong>distuleritis</strong></span> <span class='ocrx_word' id='word_1_21' title='bbox 2956 894 3201 980; x_wconf 82' lang='lat' dir='ltr'><strong>absque</strong></span> <span class='ocrx_word' id='word_1_22' title='bbox 3250 915 3446 959; x_wconf 89' lang='lat' dir='ltr'><strong>causa</strong></span> <span class='ocrx_word' id='word_1_23' title='bbox 3479 894 3850 959; x_wconf 83' lang='lat' dir='ltr'><strong>rationabili</strong></span> <span class='ocrx_word' id='word_1_24' title='bbox 3883 895 4066 960; x_wconf 90' lang='lat' dir='ltr'><strong>nobis</strong></span> <span class='ocrx_word' id='word_1_25' title='bbox 4101 901 4274 978; x_wconf 89' lang='lat' dir='ltr'><strong>nota,</strong></span> <span class='ocrx_word' id='word_1_26' title='bbox 4309 895 4714 961; x_wconf 89' lang='lat' dir='ltr'><strong>dissimulare</strong></span> <span class='ocrx_word' id='word_1_27' title='bbox 4745 897 4850 961; x_wconf 81' lang='lat' dir='ltr'><strong>vel</strong></span> 
     </span>
     <span class='ocr_line' id='line_1_4' title="bbox 1208 997 4848 1089; baseline 0.001 -26"><span class='ocrx_word' id='word_1_28' title='bbox 1208 997 1467 1064; x_wconf 85' lang='lat' dir='ltr'><strong>differre</strong></span> <span class='ocrx_word' id='word_1_29' title='bbox 1515 1020 1645 1064; x_wconf 89' lang='lat' dir='ltr'><strong>non</strong></span> <span class='ocrx_word' id='word_1_30' title='bbox 1689 999 2082 1065; x_wconf 89' lang='lat' dir='ltr'><strong>intendimus</strong></span> <span class='ocrx_word' id='word_1_31' title='bbox 2130 1000 2394 1083; x_wconf 90' lang='lat' dir='ltr'><strong>amodo,</strong></span> <span class='ocrx_word' id='word_1_32' title='bbox 2444 1000 2820 1086; x_wconf 89' lang='lat' dir='ltr'><strong>quominus,</strong></span> <span class='ocrx_word' id='word_1_33' title='bbox 2868 1007 3061 1087; x_wconf 90' lang='lat' dir='ltr'><strong>prout</strong></span> <span class='ocrx_word' id='word_1_34' title='bbox 3102 1001 3358 1086; x_wconf 86' lang='lat' dir='ltr'><strong>justitia</strong></span> <span class='ocrx_word' id='word_1_35' title='bbox 3404 1002 3680 1066; x_wconf 86' lang='lat' dir='ltr'><strong>suaserit</strong></span> <span class='ocrx_word' id='word_1_36' title='bbox 3724 1009 3789 1066; x_wconf 88' lang='lat' dir='ltr'><strong>et</strong></span> <span class='ocrx_word' id='word_1_37' title='bbox 3834 1002 4142 1088; x_wconf 85' lang='lat' dir='ltr'><strong>expedire</strong></span> <span class='ocrx_word' id='word_1_38' title='bbox 4190 1003 4718 1089; x_wconf 82' lang='lat' dir='ltr'><strong>cognoverimus,</strong></span> <span class='ocrx_word' id='word_1_39' title='bbox 4767 1025 4848 1069; x_wconf 90' lang='lat' dir='ltr'><strong>ne</strong></span> 
     </span>
     <span class='ocr_line' id='line_1_5' title="bbox 1206 1107 4848 1197; baseline 0.001 -27"><span class='ocrx_word' id='word_1_40' title='bbox 1206 1111 1535 1171; x_wconf 88' lang='lat' dir='ltr'><strong>tantorum</strong></span> <span class='ocrx_word' id='word_1_41' title='bbox 1581 1112 1646 1170; x_wconf 90' lang='lat' dir='ltr'><strong>et</strong></span> <span class='ocrx_word' id='word_1_42' title='bbox 1694 1113 1829 1171; x_wconf 88' lang='lat' dir='ltr'><strong>tam</strong></span> <span class='ocrx_word' id='word_1_43' title='bbox 1874 1107 2344 1172; x_wconf 87' lang='lat' dir='ltr'><strong>horrendorum</strong></span> <span class='ocrx_word' id='word_1_44' title='bbox 2391 1128 2730 1173; x_wconf 80' lang='lat' dir='ltr'><strong>excessum</strong></span> <span class='ocrx_word' id='word_1_45' title='bbox 2777 1109 3126 1173; x_wconf 85' lang='lat' dir='ltr'><strong>enormitas</strong></span> <span class='ocrx_word' id='word_1_46' title='bbox 3175 1108 3239 1174; x_wconf 94' lang='lat' dir='ltr'><strong>in</strong></span> <span class='ocrx_word' id='word_1_47' title='bbox 3287 1109 3698 1174; x_wconf 83' lang='lat' dir='ltr'><strong>succedentia</strong></span> <span class='ocrx_word' id='word_1_48' title='bbox 3745 1115 4106 1197; x_wconf 89' lang='lat' dir='ltr'><strong>temporum</strong></span> <span class='ocrx_word' id='word_1_49' title='bbox 4154 1110 4373 1175; x_wconf 89' lang='lat' dir='ltr'><strong>secula</strong></span> <span class='ocrx_word' id='word_1_50' title='bbox 4419 1110 4557 1174; x_wconf 89' lang='lat' dir='ltr'><strong>sine</strong></span> <span class='ocrx_word' id='word_1_51' title='bbox 4600 1111 4848 1194; x_wconf 87' lang='lat' dir='ltr'><strong>justitie</strong></span> 
     </span>
     <span class='ocr_line' id='line_1_6' title="bbox 1206 1212 2298 1301; baseline 0.002 -24"><span class='ocrx_word' id='word_1_52' title='bbox 1206 1212 1450 1277; x_wconf 90' lang='lat' dir='ltr'><strong>ultione</strong></span> <span class='ocrx_word' id='word_1_53' title='bbox 1498 1220 1807 1297; x_wconf 89' lang='lat' dir='ltr'><strong>transeat,</strong></span> <span class='ocrx_word' id='word_1_54' title='bbox 1854 1214 2298 1301; x_wconf 85' lang='lat' dir='ltr'><strong>procedamus.</strong></span> 
     </span>
    </p>

    <p class='ocr_par' dir='ltr' id='par_1_3' title="bbox 1382 1319 4295 1410">
     <span class='ocr_line' id='line_1_7' title="bbox 1382 1319 4295 1410; baseline 0.002 -27"><span class='ocrx_word' id='word_1_55' title='bbox 1382 1319 1627 1385; x_wconf 89' lang='lat' dir='ltr'><strong>Datum</strong></span> <span class='ocrx_word' id='word_1_56' title='bbox 1671 1320 2002 1404; x_wconf 84' lang='lat' dir='ltr'><strong>Avinioni,</strong></span> <span class='ocrx_word' id='word_1_57' title='bbox 2050 1323 2122 1407; x_wconf 83' lang='lat' dir='ltr'><strong>xj</strong></span> <span class='ocrx_word' id='word_1_58' title='bbox 2168 1321 2486 1387; x_wconf 86' lang='lat' dir='ltr'><strong>kalendas</strong></span> <span class='ocrx_word' id='word_1_59' title='bbox 2535 1323 2925 1405; x_wconf 83' lang='lat' dir='ltr'><strong>novembris,</strong></span> <span class='ocrx_word' id='word_1_60' title='bbox 2974 1323 3385 1410; x_wconf 87' lang='lat' dir='ltr'><strong>pontificatus</strong></span> <span class='ocrx_word' id='word_1_61' title='bbox 3433 1324 3635 1389; x_wconf 88' lang='lat' dir='ltr'><strong>nostri</strong></span> <span class='ocrx_word' id='word_1_62' title='bbox 3680 1345 3849 1390; x_wconf 86' lang='lat' dir='ltr'><strong>anno</strong></span> <span class='ocrx_word' id='word_1_63' title='bbox 3895 1324 4295 1390; x_wconf 88' lang='lat' dir='ltr'><strong>secundo(1).</strong></span> 
     </span>
    </p>
   </div>
   <div class='ocr_carea' id='block_1_3' title="bbox 2716 1643 3357 1940">
    <p class='ocr_par' dir='ltr' id='par_1_4' title="bbox 2716 1643 3357 1940">
     <span class='ocr_line' id='line_1_8' title="bbox 2959 1643 3101 1708; baseline 0.007 -1"><span class='ocrx_word' id='word_1_64' title='bbox 2959 1643 3101 1708; x_wconf 89' lang='lat' dir='ltr'><strong>LX.</strong></span> 
     </span>
     <span class='ocr_line' id='line_1_9' title="bbox 2716 1857 3357 1940; baseline 0.002 -20"><span class='ocrx_word' id='word_1_65' title='bbox 2716 1858 2908 1940; x_wconf 71' lang='lat'><strong>1338,</strong></span> <span class='ocrx_word' id='word_1_66' title='bbox 2961 1859 3045 1920; x_wconf 80' lang='lat'><strong>12</strong></span> <span class='ocrx_word' id='word_1_67' title='bbox 3088 1857 3357 1922; x_wconf 62' lang='lat' dir='ltr'><strong>octobr-1⁶3.</strong></span> 
     </span>
    </p>
   </div>
   <div class='ocr_carea' id='block_1_4' title="bbox 1824 2070 4235 2264">
    <p class='ocr_par' dir='ltr' id='par_1_5' title="bbox 1824 2070 4235 2264">
     <span class='ocr_line' id='line_1_10' title="bbox 1824 2070 4235 2156; baseline -0 -20"><span class='ocrx_word' id='word_1_68' title='bbox 1824 2071 1929 2136; x_wconf 82' lang='lat' dir='ltr'><strong>Ex</strong></span> <span class='ocrx_word' id='word_1_69' title='bbox 1977 2072 2202 2137; x_wconf 91' lang='lat' dir='ltr'><strong>eodem</strong></span> <span class='ocrx_word' id='word_1_70' title='bbox 2249 2079 2422 2137; x_wconf 89' lang='lat' dir='ltr'><strong>tomo</strong></span> <span class='ocrx_word' id='word_1_71' title='bbox 2477 2071 2712 2136; x_wconf 79' lang='lat' dir='ltr'><strong>Codicis</strong></span> <span class='ocrx_word' id='word_1_72' title='bbox 2760 2072 3010 2156; x_wconf 81' lang='lat' dir='ltr'><strong>diplom.</strong></span> <span class='ocrx_word' id='word_1_73' title='bbox 3057 2070 3231 2153; x_wconf 60' lang='lat' dir='ltr'><strong>bon„</strong></span> <span class='ocrx_word' id='word_1_74' title='bbox 3282 2093 3455 2136; x_wconf 91' lang='lat' dir='ltr'><strong>num.</strong></span> <span class='ocrx_word' id='word_1_75' title='bbox 3501 2071 3850 2155; x_wconf 62' lang='lat' dir='ltr'>LXXIV„</span> <span class='ocrx_word' id='word_1_76' title='bbox 3899 2093 3952 2136; x_wconf 95' lang='lat' dir='ltr'><strong>c.</strong></span> <span class='ocrx_word' id='word_1_77' title='bbox 4003 2074 4084 2135; x_wconf 82' lang='lat'><strong>47</strong></span> <span class='ocrx_word' id='word_1_78' title='bbox 4136 2093 4235 2153; x_wconf 78' lang='lat' dir='ltr'><strong>V.,</strong></span> 
     </span>
     <span class='ocr_line' id='line_1_11' title="bbox 2585 2181 3465 2264; baseline 0.001 -21"><span class='ocrx_word' id='word_1_79' title='bbox 2585 2181 2668 2243; x_wconf 83' lang='lat'><strong>53</strong></span> <span class='ocrx_word' id='word_1_80' title='bbox 2716 2202 2770 2243; x_wconf 90' lang='lat' dir='ltr'><strong>r.</strong></span> <span class='ocrx_word' id='word_1_81' title='bbox 2820 2185 2885 2242; x_wconf 92' lang='lat' dir='ltr'><strong>et</strong></span> <span class='ocrx_word' id='word_1_82' title='bbox 2931 2200 3064 2264; x_wconf 89' lang='lat' dir='ltr'><strong>seq.</strong></span> <span class='ocrx_word' id='word_1_83' title='bbox 3113 2185 3179 2242; x_wconf 91' lang='lat' dir='ltr'><strong>et</strong></span> <span class='ocrx_word' id='word_1_84' title='bbox 3232 2181 3355 2242; x_wconf 89' lang='grc'><strong>116</strong></span> <span class='ocrx_word' id='word_1_85' title='bbox 3403 2200 3465 2244; x_wconf 84' lang='lat' dir='ltr'><strong>v.</strong></span> 
     </span>
    </p>
   </div>
   <div class='ocr_carea' id='block_1_5' title="bbox 1200 2392 4924 6339">
    <p class='ocr_par' dir='ltr' id='par_1_6' title="bbox 1200 2392 4924 6339">
     <span class='ocr_line' id='line_1_12' title="bbox 1382 2392 4853 2480; baseline -0.001 -22"><span class='ocrx_word' id='word_1_86' title='bbox 1382 2392 1490 2458; x_wconf 93' lang='lat' dir='ltr'><strong>Ad</strong></span> <span class='ocrx_word' id='word_1_87' title='bbox 1533 2400 1917 2479; x_wconf 90' lang='lat' dir='ltr'><strong>perpetuam</strong></span> <span class='ocrx_word' id='word_1_88' title='bbox 1963 2393 2057 2457; x_wconf 93' lang='lat' dir='ltr'><strong>rei</strong></span> <span class='ocrx_word' id='word_1_89' title='bbox 2104 2393 2501 2457; x_wconf 88' lang='lat' dir='ltr'><strong>memoriam.</strong></span> <span class='ocrx_word' id='word_1_90' title='bbox 2551 2392 2925 2479; x_wconf 86' lang='lat' dir='ltr'><strong>Apostolice</strong></span> <span class='ocrx_word' id='word_1_91' title='bbox 2973 2393 3377 2479; x_wconf 84' lang='lat' dir='ltr'><strong>providentia</strong></span> <span class='ocrx_word' id='word_1_92' title='bbox 3426 2392 3763 2479; x_wconf 88' lang='lat' dir='ltr'><strong>discipline</strong></span> <span class='ocrx_word' id='word_1_93' title='bbox 3812 2393 3895 2457; x_wconf 91' lang='lat' dir='ltr'><strong>ad</strong></span> <span class='ocrx_word' id='word_1_94' title='bbox 3955 2394 4078 2457; x_wconf 92' lang='lat' dir='ltr'><strong>hoc</strong></span> <span class='ocrx_word' id='word_1_95' title='bbox 4135 2393 4656 2479; x_wconf 82' lang='lat' dir='ltr'><strong>delinquentibus</strong></span> <span class='ocrx_word' id='word_1_96' title='bbox 4719 2393 4853 2480; x_wconf 90' lang='lat' dir='ltr'><strong>ple-</strong></span> 
     </span>
     <span class='ocr_line' id='line_1_13' title="bbox 1205 2499 4852 2586; baseline -0 -23"><span class='ocrx_word' id='word_1_97' title='bbox 1205 2521 1474 2585; x_wconf 89' lang='lat' dir='ltr'><strong>rumque</strong></span> <span class='ocrx_word' id='word_1_98' title='bbox 1522 2499 1825 2563; x_wconf 87' lang='lat' dir='ltr'><strong>salutaris</strong></span> <span class='ocrx_word' id='word_1_99' title='bbox 1874 2499 2288 2565; x_wconf 86' lang='lat' dir='ltr'><strong>correctionis</strong></span> <span class='ocrx_word' id='word_1_100' title='bbox 2336 2499 2570 2585; x_wconf 87' lang='lat' dir='ltr'><strong>infligit</strong></span> <span class='ocrx_word' id='word_1_101' title='bbox 2616 2500 2999 2583; x_wconf 83' lang='lat' dir='ltr'><strong>antidotum,</strong></span> <span class='ocrx_word' id='word_1_102' title='bbox 3031 2508 3121 2583; x_wconf 90' lang='lat' dir='ltr'><strong>ut,</strong></span> <span class='ocrx_word' id='word_1_103' title='bbox 3158 2501 3267 2586; x_wconf 90' lang='lat' dir='ltr'><strong>qui</strong></span> <span class='ocrx_word' id='word_1_104' title='bbox 3307 2522 3390 2564; x_wconf 83' lang='lat' dir='ltr'><strong>ex</strong></span> <span class='ocrx_word' id='word_1_105' title='bbox 3438 2502 3669 2565; x_wconf 88' lang='lat' dir='ltr'><strong>mentis</strong></span> <span class='ocrx_word' id='word_1_106' title='bbox 3718 2501 3988 2565; x_wconf 82' lang='lat' dir='ltr'><strong>cecitate</strong></span> <span class='ocrx_word' id='word_1_107' title='bbox 4035 2501 4101 2565; x_wconf 92' lang='lat' dir='ltr'><strong>in</strong></span> <span class='ocrx_word' id='word_1_108' title='bbox 4151 2500 4409 2586; x_wconf 90' lang='lat' dir='ltr'><strong>culpam</strong></span> <span class='ocrx_word' id='word_1_109' title='bbox 4455 2506 4852 2583; x_wconf 89' lang='lat' dir='ltr'><strong>corruerant,</strong></span> 
     </span>
     <span class='ocr_line' id='line_1_14' title="bbox 1205 2606 4847 2694; baseline 0 -23"><span class='ocrx_word' id='word_1_110' title='bbox 1205 2608 1446 2694; x_wconf 90' lang='lat' dir='ltr'><strong>apertis</strong></span> <span class='ocrx_word' id='word_1_111' title='bbox 1492 2607 1882 2671; x_wconf 88' lang='lat' dir='ltr'><strong>mentalibus</strong></span> <span class='ocrx_word' id='word_1_112' title='bbox 1931 2607 2155 2689; x_wconf 90' lang='lat' dir='ltr'><strong>oculis,</strong></span> <span class='ocrx_word' id='word_1_113' title='bbox 2191 2606 2274 2670; x_wconf 90' lang='lat' dir='ltr'><strong>ad</strong></span> <span class='ocrx_word' id='word_1_114' title='bbox 2317 2607 2549 2671; x_wconf 85' lang='lat' dir='ltr'><strong>callem</strong></span> <span class='ocrx_word' id='word_1_115' title='bbox 2595 2607 2997 2671; x_wconf 85' lang='lat' dir='ltr'><strong>rectitudinis</strong></span> <span class='ocrx_word' id='word_1_116' title='bbox 3045 2629 3334 2672; x_wconf 88' lang='lat' dir='ltr'><strong>remeare</strong></span> <span class='ocrx_word' id='word_1_117' title='bbox 3382 2616 3775 2693; x_wconf 84' lang='lat' dir='ltr'><strong>cognoscant</strong></span> <span class='ocrx_word' id='word_1_118' title='bbox 3822 2655 4847 2673; x_wconf 91' lang='grc'><strong>................</strong></span> 
     </span>
     <span class='ocr_line' id='line_1_15' title="bbox 1207 2714 4924 2781; baseline 0 -2"><span class='ocrx_word' id='word_1_119' title='bbox 1207 2763 4392 2781; x_wconf 85' lang='grc'><strong>................................................</strong></span> <span class='ocrx_word' id='word_1_120' title='bbox 4432 2714 4853 2780; x_wconf 88' lang='lat' dir='ltr'><strong>Postmodum</strong></span> <span class='ocrx_word' id='word_1_121' title='bbox 4919 2776 4924 2780; x_wconf 83' lang='lat'><strong>.</strong></span> 
     </span>
     <span class='ocr_line' id='line_1_16' title="bbox 1203 2822 4853 2910; baseline -0.001 -22"><span class='ocrx_word' id='word_1_122' title='bbox 1203 2844 1359 2889; x_wconf 84' lang='lat' dir='ltr'><strong>vero</strong></span> <span class='ocrx_word' id='word_1_123' title='bbox 1406 2823 1678 2909; x_wconf 85' lang='lat' dir='ltr'><strong>predicti</strong></span> <span class='ocrx_word' id='word_1_124' title='bbox 1726 2822 2100 2905; x_wconf 87' lang='lat' dir='ltr'><strong>Commune,</strong></span> <span class='ocrx_word' id='word_1_125' title='bbox 2133 2822 2542 2887; x_wconf 79' lang='lat' dir='ltr'><strong>Universitas</strong></span> <span class='ocrx_word' id='word_1_126' title='bbox 2590 2829 2654 2887; x_wconf 91' lang='lat' dir='ltr'><strong>et</strong></span> <span class='ocrx_word' id='word_1_127' title='bbox 2698 2822 2992 2909; x_wconf 91' lang='lat' dir='ltr'><strong>Populus</strong></span> <span class='ocrx_word' id='word_1_128' title='bbox 3039 2823 3473 2906; x_wconf 75' lang='lat' dir='ltr'><strong>bononiensiS,</strong></span> <span class='ocrx_word' id='word_1_129' title='bbox 3506 2830 3814 2909; x_wconf 86' lang='lat' dir='ltr'><strong>tangente</strong></span> <span class='ocrx_word' id='word_1_130' title='bbox 3862 2823 4121 2889; x_wconf 93' lang='lat' dir='ltr'><strong>domino</strong></span> <span class='ocrx_word' id='word_1_131' title='bbox 4169 2845 4280 2889; x_wconf 93' lang='lat' dir='ltr'><strong>cor</strong></span> <span class='ocrx_word' id='word_1_132' title='bbox 4327 2824 4610 2910; x_wconf 88' lang='lat' dir='ltr'><strong>ipsorum</strong></span> <span class='ocrx_word' id='word_1_133' title='bbox 4651 2829 4716 2886; x_wconf 90' lang='lat' dir='ltr'><strong>et</strong></span> <span class='ocrx_word' id='word_1_134' title='bbox 4748 2844 4853 2886; x_wconf 87' lang='lat' dir='ltr'><strong>ca-</strong></span> 
     </span>
     <span class='ocr_line' id='line_1_17' title="bbox 1205 2929 4855 3016; baseline -0 -22"><span class='ocrx_word' id='word_1_135' title='bbox 1205 2930 1473 3016; x_wconf 89' lang='lat' dir='ltr'><strong>liginem</strong></span> <span class='ocrx_word' id='word_1_136' title='bbox 1520 2930 1599 2994; x_wconf 91' lang='lat' dir='ltr'><strong>de</strong></span> <span class='ocrx_word' id='word_1_137' title='bbox 1647 2929 2036 2994; x_wconf 91' lang='lat' dir='ltr'><strong>mentalibus</strong></span> <span class='ocrx_word' id='word_1_138' title='bbox 2083 2950 2307 2994; x_wconf 90' lang='lat' dir='ltr'><strong>eorum</strong></span> <span class='ocrx_word' id='word_1_139' title='bbox 2355 2929 2558 2994; x_wconf 90' lang='lat' dir='ltr'><strong>oculis</strong></span> <span class='ocrx_word' id='word_1_140' title='bbox 2615 2930 2979 3013; x_wconf 82' lang='lat' dir='ltr'><strong>auferente,</strong></span> <span class='ocrx_word' id='word_1_141' title='bbox 3029 2930 3107 2993; x_wconf 88' lang='lat' dir='ltr'><strong>ad</strong></span> <span class='ocrx_word' id='word_1_142' title='bbox 3160 2930 3369 2994; x_wconf 90' lang='lat' dir='ltr'><strong>sinum</strong></span> <span class='ocrx_word' id='word_1_143' title='bbox 3436 2930 3728 3015; x_wconf 86' lang='lat' dir='ltr'><strong>ejusdem</strong></span> <span class='ocrx_word' id='word_1_144' title='bbox 3789 2930 4080 2995; x_wconf 88' lang='lat' dir='ltr'><strong>Ecclesie</strong></span> <span class='ocrx_word' id='word_1_145' title='bbox 4144 2931 4367 2994; x_wconf 89' lang='lat' dir='ltr'><strong>matris</strong></span> <span class='ocrx_word' id='word_1_146' title='bbox 4429 2952 4577 3013; x_wconf 90' lang='lat' dir='ltr'><strong>sue,</strong></span> <span class='ocrx_word' id='word_1_147' title='bbox 4626 2952 4666 2994; x_wconf 88' lang='lat' dir='ltr'><strong>a</strong></span> <span class='ocrx_word' id='word_1_148' title='bbox 4726 2951 4855 3015; x_wconf 89' lang='lat' dir='ltr'><strong>qua</strong></span> 
     </span>
     <span class='ocr_line' id='line_1_18' title="bbox 1206 3035 4853 3123; baseline -0.001 -22"><span class='ocrx_word' id='word_1_149' title='bbox 1206 3036 1385 3101; x_wconf 76' lang='lat' dir='ltr'><strong>velut</strong></span> <span class='ocrx_word' id='word_1_150' title='bbox 1432 3036 1697 3100; x_wconf 85' lang='lat' dir='ltr'><strong>alienati</strong></span> <span class='ocrx_word' id='word_1_151' title='bbox 1743 3036 1860 3099; x_wconf 85' lang='lat' dir='ltr'><strong>filii</strong></span> <span class='ocrx_word' id='word_1_152' title='bbox 1907 3035 2169 3123; x_wconf 89' lang='lat' dir='ltr'><strong>propria</strong></span> <span class='ocrx_word' id='word_1_153' title='bbox 2217 3035 2407 3121; x_wconf 89' lang='lat' dir='ltr'><strong>culpa</strong></span> <span class='ocrx_word' id='word_1_154' title='bbox 2455 3042 2877 3117; x_wconf 89' lang='lat' dir='ltr'><strong>recesserant,</strong></span> <span class='ocrx_word' id='word_1_155' title='bbox 2924 3036 3135 3101; x_wconf 89' lang='lat' dir='ltr'><strong>redire</strong></span> <span class='ocrx_word' id='word_1_156' title='bbox 3184 3036 3425 3101; x_wconf 86' lang='lat' dir='ltr'><strong>saniori</strong></span> <span class='ocrx_word' id='word_1_157' title='bbox 3471 3037 3737 3102; x_wconf 91' lang='lat' dir='ltr'><strong>consilio</strong></span> <span class='ocrx_word' id='word_1_158' title='bbox 3796 3037 4148 3123; x_wconf 89' lang='lat' dir='ltr'><strong>cupientes,</strong></span> <span class='ocrx_word' id='word_1_159' title='bbox 4190 3037 4458 3101; x_wconf 90' lang='lat' dir='ltr'><strong>dilectos</strong></span> <span class='ocrx_word' id='word_1_160' title='bbox 4505 3037 4670 3101; x_wconf 89' lang='lat' dir='ltr'><strong>filios</strong></span> <span class='ocrx_word' id='word_1_161' title='bbox 4717 3058 4853 3100; x_wconf 90' lang='lat' dir='ltr'><strong>ma-</strong></span> 
     </span>
     <span class='ocr_line' id='line_1_19' title="bbox 1207 3142 4851 3230; baseline 0 -23"><span class='ocrx_word' id='word_1_162' title='bbox 1207 3144 1444 3230; x_wconf 87' lang='lat' dir='ltr'><strong>gistros</strong></span> <span class='ocrx_word' id='word_1_163' title='bbox 1491 3144 1769 3207; x_wconf 88' lang='lat' dir='ltr'><strong>Paulum</strong></span> <span class='ocrx_word' id='word_1_164' title='bbox 1819 3143 1899 3207; x_wconf 92' lang='lat' dir='ltr'><strong>de</strong></span> <span class='ocrx_word' id='word_1_165' title='bbox 1945 3143 2267 3227; x_wconf 88' lang='lat' dir='ltr'><strong>Liazarijs</strong></span> <span class='ocrx_word' id='word_1_166' title='bbox 2314 3143 2720 3207; x_wconf 88' lang='lat' dir='ltr'><strong>decretorum</strong></span> <span class='ocrx_word' id='word_1_167' title='bbox 2752 3149 2817 3206; x_wconf 86' lang='lat' dir='ltr'><strong>et</strong></span> <span class='ocrx_word' id='word_1_168' title='bbox 2855 3142 3381 3229; x_wconf 85' lang='lat' dir='ltr'><strong>Machagnanum</strong></span> <span class='ocrx_word' id='word_1_169' title='bbox 3415 3144 3493 3208; x_wconf 89' lang='lat' dir='ltr'><strong>de</strong></span> <span class='ocrx_word' id='word_1_170' title='bbox 3528 3144 3920 3230; x_wconf 87' lang='lat' dir='ltr'><strong>Aczoguidis</strong></span> <span class='ocrx_word' id='word_1_171' title='bbox 3953 3166 4028 3209; x_wconf 90' lang='lat' dir='ltr'><strong>ac</strong></span> <span class='ocrx_word' id='word_1_172' title='bbox 4074 3144 4344 3209; x_wconf 89' lang='lat' dir='ltr'><strong>Petrum</strong></span> <span class='ocrx_word' id='word_1_173' title='bbox 4376 3144 4454 3208; x_wconf 92' lang='lat' dir='ltr'><strong>de</strong></span> <span class='ocrx_word' id='word_1_174' title='bbox 4487 3143 4851 3230; x_wconf 89' lang='lat' dir='ltr'><strong>Bonpetris,</strong></span> 
     </span>
     <span class='ocr_line' id='line_1_20' title="bbox 1205 3239 4853 3339; baseline -0 -24"><span class='ocrx_word' id='word_1_175' title='bbox 1205 3250 1427 3336; x_wconf 91' lang='lat' dir='ltr'><strong>legum</strong></span> <span class='ocrx_word' id='word_1_176' title='bbox 1473 3251 1789 3333; x_wconf 90' lang='lat' dir='ltr'><strong>doctores,</strong></span> <span class='ocrx_word' id='word_1_177' title='bbox 1833 3250 2335 3332; x_wconf 81' lang='lat' dir='ltr'><strong>ambaxiatores,</strong></span> <span class='ocrx_word' id='word_1_178' title='bbox 2369 3271 2444 3314; x_wconf 88' lang='lat' dir='ltr'><strong>ac</strong></span> <span class='ocrx_word' id='word_1_179' title='bbox 2492 3249 2864 3314; x_wconf 88' lang='lat' dir='ltr'><strong>Rolandum</strong></span> <span class='ocrx_word' id='word_1_180' title='bbox 2911 3252 3236 3336; x_wconf 89' lang='lat' dir='ltr'><strong>quondam</strong></span> <span class='ocrx_word' id='word_1_181' title='bbox 3282 3251 3602 3317; x_wconf 86' lang='lat' dir='ltr'><strong>Johannis</strong></span> <span class='ocrx_word' id='word_1_182' title='bbox 3650 3251 3728 3316; x_wconf 90' lang='lat' dir='ltr'><strong>de</strong></span> <span class='ocrx_word' id='word_1_183' title='bbox 3768 3239 4106 3337; x_wconf 83' lang='lat' dir='ltr'><strong>Fantucijs</strong></span> <span class='ocrx_word' id='word_1_184' title='bbox 4152 3252 4466 3316; x_wconf 89' lang='lat' dir='ltr'><strong>sindicum</strong></span> <span class='ocrx_word' id='word_1_185' title='bbox 4513 3259 4577 3315; x_wconf 89' lang='lat' dir='ltr'><strong>et</strong></span> <span class='ocrx_word' id='word_1_186' title='bbox 4624 3271 4853 3339; x_wconf 90' lang='lat' dir='ltr'><strong>procu-</strong></span> 
     </span>
     <span class='ocr_line' id='line_1_21' title="bbox 1206 3358 4854 3446; baseline 0 -25"><span class='ocrx_word' id='word_1_187' title='bbox 1206 3365 1488 3423; x_wconf 89' lang='lat' dir='ltr'><strong>ratorem</strong></span> <span class='ocrx_word' id='word_1_188' title='bbox 1533 3365 1598 3422; x_wconf 90' lang='lat' dir='ltr'><strong>et</strong></span> <span class='ocrx_word' id='word_1_189' title='bbox 1647 3358 1950 3422; x_wconf 89' lang='lat' dir='ltr'><strong>nuncium</strong></span> <span class='ocrx_word' id='word_1_190' title='bbox 2006 3358 2354 3443; x_wconf 86' lang='lat' dir='ltr'><strong>specialem</strong></span> <span class='ocrx_word' id='word_1_191' title='bbox 2402 3378 2660 3440; x_wconf 90' lang='lat' dir='ltr'><strong>eorum,</strong></span> <span class='ocrx_word' id='word_1_192' title='bbox 2710 3358 2885 3421; x_wconf 80' lang='lat' dir='ltr'><strong>cives</strong></span> <span class='ocrx_word' id='word_1_193' title='bbox 2931 3358 3395 3441; x_wconf 78' lang='lat' dir='ltr'><strong>bononienseS,</strong></span> <span class='ocrx_word' id='word_1_194' title='bbox 3446 3359 3527 3422; x_wconf 91' lang='lat' dir='ltr'><strong>ad</strong></span> <span class='ocrx_word' id='word_1_195' title='bbox 3575 3366 3860 3424; x_wconf 87' lang='lat' dir='ltr'><strong>nostram</strong></span> <span class='ocrx_word' id='word_1_196' title='bbox 3910 3365 3973 3423; x_wconf 91' lang='lat' dir='ltr'><strong>et</strong></span> <span class='ocrx_word' id='word_1_197' title='bbox 4021 3358 4313 3444; x_wconf 89' lang='lat' dir='ltr'><strong>ejusdem</strong></span> <span class='ocrx_word' id='word_1_198' title='bbox 4362 3358 4546 3423; x_wconf 87' lang='lat' dir='ltr'><strong>Sedis</strong></span> <span class='ocrx_word' id='word_1_199' title='bbox 4593 3378 4854 3446; x_wconf 88' lang='lat' dir='ltr'><strong>presen-</strong></span> 
     </span>
     <span class='ocr_line' id='line_1_22' title="bbox 1206 3464 4852 3552; baseline 0 -24"><span class='ocrx_word' id='word_1_200' title='bbox 1206 3464 1364 3529; x_wconf 89' lang='lat' dir='ltr'><strong>tiam</strong></span> <span class='ocrx_word' id='word_1_201' title='bbox 1412 3465 1839 3547; x_wconf 89' lang='lat' dir='ltr'><strong>destinarunt,</strong></span> <span class='ocrx_word' id='word_1_202' title='bbox 1873 3464 1984 3550; x_wconf 90' lang='lat' dir='ltr'><strong>qui</strong></span> <span class='ocrx_word' id='word_1_203' title='bbox 2033 3485 2251 3530; x_wconf 89' lang='lat' dir='ltr'><strong>coram</strong></span> <span class='ocrx_word' id='word_1_204' title='bbox 2298 3464 2484 3547; x_wconf 67' lang='lat' dir='ltr'><strong>nobis</strong></span> <span class='ocrx_word' id='word_1_205' title='bbox 2532 3471 2596 3529; x_wconf 91' lang='lat' dir='ltr'><strong>et</strong></span> <span class='ocrx_word' id='word_1_206' title='bbox 2644 3464 2882 3529; x_wconf 90' lang='lat' dir='ltr'><strong>eisdem</strong></span> <span class='ocrx_word' id='word_1_207' title='bbox 2934 3465 3243 3530; x_wconf 88' lang='lat' dir='ltr'><strong>fratribus</strong></span> <span class='ocrx_word' id='word_1_208' title='bbox 3291 3466 3525 3530; x_wconf 90' lang='lat' dir='ltr'><strong>nostris</strong></span> <span class='ocrx_word' id='word_1_209' title='bbox 3573 3467 3638 3529; x_wconf 90' lang='lat' dir='ltr'><strong>in</strong></span> <span class='ocrx_word' id='word_1_210' title='bbox 3680 3466 4058 3531; x_wconf 89' lang='lat' dir='ltr'><strong>consistorio</strong></span> <span class='ocrx_word' id='word_1_211' title='bbox 4091 3466 4351 3552; x_wconf 92' lang='lat' dir='ltr'><strong>publico</strong></span> <span class='ocrx_word' id='word_1_212' title='bbox 4386 3473 4852 3552; x_wconf 86' lang='lat' dir='ltr'><strong>comparentes,</strong></span> 
     </span>
     <span class='ocr_line' id='line_1_23' title="bbox 1205 3571 4854 3659; baseline -0.001 -23"><span class='ocrx_word' id='word_1_213' title='bbox 1205 3580 1504 3659; x_wconf 89' lang='lat' dir='ltr'><strong>presente</strong></span> <span class='ocrx_word' id='word_1_214' title='bbox 1552 3572 1617 3636; x_wconf 93' lang='lat' dir='ltr'><strong>in</strong></span> <span class='ocrx_word' id='word_1_215' title='bbox 1666 3571 1836 3637; x_wconf 92' lang='lat' dir='ltr'><strong>dicto</strong></span> <span class='ocrx_word' id='word_1_216' title='bbox 1886 3572 2264 3637; x_wconf 86' lang='lat' dir='ltr'><strong>consistorio</strong></span> <span class='ocrx_word' id='word_1_217' title='bbox 2311 3580 2443 3636; x_wconf 87' lang='lat' dir='ltr'><strong>tam</strong></span> <span class='ocrx_word' id='word_1_218' title='bbox 2494 3571 2891 3658; x_wconf 85' lang='lat' dir='ltr'><strong>prelatorum</strong></span> <span class='ocrx_word' id='word_1_219' title='bbox 2940 3594 3133 3658; x_wconf 90' lang='lat' dir='ltr'><strong>quam</strong></span> <span class='ocrx_word' id='word_1_220' title='bbox 3179 3573 3454 3637; x_wconf 88' lang='lat' dir='ltr'><strong>aliorum</strong></span> <span class='ocrx_word' id='word_1_221' title='bbox 3501 3573 3788 3637; x_wconf 85' lang='lat' dir='ltr'><strong>fidelium</strong></span> <span class='ocrx_word' id='word_1_222' title='bbox 3831 3573 4242 3638; x_wconf 89' lang='lat' dir='ltr'><strong>multitudine</strong></span> <span class='ocrx_word' id='word_1_223' title='bbox 4285 3572 4564 3659; x_wconf 89' lang='lat' dir='ltr'><strong>copiosa,</strong></span> <span class='ocrx_word' id='word_1_224' title='bbox 4598 3594 4637 3636; x_wconf 93' lang='lat' dir='ltr'><strong>a</strong></span> <span class='ocrx_word' id='word_1_225' title='bbox 4668 3572 4854 3637; x_wconf 88' lang='lat' dir='ltr'><strong>nobis</strong></span> 
     </span>
     <span class='ocr_line' id='line_1_24' title="bbox 1205 3678 4855 3767; baseline -0 -23"><span class='ocrx_word' id='word_1_226' title='bbox 1205 3701 1291 3744; x_wconf 78' lang='lat' dir='ltr'><strong>ex</strong></span> <span class='ocrx_word' id='word_1_227' title='bbox 1335 3686 1519 3766; x_wconf 87' lang='lat' dir='ltr'><strong>parte</strong></span> <span class='ocrx_word' id='word_1_228' title='bbox 1569 3679 1963 3762; x_wconf 83' lang='lat' dir='ltr'><strong>Communis,</strong></span> <span class='ocrx_word' id='word_1_229' title='bbox 1996 3678 2454 3744; x_wconf 81' lang='lat' dir='ltr'><strong>Universitatis</strong></span> <span class='ocrx_word' id='word_1_230' title='bbox 2503 3688 2567 3756; x_wconf 82' lang='lat' dir='ltr'><strong>et</strong></span> <span class='ocrx_word' id='word_1_231' title='bbox 2612 3679 2849 3765; x_wconf 90' lang='lat' dir='ltr'><strong>Populi</strong></span> <span class='ocrx_word' id='word_1_232' title='bbox 2897 3680 3334 3766; x_wconf 89' lang='lat' dir='ltr'><strong>predictorum</strong></span> <span class='ocrx_word' id='word_1_233' title='bbox 3374 3680 3604 3746; x_wconf 82' lang='lat' dir='ltr'><strong>devote</strong></span> <span class='ocrx_word' id='word_1_234' title='bbox 3636 3688 3700 3745; x_wconf 89' lang='lat' dir='ltr'><strong>et</strong></span> <span class='ocrx_word' id='word_1_235' title='bbox 3733 3681 3993 3745; x_wconf 90' lang='lat' dir='ltr'><strong>humilis</strong></span> <span class='ocrx_word' id='word_1_236' title='bbox 4025 3680 4513 3767; x_wconf 89' lang='lat' dir='ltr'><strong>supplicationis</strong></span> <span class='ocrx_word' id='word_1_237' title='bbox 4545 3680 4855 3744; x_wconf 88' lang='lat' dir='ltr'><strong>instantia</strong></span> 
     </span>
     <span class='ocr_line' id='line_1_25' title="bbox 1207 3786 4854 3874; baseline -0.001 -22"><span class='ocrx_word' id='word_1_238' title='bbox 1207 3787 1646 3873; x_wconf 88' lang='lat' dir='ltr'><strong>postularunt,</strong></span> <span class='ocrx_word' id='word_1_239' title='bbox 1696 3794 1765 3851; x_wconf 89' lang='lat' dir='ltr'><strong>ut</strong></span> <span class='ocrx_word' id='word_1_240' title='bbox 1813 3808 1941 3851; x_wconf 90' lang='lat' dir='ltr'><strong>non</strong></span> <span class='ocrx_word' id='word_1_241' title='bbox 1991 3787 2396 3851; x_wconf 87' lang='lat' dir='ltr'><strong>attendentes</strong></span> <span class='ocrx_word' id='word_1_242' title='bbox 2444 3786 2736 3871; x_wconf 87' lang='lat' dir='ltr'><strong>ejusdem</strong></span> <span class='ocrx_word' id='word_1_243' title='bbox 2785 3787 3008 3873; x_wconf 92' lang='lat' dir='ltr'><strong>populi</strong></span> <span class='ocrx_word' id='word_1_244' title='bbox 3058 3787 3494 3874; x_wconf 88' lang='lat' dir='ltr'><strong>insipientiam</strong></span> <span class='ocrx_word' id='word_1_245' title='bbox 3555 3795 3618 3852; x_wconf 88' lang='lat' dir='ltr'><strong>et</strong></span> <span class='ocrx_word' id='word_1_246' title='bbox 3680 3810 4012 3871; x_wconf 83' lang='lat' dir='ltr'><strong>excessus,</strong></span> <span class='ocrx_word' id='word_1_247' title='bbox 4061 3788 4174 3852; x_wconf 91' lang='lat' dir='ltr'><strong>sed</strong></span> <span class='ocrx_word' id='word_1_248' title='bbox 4221 3788 4325 3874; x_wconf 89' lang='lat' dir='ltr'><strong>pie</strong></span> <span class='ocrx_word' id='word_1_249' title='bbox 4373 3786 4854 3853; x_wconf 87' lang='lat' dir='ltr'><strong>considerantes</strong></span> 
     </span>
     <span class='ocr_line' id='line_1_26' title="bbox 1205 3894 4854 3982; baseline 0 -23"><span class='ocrx_word' id='word_1_250' title='bbox 1205 3895 1497 3981; x_wconf 87' lang='lat' dir='ltr'><strong>ejusdem</strong></span> <span class='ocrx_word' id='word_1_251' title='bbox 1546 3894 1733 3959; x_wconf 85' lang='lat' dir='ltr'><strong>Sedis</strong></span> <span class='ocrx_word' id='word_1_252' title='bbox 1781 3901 1845 3959; x_wconf 89' lang='lat' dir='ltr'><strong>et</strong></span> <span class='ocrx_word' id='word_1_253' title='bbox 1892 3916 2156 3959; x_wconf 91' lang='lat' dir='ltr'><strong>romane</strong></span> <span class='ocrx_word' id='word_1_254' title='bbox 2204 3894 2494 3959; x_wconf 87' lang='lat' dir='ltr'><strong>Ecclesie</strong></span> <span class='ocrx_word' id='word_1_255' title='bbox 2540 3895 3012 3980; x_wconf 86' lang='lat' dir='ltr'><strong>benignitatem</strong></span> <span class='ocrx_word' id='word_1_256' title='bbox 3057 3902 3122 3959; x_wconf 89' lang='lat' dir='ltr'><strong>et</strong></span> <span class='ocrx_word' id='word_1_257' title='bbox 3168 3896 3575 3960; x_wconf 88' lang='lat' dir='ltr'><strong>clementiam</strong></span> <span class='ocrx_word' id='word_1_258' title='bbox 3623 3902 3996 3961; x_wconf 89' lang='lat' dir='ltr'><strong>consuetam</strong></span> <span class='ocrx_word' id='word_1_259' title='bbox 4037 3902 4102 3960; x_wconf 91' lang='lat' dir='ltr'><strong>et</strong></span> <span class='ocrx_word' id='word_1_260' title='bbox 4134 3896 4303 3982; x_wconf 91' lang='lat' dir='ltr'><strong>quod</strong></span> <span class='ocrx_word' id='word_1_261' title='bbox 4337 3895 4605 3982; x_wconf 88' lang='lat' dir='ltr'><strong>predicti</strong></span> <span class='ocrx_word' id='word_1_262' title='bbox 4637 3894 4854 3959; x_wconf 92' lang='lat' dir='ltr'><strong>Bono-</strong></span> 
     </span>
     <span class='ocr_line' id='line_1_27' title="bbox 1204 3999 4856 4090; baseline -0 -24"><span class='ocrx_word' id='word_1_263' title='bbox 1204 4002 1460 4067; x_wconf 88' lang='lat' dir='ltr'><strong>nienses</strong></span> <span class='ocrx_word' id='word_1_264' title='bbox 1508 3999 1767 4066; x_wconf 87' lang='lat' dir='ltr'><strong>fuerant</strong></span> <span class='ocrx_word' id='word_1_265' title='bbox 1813 4002 2125 4067; x_wconf 90' lang='lat' dir='ltr'><strong>hactenus</strong></span> <span class='ocrx_word' id='word_1_266' title='bbox 2172 4000 2464 4086; x_wconf 89' lang='lat' dir='ltr'><strong>ejusdem</strong></span> <span class='ocrx_word' id='word_1_267' title='bbox 2510 4001 2801 4066; x_wconf 88' lang='lat' dir='ltr'><strong>Ecclesie</strong></span> <span class='ocrx_word' id='word_1_268' title='bbox 2849 4000 3067 4066; x_wconf 83' lang='lat' dir='ltr'><strong>devoti</strong></span> <span class='ocrx_word' id='word_1_269' title='bbox 3114 4002 3230 4087; x_wconf 86' lang='lat' dir='ltr'><strong>filij</strong></span> <span class='ocrx_word' id='word_1_270' title='bbox 3279 4009 3344 4066; x_wconf 93' lang='lat' dir='ltr'><strong>et</strong></span> <span class='ocrx_word' id='word_1_271' title='bbox 3390 4024 3531 4067; x_wconf 89' lang='lat' dir='ltr'><strong>esse</strong></span> <span class='ocrx_word' id='word_1_272' title='bbox 3563 4009 3873 4090; x_wconf 88' lang='lat' dir='ltr'><strong>perpetuo</strong></span> <span class='ocrx_word' id='word_1_273' title='bbox 3907 4003 4353 4090; x_wconf 88' lang='lat' dir='ltr'><strong>proponebant</strong></span> <span class='ocrx_word' id='word_1_274' title='bbox 4385 4011 4451 4066; x_wconf 92' lang='lat' dir='ltr'><strong>et</strong></span> <span class='ocrx_word' id='word_1_275' title='bbox 4481 4001 4650 4088; x_wconf 92' lang='lat' dir='ltr'><strong>quod</strong></span> <span class='ocrx_word' id='word_1_276' title='bbox 4683 4000 4856 4065; x_wconf 90' lang='lat' dir='ltr'><strong>idem</strong></span> 
     </span>
     <span class='ocr_line' id='line_1_28' title="bbox 1204 4107 4855 4197; baseline -0.001 -21"><span class='ocrx_word' id='word_1_277' title='bbox 1204 4111 1483 4197; x_wconf 89' lang='lat' dir='ltr'><strong>populus</strong></span> <span class='ocrx_word' id='word_1_278' title='bbox 1531 4110 1596 4173; x_wconf 92' lang='lat' dir='ltr'><strong>in</strong></span> <span class='ocrx_word' id='word_1_279' title='bbox 1644 4108 1908 4173; x_wconf 86' lang='lat' dir='ltr'><strong>servitio</strong></span> <span class='ocrx_word' id='word_1_280' title='bbox 1955 4107 2246 4192; x_wconf 88' lang='lat' dir='ltr'><strong>ejusdem</strong></span> <span class='ocrx_word' id='word_1_281' title='bbox 2292 4107 2582 4173; x_wconf 86' lang='lat' dir='ltr'><strong>Ecclesie</strong></span> <span class='ocrx_word' id='word_1_282' title='bbox 2631 4114 2856 4173; x_wconf 91' lang='lat' dir='ltr'><strong>contra</strong></span> <span class='ocrx_word' id='word_1_283' title='bbox 2905 4108 3242 4173; x_wconf 82' lang='lat' dir='ltr'><strong>indevotos</strong></span> <span class='ocrx_word' id='word_1_284' title='bbox 3286 4109 3488 4197; x_wconf 91' lang='lat' dir='ltr'><strong>ipsius</strong></span> <span class='ocrx_word' id='word_1_285' title='bbox 3535 4110 3920 4195; x_wconf 89' lang='lat' dir='ltr'><strong>sanguinem</strong></span> <span class='ocrx_word' id='word_1_286' title='bbox 3973 4131 4162 4174; x_wconf 90' lang='lat' dir='ltr'><strong>suum</strong></span> <span class='ocrx_word' id='word_1_287' title='bbox 4223 4108 4494 4173; x_wconf 88' lang='lat' dir='ltr'><strong>fundere</strong></span> <span class='ocrx_word' id='word_1_288' title='bbox 4556 4115 4621 4173; x_wconf 93' lang='lat' dir='ltr'><strong>et</strong></span> <span class='ocrx_word' id='word_1_289' title='bbox 4681 4108 4855 4172; x_wconf 91' lang='lat' dir='ltr'><strong>bona</strong></span> 
     </span>
     <span class='ocr_line' id='line_1_29' title="bbox 1204 4215 4854 4304; baseline -0.001 -22"><span class='ocrx_word' id='word_1_290' title='bbox 1204 4240 1323 4282; x_wconf 90' lang='lat' dir='ltr'><strong>sua</strong></span> <span class='ocrx_word' id='word_1_291' title='bbox 1370 4238 1696 4304; x_wconf 84' lang='lat' dir='ltr'><strong>exponere</strong></span> <span class='ocrx_word' id='word_1_292' title='bbox 1744 4216 2007 4280; x_wconf 89' lang='lat' dir='ltr'><strong>minime</strong></span> <span class='ocrx_word' id='word_1_293' title='bbox 2056 4215 2406 4298; x_wconf 88' lang='lat' dir='ltr'><strong>dubitarat,</strong></span> <span class='ocrx_word' id='word_1_294' title='bbox 2439 4215 2753 4303; x_wconf 91' lang='lat' dir='ltr'><strong>populum</strong></span> <span class='ocrx_word' id='word_1_295' title='bbox 2792 4215 3005 4303; x_wconf 91' lang='lat' dir='ltr'><strong>ipsum</strong></span> <span class='ocrx_word' id='word_1_296' title='bbox 3039 4216 3454 4302; x_wconf 86' lang='lat' dir='ltr'><strong>dignaremur</strong></span> <span class='ocrx_word' id='word_1_297' title='bbox 3486 4217 3802 4303; x_wconf 86' lang='lat' dir='ltr'><strong>respicere</strong></span> <span class='ocrx_word' id='word_1_298' title='bbox 3837 4217 4023 4282; x_wconf 93' lang='lat' dir='ltr'><strong>oculo</strong></span> <span class='ocrx_word' id='word_1_299' title='bbox 4054 4216 4337 4304; x_wconf 87' lang='lat' dir='ltr'><strong>pietatis,</strong></span> <span class='ocrx_word' id='word_1_300' title='bbox 4371 4222 4437 4281; x_wconf 90' lang='lat' dir='ltr'><strong>ct</strong></span> <span class='ocrx_word' id='word_1_301' title='bbox 4468 4216 4529 4280; x_wconf 90' lang='lat' dir='ltr'><strong>ei</strong></span> <span class='ocrx_word' id='word_1_302' title='bbox 4560 4215 4854 4280; x_wconf 87' lang='lat' dir='ltr'><strong>redeunti</strong></span> 
     </span>
     <span class='ocr_line' id='line_1_30' title="bbox 1206 4322 4855 4411; baseline -0.001 -21"><span class='ocrx_word' id='word_1_303' title='bbox 1206 4333 1290 4390; x_wconf 90' lang='lat' dir='ltr'><strong>et.</strong></span> <span class='ocrx_word' id='word_1_304' title='bbox 1317 4324 1630 4411; x_wconf 83' lang='lat' dir='ltr'><strong>penitenti</strong></span> <span class='ocrx_word' id='word_1_305' title='bbox 1678 4323 1891 4387; x_wconf 90' lang='lat' dir='ltr'><strong>sinum</strong></span> <span class='ocrx_word' id='word_1_306' title='bbox 1938 4329 2003 4387; x_wconf 92' lang='lat' dir='ltr'><strong>et</strong></span> <span class='ocrx_word' id='word_1_307' title='bbox 2048 4322 2367 4407; x_wconf 89' lang='lat' dir='ltr'><strong>gremium</strong></span> <span class='ocrx_word' id='word_1_308' title='bbox 2414 4323 2707 4408; x_wconf 90' lang='lat' dir='ltr'><strong>ejusdem</strong></span> <span class='ocrx_word' id='word_1_309' title='bbox 2753 4322 3046 4388; x_wconf 89' lang='lat' dir='ltr'><strong>Ecclesie</strong></span> <span class='ocrx_word' id='word_1_310' title='bbox 3094 4324 3589 4389; x_wconf 87' lang='lat' dir='ltr'><strong>misericorditer</strong></span> <span class='ocrx_word' id='word_1_311' title='bbox 3635 4324 3909 4410; x_wconf 86' lang='lat' dir='ltr'><strong>aperire,</strong></span> <span class='ocrx_word' id='word_1_312' title='bbox 3944 4324 4312 4409; x_wconf 89' lang='lat' dir='ltr'><strong>dictumque</strong></span> <span class='ocrx_word' id='word_1_313' title='bbox 4345 4324 4655 4410; x_wconf 90' lang='lat' dir='ltr'><strong>populum</strong></span> <span class='ocrx_word' id='word_1_314' title='bbox 4701 4322 4855 4385; x_wconf 88' lang='lat' dir='ltr'><strong>diri-</strong></span> 
     </span>
     <span class='ocr_line' id='line_1_31' title="bbox 1205 4429 4857 4518; baseline -0.001 -22"><span class='ocrx_word' id='word_1_315' title='bbox 1205 4453 1381 4518; x_wconf 89' lang='lat' dir='ltr'><strong>gere,</strong></span> <span class='ocrx_word' id='word_1_316' title='bbox 1430 4438 1502 4495; x_wconf 89' lang='lat' dir='ltr'><strong>ut</strong></span> <span class='ocrx_word' id='word_1_317' title='bbox 1564 4431 1705 4517; x_wconf 92' lang='lat' dir='ltr'><strong>ipsa</strong></span> <span class='ocrx_word' id='word_1_318' title='bbox 1762 4430 1989 4494; x_wconf 86' lang='lat' dir='ltr'><strong>civitas</strong></span> <span class='ocrx_word' id='word_1_319' title='bbox 2037 4437 2259 4494; x_wconf 89' lang='lat' dir='ltr'><strong>nostra</strong></span> <span class='ocrx_word' id='word_1_320' title='bbox 2306 4429 2426 4493; x_wconf 88' lang='lat' dir='ltr'><strong>sub</strong></span> <span class='ocrx_word' id='word_1_321' title='bbox 2474 4429 2595 4494; x_wconf 90' lang='lat' dir='ltr'><strong>alis</strong></span> <span class='ocrx_word' id='word_1_322' title='bbox 2643 4431 2903 4516; x_wconf 89' lang='lat' dir='ltr'><strong>pietatis</strong></span> <span class='ocrx_word' id='word_1_323' title='bbox 2953 4438 3169 4495; x_wconf 87' lang='lat' dir='ltr'><strong>nostre</strong></span> <span class='ocrx_word' id='word_1_324' title='bbox 3216 4439 3281 4495; x_wconf 90' lang='lat' dir='ltr'><strong>et</strong></span> <span class='ocrx_word' id='word_1_325' title='bbox 3327 4431 3619 4515; x_wconf 88' lang='lat' dir='ltr'><strong>ejusdem</strong></span> <span class='ocrx_word' id='word_1_326' title='bbox 3663 4431 3954 4496; x_wconf 85' lang='lat' dir='ltr'><strong>Ecclesie</strong></span> <span class='ocrx_word' id='word_1_327' title='bbox 4005 4431 4067 4495; x_wconf 91' lang='lat' dir='ltr'><strong>in</strong></span> <span class='ocrx_word' id='word_1_328' title='bbox 4116 4432 4295 4518; x_wconf 92' lang='lat' dir='ltr'><strong>pacis</strong></span> <span class='ocrx_word' id='word_1_329' title='bbox 4342 4430 4741 4517; x_wconf 88' lang='lat' dir='ltr'><strong>plenitudine</strong></span> <span class='ocrx_word' id='word_1_330' title='bbox 4788 4437 4857 4494; x_wconf 91' lang='lat' dir='ltr'><strong>et</strong></span> 
     </span>
     <span class='ocr_line' id='line_1_32' title="bbox 1204 4536 4855 4627; baseline -0.001 -23"><span class='ocrx_word' id='word_1_331' title='bbox 1204 4539 1685 4627; x_wconf 86' lang='lat' dir='ltr'><strong>pulchritudine</strong></span> <span class='ocrx_word' id='word_1_332' title='bbox 1733 4537 1950 4602; x_wconf 79' lang='lat' dir='ltr'><strong>valeat</strong></span> <span class='ocrx_word' id='word_1_333' title='bbox 1995 4536 2376 4622; x_wconf 83' lang='lat' dir='ltr'><strong>gubernari3</strong></span> <span class='ocrx_word' id='word_1_334' title='bbox 2426 4537 2595 4622; x_wconf 92' lang='lat' dir='ltr'><strong>quod</strong></span> <span class='ocrx_word' id='word_1_335' title='bbox 2644 4538 2785 4602; x_wconf 87' lang='lat' dir='ltr'><strong>fieri</strong></span> <span class='ocrx_word' id='word_1_336' title='bbox 2831 4538 3272 4603; x_wconf 88' lang='lat' dir='ltr'><strong>indubitanter</strong></span> <span class='ocrx_word' id='word_1_337' title='bbox 3317 4538 3687 4622; x_wconf 88' lang='lat' dir='ltr'><strong>credebant,</strong></span> <span class='ocrx_word' id='word_1_338' title='bbox 3720 4539 3774 4602; x_wconf 89' lang='lat' dir='ltr'><strong>si</strong></span> <span class='ocrx_word' id='word_1_339' title='bbox 3821 4539 4112 4623; x_wconf 90' lang='lat' dir='ltr'><strong>ejusdem</strong></span> <span class='ocrx_word' id='word_1_340' title='bbox 4162 4537 4348 4603; x_wconf 86' lang='lat' dir='ltr'><strong>Sedis</strong></span> <span class='ocrx_word' id='word_1_341' title='bbox 4396 4537 4736 4602; x_wconf 90' lang='lat' dir='ltr'><strong>clementia</strong></span> <span class='ocrx_word' id='word_1_342' title='bbox 4784 4559 4855 4601; x_wconf 89' lang='lat' dir='ltr'><strong>se</strong></span> 
     </span>
     <span class='ocr_line' id='line_1_33' title="bbox 1205 4644 4854 4734; baseline -0.001 -22"><span class='ocrx_word' id='word_1_343' title='bbox 1205 4669 1400 4734; x_wconf 92' lang='lat' dir='ltr'><strong>super</strong></span> <span class='ocrx_word' id='word_1_344' title='bbox 1446 4645 1734 4710; x_wconf 89' lang='lat' dir='ltr'><strong>articulis</strong></span> <span class='ocrx_word' id='word_1_345' title='bbox 1784 4645 2210 4730; x_wconf 89' lang='lat' dir='ltr'><strong>infrascriptis</strong></span> <span class='ocrx_word' id='word_1_346' title='bbox 2258 4645 2363 4730; x_wconf 90' lang='lat' dir='ltr'><strong>pie</strong></span> <span class='ocrx_word' id='word_1_347' title='bbox 2411 4644 2792 4730; x_wconf 88' lang='lat' dir='ltr'><strong>dignaretur</strong></span> <span class='ocrx_word' id='word_1_348' title='bbox 2838 4645 3124 4732; x_wconf 90' lang='lat' dir='ltr'><strong>ipsorum</strong></span> <span class='ocrx_word' id='word_1_349' title='bbox 3173 4645 3579 4728; x_wconf 84' lang='lat' dir='ltr'><strong>Communis,</strong></span> <span class='ocrx_word' id='word_1_350' title='bbox 3629 4645 4087 4710; x_wconf 84' lang='lat' dir='ltr'><strong>Universitatis</strong></span> <span class='ocrx_word' id='word_1_351' title='bbox 4132 4653 4198 4709; x_wconf 91' lang='lat' dir='ltr'><strong>et</strong></span> <span class='ocrx_word' id='word_1_352' title='bbox 4247 4645 4483 4732; x_wconf 89' lang='lat' dir='ltr'><strong>Populi</strong></span> <span class='ocrx_word' id='word_1_353' title='bbox 4530 4644 4854 4731; x_wconf 89' lang='lat' dir='ltr'><strong>supplica·</strong></span> 
     </span>
     <span class='ocr_line' id='line_1_34' title="bbox 1204 4750 4853 4838; baseline -0.001 -19"><span class='ocrx_word' id='word_1_354' title='bbox 1204 4754 1486 4819; x_wconf 89' lang='lat' dir='ltr'><strong>tionibus</strong></span> <span class='ocrx_word' id='word_1_355' title='bbox 1535 4752 1868 4816; x_wconf 87' lang='lat' dir='ltr'><strong>inclinare.</strong></span> <span class='ocrx_word' id='word_1_356' title='bbox 1917 4751 2227 4837; x_wconf 89' lang='lat' dir='ltr'><strong>Idemque</strong></span> <span class='ocrx_word' id='word_1_357' title='bbox 2275 4750 2558 4815; x_wconf 89' lang='lat' dir='ltr'><strong>sindicus</strong></span> <span class='ocrx_word' id='word_1_358' title='bbox 2605 4759 2669 4816; x_wconf 92' lang='lat' dir='ltr'><strong>et</strong></span> <span class='ocrx_word' id='word_1_359' title='bbox 2716 4759 3118 4837; x_wconf 87' lang='lat' dir='ltr'><strong>procurator,</strong></span> <span class='ocrx_word' id='word_1_360' title='bbox 3153 4753 3398 4816; x_wconf 90' lang='lat' dir='ltr'><strong>habens</strong></span> <span class='ocrx_word' id='word_1_361' title='bbox 3436 4753 3519 4816; x_wconf 89' lang='lat' dir='ltr'><strong>ad</strong></span> <span class='ocrx_word' id='word_1_362' title='bbox 3565 4753 3977 4838; x_wconf 88' lang='lat' dir='ltr'><strong>infrascripta</strong></span> <span class='ocrx_word' id='word_1_363' title='bbox 4024 4752 4241 4816; x_wconf 90' lang='lat' dir='ltr'><strong>omnia</strong></span> <span class='ocrx_word' id='word_1_364' title='bbox 4287 4759 4353 4816; x_wconf 88' lang='lat' dir='ltr'><strong>et</strong></span> <span class='ocrx_word' id='word_1_365' title='bbox 4383 4751 4642 4838; x_wconf 90' lang='lat' dir='ltr'><strong>singula</strong></span> <span class='ocrx_word' id='word_1_366' title='bbox 4673 4773 4853 4816; x_wconf 91' lang='lat' dir='ltr'><strong>reco-</strong></span> 
     </span>
     <span class='ocr_line' id='line_1_35' title="bbox 1202 4858 4854 4948; baseline -0.001 -21"><span class='ocrx_word' id='word_1_367' title='bbox 1202 4861 1609 4948; x_wconf 89' lang='lat' dir='ltr'><strong>gnoscenda,</strong></span> <span class='ocrx_word' id='word_1_368' title='bbox 1659 4858 2019 4941; x_wconf 89' lang='lat' dir='ltr'><strong>tractanda,</strong></span> <span class='ocrx_word' id='word_1_369' title='bbox 2068 4859 2369 4945; x_wconf 90' lang='lat' dir='ltr'><strong>petenda,</strong></span> <span class='ocrx_word' id='word_1_370' title='bbox 2419 4859 2865 4946; x_wconf 88' lang='lat' dir='ltr'><strong>supplicanda,</strong></span> <span class='ocrx_word' id='word_1_371' title='bbox 2916 4860 3235 4943; x_wconf 88' lang='lat' dir='ltr'><strong>facienda,</strong></span> <span class='ocrx_word' id='word_1_372' title='bbox 3284 4861 3737 4946; x_wconf 89' lang='lat' dir='ltr'><strong>promittenda,</strong></span> <span class='ocrx_word' id='word_1_373' title='bbox 3779 4859 4083 4945; x_wconf 87' lang='lat' dir='ltr'><strong>juranda,</strong></span> <span class='ocrx_word' id='word_1_374' title='bbox 4130 4860 4524 4946; x_wconf 89' lang='lat' dir='ltr'><strong>perficienda</strong></span> <span class='ocrx_word' id='word_1_375' title='bbox 4569 4867 4633 4924; x_wconf 91' lang='lat' dir='ltr'><strong>et</strong></span> <span class='ocrx_word' id='word_1_376' title='bbox 4680 4881 4854 4924; x_wconf 91' lang='lat' dir='ltr'><strong>com-</strong></span> 
     </span>
     <span class='ocr_line' id='line_1_36' title="bbox 1202 4965 4856 5056; baseline -0.001 -23"><span class='ocrx_word' id='word_1_377' title='bbox 1202 4968 1441 5056; x_wconf 88' lang='lat' dir='ltr'><strong>plenda</strong></span> <span class='ocrx_word' id='word_1_378' title='bbox 1488 4966 1769 5054; x_wconf 87' lang='lat' dir='ltr'><strong>speciale</strong></span> <span class='ocrx_word' id='word_1_379' title='bbox 1816 4965 2214 5048; x_wconf 91' lang='lat' dir='ltr'><strong>mandatum,</strong></span> <span class='ocrx_word' id='word_1_380' title='bbox 2263 4965 2608 5032; x_wconf 90' lang='lat' dir='ltr'><strong>sindicario</strong></span> <span class='ocrx_word' id='word_1_381' title='bbox 2654 4973 2718 5030; x_wconf 89' lang='lat' dir='ltr'><strong>et</strong></span> <span class='ocrx_word' id='word_1_382' title='bbox 2765 4966 3211 5052; x_wconf 87' lang='lat' dir='ltr'><strong>procuratorio</strong></span> <span class='ocrx_word' id='word_1_383' title='bbox 3260 4967 3516 5032; x_wconf 90' lang='lat' dir='ltr'><strong>nomine</strong></span> <span class='ocrx_word' id='word_1_384' title='bbox 3565 4967 4088 5032; x_wconf 88' lang='lat' dir='ltr'><strong>constituentium</strong></span> <span class='ocrx_word' id='word_1_385' title='bbox 4120 4966 4492 5032; x_wconf 89' lang='lat' dir='ltr'><strong>eorumdem</strong></span> <span class='ocrx_word' id='word_1_386' title='bbox 4525 4966 4754 5031; x_wconf 79' lang='lat' dir='ltr'><strong>devote</strong></span> <span class='ocrx_word' id='word_1_387' title='bbox 4788 4974 4856 5030; x_wconf 90' lang='lat' dir='ltr'><strong>et</strong></span> 
     </span>
     <span class='ocr_line' id='line_1_37' title="bbox 1200 5072 4854 5160; baseline -0.001 -20"><span class='ocrx_word' id='word_1_388' title='bbox 1200 5076 1532 5140; x_wconf 88' lang='lat' dir='ltr'><strong>humiliter</strong></span> <span class='ocrx_word' id='word_1_389' title='bbox 1577 5073 1911 5139; x_wconf 83' lang='lat' dir='ltr'><strong>confessus</strong></span> <span class='ocrx_word' id='word_1_390' title='bbox 1959 5072 2082 5137; x_wconf 85' lang='lat' dir='ltr'><strong>fuit</strong></span> <span class='ocrx_word' id='word_1_391' title='bbox 2114 5080 2179 5136; x_wconf 91' lang='lat' dir='ltr'><strong>et</strong></span> <span class='ocrx_word' id='word_1_392' title='bbox 2211 5073 2408 5137; x_wconf 86' lang='lat' dir='ltr'><strong>etiam</strong></span> <span class='ocrx_word' id='word_1_393' title='bbox 2442 5074 2837 5158; x_wconf 88' lang='lat' dir='ltr'><strong>recognovit,</strong></span> <span class='ocrx_word' id='word_1_394' title='bbox 2874 5073 3047 5159; x_wconf 91' lang='lat' dir='ltr'><strong>quod</strong></span> <span class='ocrx_word' id='word_1_395' title='bbox 3079 5073 3220 5160; x_wconf 90' lang='lat' dir='ltr'><strong>ipsa</strong></span> <span class='ocrx_word' id='word_1_396' title='bbox 3252 5074 3479 5138; x_wconf 81' lang='lat' dir='ltr'><strong>civitas</strong></span> <span class='ocrx_word' id='word_1_397' title='bbox 3510 5073 3924 5139; x_wconf 89' lang='lat' dir='ltr'><strong>bononiensis</strong></span> <span class='ocrx_word' id='word_1_398' title='bbox 3956 5080 4021 5138; x_wconf 90' lang='lat' dir='ltr'><strong>et</strong></span> <span class='ocrx_word' id='word_1_399' title='bbox 4054 5073 4396 5138; x_wconf 89' lang='lat' dir='ltr'><strong>comitatus</strong></span> <span class='ocrx_word' id='word_1_400' title='bbox 4428 5079 4493 5137; x_wconf 90' lang='lat' dir='ltr'><strong>et</strong></span> <span class='ocrx_word' id='word_1_401' title='bbox 4524 5073 4854 5137; x_wconf 86' lang='lat' dir='ltr'><strong>districtus</strong></span> 
     </span>
     <span class='ocr_line' id='line_1_38' title="bbox 1203 5180 4854 5269; baseline -0.001 -22"><span class='ocrx_word' id='word_1_402' title='bbox 1203 5183 1495 5269; x_wconf 90' lang='lat' dir='ltr'><strong>ejusdem</strong></span> <span class='ocrx_word' id='word_1_403' title='bbox 1542 5182 1734 5268; x_wconf 91' lang='lat' dir='ltr'><strong>pleno</strong></span> <span class='ocrx_word' id='word_1_404' title='bbox 1774 5182 1923 5266; x_wconf 87' lang='lat' dir='ltr'><strong>jure</strong></span> <span class='ocrx_word' id='word_1_405' title='bbox 1973 5181 2038 5244; x_wconf 90' lang='lat' dir='ltr'><strong>in</strong></span> <span class='ocrx_word' id='word_1_406' title='bbox 2085 5180 2550 5267; x_wconf 88' lang='lat' dir='ltr'><strong>temporalibus</strong></span> <span class='ocrx_word' id='word_1_407' title='bbox 2599 5202 2724 5266; x_wconf 94' lang='lat' dir='ltr'><strong>quo</strong></span> <span class='ocrx_word' id='word_1_408' title='bbox 2771 5182 2854 5245; x_wconf 90' lang='lat' dir='ltr'><strong>ad</strong></span> <span class='ocrx_word' id='word_1_409' title='bbox 2903 5180 3254 5246; x_wconf 89' lang='lat' dir='ltr'><strong>dominium</strong></span> <span class='ocrx_word' id='word_1_410' title='bbox 3302 5187 3368 5245; x_wconf 91' lang='lat' dir='ltr'><strong>et</strong></span> <span class='ocrx_word' id='word_1_411' title='bbox 3413 5202 3661 5245; x_wconf 89' lang='lat' dir='ltr'><strong>merum</strong></span> <span class='ocrx_word' id='word_1_412' title='bbox 3706 5188 3772 5245; x_wconf 92' lang='lat' dir='ltr'><strong>et</strong></span> <span class='ocrx_word' id='word_1_413' title='bbox 3834 5182 4106 5245; x_wconf 83' lang='lat' dir='ltr'><strong>mixtum</strong></span> <span class='ocrx_word' id='word_1_414' title='bbox 4152 5181 4494 5268; x_wconf 90' lang='lat' dir='ltr'><strong>imperium</strong></span> <span class='ocrx_word' id='word_1_415' title='bbox 4539 5187 4605 5244; x_wconf 91' lang='lat' dir='ltr'><strong>et</strong></span> <span class='ocrx_word' id='word_1_416' title='bbox 4651 5181 4854 5244; x_wconf 88' lang='lat' dir='ltr'><strong>omni·</strong></span> 
     </span>
     <span class='ocr_line' id='line_1_39' title="bbox 1204 5287 4853 5374; baseline -0.001 -20"><span class='ocrx_word' id='word_1_417' title='bbox 1204 5291 1462 5356; x_wconf 91' lang='lat' dir='ltr'><strong>modam</strong></span> <span class='ocrx_word' id='word_1_418' title='bbox 1504 5288 2023 5374; x_wconf 89' lang='lat' dir='ltr'><strong>jurisdictionem</strong></span> <span class='ocrx_word' id='word_1_419' title='bbox 2071 5287 2152 5352; x_wconf 92' lang='lat' dir='ltr'><strong>ad</strong></span> <span class='ocrx_word' id='word_1_420' title='bbox 2199 5308 2536 5352; x_wconf 88' lang='lat' dir='ltr'><strong>romanam</strong></span> <span class='ocrx_word' id='word_1_421' title='bbox 2581 5287 2942 5352; x_wconf 87' lang='lat' dir='ltr'><strong>Ecclesiam</strong></span> <span class='ocrx_word' id='word_1_422' title='bbox 2998 5288 3063 5352; x_wconf 92' lang='lat' dir='ltr'><strong>in</strong></span> <span class='ocrx_word' id='word_1_423' title='bbox 3126 5287 3404 5353; x_wconf 88' lang='lat' dir='ltr'><strong>solidum</strong></span> <span class='ocrx_word' id='word_1_424' title='bbox 3449 5288 3774 5374; x_wconf 87' lang='lat' dir='ltr'><strong>pertinent</strong></span> <span class='ocrx_word' id='word_1_425' title='bbox 3834 5310 3909 5353; x_wconf 89' lang='lat' dir='ltr'><strong>ac</strong></span> <span class='ocrx_word' id='word_1_426' title='bbox 3956 5288 4153 5352; x_wconf 88' lang='lat' dir='ltr'><strong>etiam</strong></span> <span class='ocrx_word' id='word_1_427' title='bbox 4199 5289 4282 5352; x_wconf 89' lang='lat' dir='ltr'><strong>ab</strong></span> <span class='ocrx_word' id='word_1_428' title='bbox 4331 5287 4597 5373; x_wconf 89' lang='lat' dir='ltr'><strong>antiquo</strong></span> <span class='ocrx_word' id='word_1_429' title='bbox 4653 5287 4853 5373; x_wconf 88' lang='lat' dir='ltr'><strong>perti-</strong></span> 
     </span>
     <span class='ocr_line' id='line_1_40' title="bbox 1202 5392 4853 5480; baseline -0.001 -20"><span class='ocrx_word' id='word_1_430' title='bbox 1202 5402 1516 5476; x_wconf 83' lang='lat' dir='ltr'><strong>nuerunt3</strong></span> <span class='ocrx_word' id='word_1_431' title='bbox 1567 5416 1641 5459; x_wconf 89' lang='lat' dir='ltr'><strong>ac</strong></span> <span class='ocrx_word' id='word_1_432' title='bbox 1685 5395 1931 5479; x_wconf 80' lang='lat' dir='ltr'><strong>juravit</strong></span> <span class='ocrx_word' id='word_1_433' title='bbox 1995 5393 2079 5458; x_wconf 92' lang='lat' dir='ltr'><strong>ad</strong></span> <span class='ocrx_word' id='word_1_434' title='bbox 2144 5400 2369 5459; x_wconf 88' lang='lat' dir='ltr'><strong>sancta</strong></span> <span class='ocrx_word' id='word_1_435' title='bbox 2415 5393 2541 5458; x_wconf 93' lang='lat' dir='ltr'><strong>Dei</strong></span> <span class='ocrx_word' id='word_1_436' title='bbox 2587 5393 2952 5478; x_wconf 78' lang='lat' dir='ltr'><strong>evangelia,</strong></span> <span class='ocrx_word' id='word_1_437' title='bbox 2995 5394 3061 5457; x_wconf 92' lang='lat' dir='ltr'><strong>in</strong></span> <span class='ocrx_word' id='word_1_438' title='bbox 3108 5415 3177 5458; x_wconf 89' lang='lat' dir='ltr'><strong>se</strong></span> <span class='ocrx_word' id='word_1_439' title='bbox 3236 5393 3622 5480; x_wconf 87' lang='lat' dir='ltr'><strong>supradictis</strong></span> <span class='ocrx_word' id='word_1_440' title='bbox 3672 5393 4034 5458; x_wconf 90' lang='lat' dir='ltr'><strong>nominibus</strong></span> <span class='ocrx_word' id='word_1_441' title='bbox 4092 5401 4157 5458; x_wconf 91' lang='lat' dir='ltr'><strong>et</strong></span> <span class='ocrx_word' id='word_1_442' title='bbox 4203 5393 4270 5457; x_wconf 92' lang='lat' dir='ltr'><strong>in</strong></span> <span class='ocrx_word' id='word_1_443' title='bbox 4318 5393 4568 5457; x_wconf 91' lang='lat' dir='ltr'><strong>animas</strong></span> <span class='ocrx_word' id='word_1_444' title='bbox 4614 5392 4853 5458; x_wconf 89' lang='lat' dir='ltr'><strong>consti-</strong></span> 
     </span>
     <span class='ocr_line' id='line_1_41' title="bbox 1200 5500 4853 5588; baseline -0.002 -19"><span class='ocrx_word' id='word_1_445' title='bbox 1200 5504 1521 5569; x_wconf 88' lang='lat' dir='ltr'><strong>tuentium</strong></span> <span class='ocrx_word' id='word_1_446' title='bbox 1566 5501 2002 5588; x_wconf 89' lang='lat' dir='ltr'><strong>predictorum</strong></span> <span class='ocrx_word' id='word_1_447' title='bbox 2050 5501 2471 5588; x_wconf 86' lang='lat' dir='ltr'><strong>corporaliter</strong></span> <span class='ocrx_word' id='word_1_448' title='bbox 2518 5508 2745 5587; x_wconf 89' lang='lat' dir='ltr'><strong>sponte</strong></span> <span class='ocrx_word' id='word_1_449' title='bbox 2795 5506 2990 5582; x_wconf 89' lang='lat' dir='ltr'><strong>tacta,</strong></span> <span class='ocrx_word' id='word_1_450' title='bbox 3052 5500 3255 5564; x_wconf 89' lang='lat' dir='ltr'><strong>dictos</strong></span> <span class='ocrx_word' id='word_1_451' title='bbox 3317 5501 3778 5564; x_wconf 85' lang='lat' dir='ltr'><strong>constituentes</strong></span> <span class='ocrx_word' id='word_1_452' title='bbox 3835 5521 4297 5585; x_wconf 89' lang='lat' dir='ltr'><strong>recognoscere</strong></span> <span class='ocrx_word' id='word_1_453' title='bbox 4353 5521 4468 5565; x_wconf 91' lang='lat' dir='ltr'><strong>nos</strong></span> <span class='ocrx_word' id='word_1_454' title='bbox 4516 5507 4581 5564; x_wconf 90' lang='lat' dir='ltr'><strong>et</strong></span> <span class='ocrx_word' id='word_1_455' title='bbox 4627 5520 4853 5564; x_wconf 90' lang='lat' dir='ltr'><strong>omnes</strong></span> 
     </span>
     <span class='ocr_line' id='line_1_42' title="bbox 1204 5597 4856 5695; baseline -0.001 -19"><span class='ocrx_word' id='word_1_456' title='bbox 1204 5631 1505 5676; x_wconf 87' lang='lat' dir='ltr'><strong>romanos</strong></span> <span class='ocrx_word' id='word_1_457' title='bbox 1552 5609 1886 5695; x_wconf 89' lang='lat' dir='ltr'><strong>pontifices</strong></span> <span class='ocrx_word' id='word_1_458' title='bbox 1933 5629 2336 5674; x_wconf 88' lang='lat' dir='ltr'><strong>successores</strong></span> <span class='ocrx_word' id='word_1_459' title='bbox 2383 5615 2634 5672; x_wconf 90' lang='lat' dir='ltr'><strong>nostros</strong></span> <span class='ocrx_word' id='word_1_460' title='bbox 2682 5628 2870 5672; x_wconf 79' lang='lat' dir='ltr'><strong>veros</strong></span> <span class='ocrx_word' id='word_1_461' title='bbox 2919 5629 3058 5672; x_wconf 89' lang='lat' dir='ltr'><strong>esse</strong></span> <span class='ocrx_word' id='word_1_462' title='bbox 3106 5597 3330 5672; x_wconf 80' lang='lat' dir='ltr'><strong>eorum</strong></span> <span class='ocrx_word' id='word_1_463' title='bbox 3377 5607 3690 5690; x_wconf 88' lang='lat' dir='ltr'><strong>dominos,</strong></span> <span class='ocrx_word' id='word_1_464' title='bbox 3740 5629 3982 5694; x_wconf 89' lang='lat' dir='ltr'><strong>nosque</strong></span> <span class='ocrx_word' id='word_1_465' title='bbox 4030 5613 4096 5671; x_wconf 92' lang='lat' dir='ltr'><strong>et</strong></span> <span class='ocrx_word' id='word_1_466' title='bbox 4143 5628 4545 5672; x_wconf 89' lang='lat' dir='ltr'><strong>successores</strong></span> <span class='ocrx_word' id='word_1_467' title='bbox 4591 5606 4856 5671; x_wconf 88' lang='lat' dir='ltr'><strong>eosdem</strong></span> 
     </span>
     <span class='ocr_line' id='line_1_43' title="bbox 1203 5715 4855 5805; baseline -0.001 -23"><span class='ocrx_word' id='word_1_468' title='bbox 1203 5740 1320 5805; x_wconf 90' lang='lat' dir='ltr'><strong>pro</strong></span> <span class='ocrx_word' id='word_1_469' title='bbox 1369 5717 1656 5803; x_wconf 88' lang='lat' dir='ltr'><strong>ipsorum</strong></span> <span class='ocrx_word' id='word_1_470' title='bbox 1704 5716 1872 5780; x_wconf 79' lang='lat' dir='ltr'><strong>veris</strong></span> <span class='ocrx_word' id='word_1_471' title='bbox 1921 5715 2199 5781; x_wconf 88' lang='lat' dir='ltr'><strong>dominis</strong></span> <span class='ocrx_word' id='word_1_472' title='bbox 2248 5716 2311 5778; x_wconf 91' lang='lat' dir='ltr'><strong>in</strong></span> <span class='ocrx_word' id='word_1_473' title='bbox 2358 5721 2740 5801; x_wconf 91' lang='lat' dir='ltr'><strong>perpetuum</strong></span> <span class='ocrx_word' id='word_1_474' title='bbox 2793 5715 3032 5779; x_wconf 85' lang='lat' dir='ltr'><strong>habere</strong></span> <span class='ocrx_word' id='word_1_475' title='bbox 3079 5721 3145 5779; x_wconf 91' lang='lat' dir='ltr'><strong>et</strong></span> <span class='ocrx_word' id='word_1_476' title='bbox 3190 5722 3445 5799; x_wconf 87' lang='lat' dir='ltr'><strong>tenere,</strong></span> <span class='ocrx_word' id='word_1_477' title='bbox 3494 5737 3570 5779; x_wconf 89' lang='lat' dir='ltr'><strong>ac</strong></span> <span class='ocrx_word' id='word_1_478' title='bbox 3626 5716 3810 5780; x_wconf 91' lang='lat' dir='ltr'><strong>nobis</strong></span> <span class='ocrx_word' id='word_1_479' title='bbox 3869 5721 4090 5779; x_wconf 87' lang='lat' dir='ltr'><strong>nostro</strong></span> <span class='ocrx_word' id='word_1_480' title='bbox 4137 5721 4203 5777; x_wconf 89' lang='lat' dir='ltr'><strong>et</strong></span> <span class='ocrx_word' id='word_1_481' title='bbox 4249 5735 4690 5779; x_wconf 88' lang='lat' dir='ltr'><strong>successorum</strong></span> <span class='ocrx_word' id='word_1_482' title='bbox 4738 5735 4855 5778; x_wconf 91' lang='lat' dir='ltr'><strong>no-</strong></span> 
     </span>
     <span class='ocr_line' id='line_1_44' title="bbox 1202 5821 4854 5908; baseline -0.001 -18"><span class='ocrx_word' id='word_1_483' title='bbox 1202 5832 1483 5890; x_wconf 89' lang='lat' dir='ltr'><strong>strorum</strong></span> <span class='ocrx_word' id='word_1_484' title='bbox 1543 5830 1608 5887; x_wconf 89' lang='lat' dir='ltr'><strong>et</strong></span> <span class='ocrx_word' id='word_1_485' title='bbox 1670 5822 1962 5908; x_wconf 87' lang='lat' dir='ltr'><strong>ejusdem</strong></span> <span class='ocrx_word' id='word_1_486' title='bbox 2025 5843 2288 5887; x_wconf 89' lang='lat' dir='ltr'><strong>romane</strong></span> <span class='ocrx_word' id='word_1_487' title='bbox 2349 5821 2640 5886; x_wconf 88' lang='lat' dir='ltr'><strong>Ecclesie</strong></span> <span class='ocrx_word' id='word_1_488' title='bbox 2688 5821 2980 5904; x_wconf 89' lang='lat' dir='ltr'><strong>nomine,</strong></span> <span class='ocrx_word' id='word_1_489' title='bbox 3029 5822 3502 5907; x_wconf 86' lang='lat' dir='ltr'><strong>possessionem</strong></span> <span class='ocrx_word' id='word_1_490' title='bbox 3549 5830 3615 5888; x_wconf 88' lang='lat' dir='ltr'><strong>et</strong></span> <span class='ocrx_word' id='word_1_491' title='bbox 3662 5822 3845 5908; x_wconf 90' lang='lat' dir='ltr'><strong>quasi</strong></span> <span class='ocrx_word' id='word_1_492' title='bbox 3892 5821 4207 5905; x_wconf 80' lang='lat' dir='ltr'><strong>civitatis,</strong></span> <span class='ocrx_word' id='word_1_493' title='bbox 4257 5822 4597 5886; x_wconf 87' lang='lat' dir='ltr'><strong>comitatus</strong></span> <span class='ocrx_word' id='word_1_494' title='bbox 4645 5827 4710 5885; x_wconf 91' lang='lat' dir='ltr'><strong>et</strong></span> <span class='ocrx_word' id='word_1_495' title='bbox 4755 5821 4854 5886; x_wconf 91' lang='lat' dir='ltr'><strong>di-</strong></span> 
     </span>
     <span class='ocr_line' id='line_1_45' title="bbox 1203 5927 4852 6015; baseline -0.002 -18"><span class='ocrx_word' id='word_1_496' title='bbox 1203 5932 1463 5997; x_wconf 87' lang='lat' dir='ltr'><strong>strictus</strong></span> <span class='ocrx_word' id='word_1_497' title='bbox 1512 5953 1586 5995; x_wconf 88' lang='lat' dir='ltr'><strong>ac</strong></span> <span class='ocrx_word' id='word_1_498' title='bbox 1631 5929 1791 5994; x_wconf 91' lang='lat' dir='ltr'><strong>meri</strong></span> <span class='ocrx_word' id='word_1_499' title='bbox 1839 5937 1904 5993; x_wconf 89' lang='lat' dir='ltr'><strong>et</strong></span> <span class='ocrx_word' id='word_1_500' title='bbox 1950 5930 2136 5993; x_wconf 82' lang='lat' dir='ltr'><strong>mixti</strong></span> <span class='ocrx_word' id='word_1_501' title='bbox 2183 5929 2437 6015; x_wconf 89' lang='lat' dir='ltr'><strong>imperii</strong></span> <span class='ocrx_word' id='word_1_502' title='bbox 2483 5935 2548 5993; x_wconf 93' lang='lat' dir='ltr'><strong>et</strong></span> <span class='ocrx_word' id='word_1_503' title='bbox 2594 5928 2958 5994; x_wconf 87' lang='lat' dir='ltr'><strong>omnimode</strong></span> <span class='ocrx_word' id='word_1_504' title='bbox 3001 5927 3488 6013; x_wconf 86' lang='lat' dir='ltr'><strong>jurisdictionis,</strong></span> <span class='ocrx_word' id='word_1_505' title='bbox 3521 5950 3638 5994; x_wconf 91' lang='lat' dir='ltr'><strong>nec</strong></span> <span class='ocrx_word' id='word_1_506' title='bbox 3688 5950 3814 5993; x_wconf 93' lang='lat' dir='ltr'><strong>non</strong></span> <span class='ocrx_word' id='word_1_507' title='bbox 3863 5935 4223 5994; x_wconf 88' lang='lat' dir='ltr'><strong>ceterorum</strong></span> <span class='ocrx_word' id='word_1_508' title='bbox 4264 5929 4509 6012; x_wconf 87' lang='lat' dir='ltr'><strong>jurium</strong></span> <span class='ocrx_word' id='word_1_509' title='bbox 4550 5927 4852 6011; x_wconf 79' lang='lat' dir='ltr'><strong>civitatis,</strong></span> 
     </span>
     <span class='ocr_line' id='line_1_46' title="bbox 1203 6034 4852 6122; baseline -0.001 -19"><span class='ocrx_word' id='word_1_510' title='bbox 1203 6037 1546 6103; x_wconf 87' lang='lat' dir='ltr'><strong>comitatus</strong></span> <span class='ocrx_word' id='word_1_511' title='bbox 1594 6043 1658 6101; x_wconf 91' lang='lat' dir='ltr'><strong>et</strong></span> <span class='ocrx_word' id='word_1_512' title='bbox 1705 6036 2033 6100; x_wconf 87' lang='lat' dir='ltr'><strong>districtus</strong></span> <span class='ocrx_word' id='word_1_513' title='bbox 2081 6035 2474 6119; x_wconf 87' lang='lat' dir='ltr'><strong>corumdem,</strong></span> <span class='ocrx_word' id='word_1_514' title='bbox 2508 6034 2740 6121; x_wconf 89' lang='lat' dir='ltr'><strong>quibus</strong></span> <span class='ocrx_word' id='word_1_515' title='bbox 2776 6056 2891 6099; x_wconf 87' lang='lat' dir='ltr'><strong>nos</strong></span> <span class='ocrx_word' id='word_1_516' title='bbox 2924 6057 2999 6100; x_wconf 89' lang='lat' dir='ltr'><strong>ac</strong></span> <span class='ocrx_word' id='word_1_517' title='bbox 3047 6035 3255 6100; x_wconf 90' lang='lat' dir='ltr'><strong>dictus</strong></span> <span class='ocrx_word' id='word_1_518' title='bbox 3304 6035 3718 6122; x_wconf 87' lang='lat' dir='ltr'><strong>predecessor</strong></span> <span class='ocrx_word' id='word_1_519' title='bbox 3763 6041 3981 6100; x_wconf 85' lang='lat' dir='ltr'><strong>noster</strong></span> <span class='ocrx_word' id='word_1_520' title='bbox 4028 6041 4094 6098; x_wconf 89' lang='lat' dir='ltr'><strong>et</strong></span> <span class='ocrx_word' id='word_1_521' title='bbox 4139 6035 4367 6099; x_wconf 87' lang='lat' dir='ltr'><strong>eadem</strong></span> <span class='ocrx_word' id='word_1_522' title='bbox 4412 6056 4682 6099; x_wconf 91' lang='lat' dir='ltr'><strong>romana</strong></span> <span class='ocrx_word' id='word_1_523' title='bbox 4727 6035 4852 6098; x_wconf 88' lang='lat' dir='ltr'><strong>Ec-</strong></span> 
     </span>
     <span class='ocr_line' id='line_1_47' title="bbox 1201 6141 4852 6230; baseline -0.002 -19"><span class='ocrx_word' id='word_1_524' title='bbox 1201 6145 1401 6212; x_wconf 89' lang='lat' dir='ltr'><strong>clesia</strong></span> <span class='ocrx_word' id='word_1_525' title='bbox 1447 6144 1687 6209; x_wconf 85' lang='lat' dir='ltr'><strong>fuimus</strong></span> <span class='ocrx_word' id='word_1_526' title='bbox 1735 6143 2029 6228; x_wconf 91' lang='lat' dir='ltr'><strong>spoliati,</strong></span> <span class='ocrx_word' id='word_1_527' title='bbox 2077 6142 2267 6230; x_wconf 90' lang='lat' dir='ltr'><strong>plene</strong></span> <span class='ocrx_word' id='word_1_528' title='bbox 2316 6149 2380 6207; x_wconf 93' lang='lat' dir='ltr'><strong>et</strong></span> <span class='ocrx_word' id='word_1_529' title='bbox 2424 6143 2676 6228; x_wconf 88' lang='lat' dir='ltr'><strong>integre</strong></span> <span class='ocrx_word' id='word_1_530' title='bbox 2724 6142 3099 6225; x_wconf 89' lang='lat' dir='ltr'><strong>restituere,</strong></span> <span class='ocrx_word' id='word_1_531' title='bbox 3148 6143 3419 6207; x_wconf 89' lang='lat' dir='ltr'><strong>reddere</strong></span> <span class='ocrx_word' id='word_1_532' title='bbox 3482 6149 3546 6207; x_wconf 89' lang='lat' dir='ltr'><strong>et</strong></span> <span class='ocrx_word' id='word_1_533' title='bbox 3605 6142 4002 6228; x_wconf 89' lang='lat' dir='ltr'><strong>reintegrare</strong></span> <span class='ocrx_word' id='word_1_534' title='bbox 4051 6148 4116 6206; x_wconf 91' lang='lat' dir='ltr'><strong>et</strong></span> <span class='ocrx_word' id='word_1_535' title='bbox 4163 6162 4248 6207; x_wconf 80' lang='lat' dir='ltr'><strong>ex</strong></span> <span class='ocrx_word' id='word_1_536' title='bbox 4294 6163 4465 6207; x_wconf 90' lang='lat' dir='ltr'><strong>nunc</strong></span> <span class='ocrx_word' id='word_1_537' title='bbox 4510 6163 4589 6206; x_wconf 89' lang='lat' dir='ltr'><strong>ea</strong></span> <span class='ocrx_word' id='word_1_538' title='bbox 4635 6141 4852 6207; x_wconf 88' lang='lat' dir='ltr'><strong>omnia</strong></span> 
     </span>
     <span class='ocr_line' id='line_1_48' title="bbox 1202 6248 4852 6339; baseline -0.002 -20"><span class='ocrx_word' id='word_1_539' title='bbox 1202 6261 1268 6319; x_wconf 91' lang='lat' dir='ltr'><strong>et</strong></span> <span class='ocrx_word' id='word_1_540' title='bbox 1315 6252 1573 6339; x_wconf 88' lang='lat' dir='ltr'><strong>singula</strong></span> <span class='ocrx_word' id='word_1_541' title='bbox 1621 6251 1805 6317; x_wconf 90' lang='lat' dir='ltr'><strong>nobis</strong></span> <span class='ocrx_word' id='word_1_542' title='bbox 1853 6257 1919 6316; x_wconf 89' lang='lat' dir='ltr'><strong>et</strong></span> <span class='ocrx_word' id='word_1_543' title='bbox 1965 6249 2152 6315; x_wconf 86' lang='lat' dir='ltr'><strong>dictis</strong></span> <span class='ocrx_word' id='word_1_544' title='bbox 2199 6249 2679 6316; x_wconf 89' lang='lat' dir='ltr'><strong>successoribus</strong></span> <span class='ocrx_word' id='word_1_545' title='bbox 2735 6271 2811 6314; x_wconf 90' lang='lat' dir='ltr'><strong>ac</strong></span> <span class='ocrx_word' id='word_1_546' title='bbox 2857 6248 3067 6314; x_wconf 92' lang='lat' dir='ltr'><strong>eidem</strong></span> <span class='ocrx_word' id='word_1_547' title='bbox 3114 6271 3378 6315; x_wconf 89' lang='lat' dir='ltr'><strong>romane</strong></span> <span class='ocrx_word' id='word_1_548' title='bbox 3422 6249 3712 6314; x_wconf 87' lang='lat' dir='ltr'><strong>Ecclesie</strong></span> <span class='ocrx_word' id='word_1_549' title='bbox 3758 6250 3960 6314; x_wconf 89' lang='lat' dir='ltr'><strong>libere</strong></span> <span class='ocrx_word' id='word_1_550' title='bbox 4008 6248 4218 6315; x_wconf 91' lang='lat' dir='ltr'><strong>dictus</strong></span> <span class='ocrx_word' id='word_1_551' title='bbox 4266 6249 4547 6314; x_wconf 89' lang='lat' dir='ltr'><strong>sindicus</strong></span> <span class='ocrx_word' id='word_1_552' title='bbox 4594 6255 4659 6313; x_wconf 88' lang='lat' dir='ltr'><strong>et</strong></span> <span class='ocrx_word' id='word_1_553' title='bbox 4703 6270 4852 6335; x_wconf 85' lang='lat' dir='ltr'><strong>pro-</strong></span> 
     </span>
    </p>
   </div>
   <div class='ocr_carea' id='block_1_6' title="bbox 1361 6480 3010 6552">
    <p class='ocr_par' dir='ltr' id='par_1_7' title="bbox 1361 6480 3010 6552">
     <span class='ocr_line' id='line_1_49' title="bbox 1361 6480 3010 6552; baseline -0.002 -17"><span class='ocrx_word' id='word_1_554' title='bbox 1361 6484 1441 6549; x_wconf 88' lang='lat'><strong>(1)</strong></span> <span class='ocrx_word' id='word_1_555' title='bbox 1480 6482 1565 6534; x_wconf 78' lang='lat' dir='ltr'><strong>Ex</strong></span> <span class='ocrx_word' id='word_1_556' title='bbox 1606 6482 1742 6552; x_wconf 85' lang='lat' dir='ltr'><strong>Reg.</strong></span> <span class='ocrx_word' id='word_1_557' title='bbox 1782 6481 1856 6534; x_wconf 92' lang='lat'><strong>11.</strong></span> <span class='ocrx_word' id='word_1_558' title='bbox 1896 6481 2070 6549; x_wconf 73' lang='lat' dir='ltr'><strong>Epist.</strong></span> <span class='ocrx_word' id='word_1_559' title='bbox 2108 6486 2287 6533; x_wconf 79' lang='lat' dir='ltr'><strong>secret.</strong></span> <span class='ocrx_word' id='word_1_560' title='bbox 2298 6518 2315 6546; x_wconf 87' lang='lat'><strong>,</strong></span> <span class='ocrx_word' id='word_1_561' title='bbox 2354 6480 2514 6550; x_wconf 85' lang='lat' dir='ltr'><strong>epist.</strong></span> <span class='ocrx_word' id='word_1_562' title='bbox 2554 6484 2677 6548; x_wconf 85' lang='lat'><strong>305,</strong></span> <span class='ocrx_word' id='word_1_563' title='bbox 2718 6480 2813 6534; x_wconf 84' lang='lat' dir='ltr'><strong>fol.</strong></span> <span class='ocrx_word' id='word_1_564' title='bbox 2854 6483 2920 6533; x_wconf 82' lang='lat'><strong>82</strong></span> <span class='ocrx_word' id='word_1_565' title='bbox 2959 6497 3010 6532; x_wconf 82' lang='lat' dir='ltr'><strong>v.</strong></span> 
     </span>
    </p>
   </div>
  </div>
 </body>
</html>
