5542 7775
1146 625 1292 696 106
2544 608 2549 613 ’
2721 647 3202 698 mormulam-A

1315 800 1560 867 Eodem
1611 822 1802 883 anno,
1838 800 1941 865 die
1989 801 2139 871 lune
2190 809 2420 888 quarta
2468 802 2740 888 predicti
2787 802 3023 866 mensis
3065 803 3376 887 januarij,
3412 803 3724 885 nonnulli,
3759 803 3894 868 fere
3942 804 4175 890 viginti
4220 812 4285 870 et
4330 805 4522 888 ultra,
4557 806 4666 890 qui
4711 826 4779 869 se

1139 908 1459 973 Antianos
1493 916 1557 972 et
1590 907 2007 973 Consiliarios
2057 909 2428 973 Communis
2478 915 2541 973 et
2587 909 2825 995 Populi
2872 909 3151 974 civitatis
3199 910 3486 996 predicte
3535 909 3857 993 dicebant,
3889 920 4206 976 venerunt
4251 912 4335 976 ad
4382 912 4625 977 dictum
4668 913 4781 977 do-

1140 1016 1386 1080 minum
1433 1016 1756 1080 notarium
1805 1017 2102 1080 nuntium
2148 1016 2213 1080 in
2258 1015 2553 1080 domibus
2588 1017 2964 1100 monasterij
2998 1018 3204 1081 sancti
3240 1017 3598 1082 Salvatoris
3631 1018 4065 1101 bononiensia,
4100 1020 4211 1083 ubi
4244 1019 4453 1084 dictus
4485 1020 4780 1084 dominus

1135 1123 1425 1187 notarius
1472 1123 1735 1187 nuntius
1781 1144 1928 1187 cum
1973 1143 2091 1187 sua
2137 1122 2386 1187 familia
2434 1123 2779 1204 residebat,
2814 1132 2879 1187 et
2925 1123 3230 1188 dixerunt
3276 1131 3420 1210 post
3469 1125 3674 1189 multa
3719 1125 3921 1188 verba
3969 1125 4194 1190 habita
4233 1127 4401 1191 inter
4441 1148 4573 1210 eos,
4608 1128 4781 1213 quod

1134 1229 1200 1293 in
1248 1229 1404 1315 ipsis
1451 1229 1657 1293 literis
1707 1230 2078 1315 apostolicis
2126 1230 2470 1315 legationis
2502 1231 2607 1294 vel
2655 1231 3087 1295 nunciationis
3136 1232 3426 1315 ejusdem
3473 1231 3717 1296 domini
3763 1233 3998 1297 notarii
4045 1233 4254 1297 nuntii
4285 1234 4781 1299 continebantur

1136 1336 1448 1400 nonnulle
1496 1335 1804 1417 clausule,
1853 1356 1969 1399 seu
2015 1337 2323 1423 capitula,
2359 1357 2481 1422 que
2530 1337 2624 1401 eis
2673 1337 3033 1419 Communi,
3070 1339 3477 1403 universitati
3509 1346 3574 1403 et
3605 1340 3843 1425 populo
3886 1340 4164 1404 civitatis
4196 1340 4480 1426 predicte
4513 1341 4780 1404 nimium

1139 1464 1411 1508 onerosa
1460 1452 1525 1507 et
1573 1444 1833 1507 omuino
1882 1443 2318 1529 importabilia
2366 1445 2504 1508 fore
2551 1446 2951 1528 asserebant,
3001 1453 3065 1509 et
3126 1467 3250 1531 que
3297 1446 3474 1509 nullo
3523 1446 3713 1511 modo
3760 1467 3828 1510 se
3875 1448 4154 1511 tolerare
4203 1448 4370 1512 velle
4427 1469 4543 1512 nec
4588 1470 4780 1534 posse

1135 1550 1471 1634 dicebant3
1504 1557 1768 1637 propter
1800 1571 1924 1636 que
1972 1551 2389 1636 requirebant
2429 1573 2577 1615 eum
2609 1574 2937 1638 expresse,
2972 1560 3037 1617 et
3067 1574 3213 1617 cum
3245 1553 3554 1617 instantia
3585 1553 3926 1639 rogabant,
3961 1554 4152 1640 quod,
4189 1555 4510 1640 quamcito
4540 1564 4779 1642 posset,

1134 1657 1374 1723 rediret
1435 1680 1549 1722 seu
1610 1664 1929 1723 remearet
1984 1658 2065 1722 ad
2114 1679 2450 1722 romanam
2498 1659 2790 1743 Curiam,
2839 1668 2904 1725 et
2951 1661 3121 1746 quod
3169 1661 3438 1726 instaret
3486 1669 3552 1726 et
3597 1663 3992 1749 supplicaret
4037 1685 4154 1748 pro
4203 1663 4631 1748 reparatione,
4681 1685 4781 1726 re-

1133 1765 1433 1849 fectione,
1466 1788 1581 1830 seu
1629 1765 2070 1830 moderatione
2118 1765 2556 1830 clausularum
2609 1774 2675 1830 et
2722 1767 3153 1854 capitulorum
3200 1769 3655 1854 predictorum,
3690 1778 3755 1835 et
3800 1770 4184 1835 admirative
4231 1770 4427 1834 etiam
4459 1769 4780 1852 dicebant,

1135 1895 1336 1959 quare
1386 1879 1635 1937 tantum
1684 1873 1749 1937 in
1797 1873 1967 1937 dicta
2016 1873 2277 1938 civitate
2325 1874 2719 1957 morabatur,
2769 1874 2939 1960 quod
2989 1896 3117 1939 non
3166 1876 3510 1941 recedebat
3557 1877 3637 1941 de
3686 1877 3861 1942 dicta
3917 1877 4213 1959 civitate,
4261 1884 4326 1941 et
4384 1877 4636 1941 redibat
4697 1877 4780 1941 ad

1134 1982 1376 2046 dictam
1422 2002 1758 2046 romanam
1799 1980 2063 2045 Curiam
2094 2003 2210 2067 pro
2242 1981 2583 2068 predictis3
2618 1990 2682 2046 et
2716 1982 2888 2069 qnod
2923 1983 3100 2048 nullo
3134 1984 3322 2047 modo
3356 1984 3813 2071 approbarent,
3848 1986 4322 2066 confirmarent,
4357 2005 4472 2048 seu
4504 1985 4783 2048 ratifica-

1134 2095 1281 2155 rent
1329 2089 1574 2175 aliquid
1622 2088 1702 2152 de
1750 2089 2067 2153 contentis
2115 2089 2180 2153 in
2228 2089 2414 2152 dictis
2460 2089 2665 2153 literis
2714 2090 3107 2176 apostolicis,
3143 2092 3265 2154 nisi
3312 2092 3490 2177 prius
3523 2092 3694 2156 dicta
3729 2092 4034 2179 capitula,
4069 2113 4181 2156 seu
4224 2091 4535 2172 clausule,
4568 2098 4783 2155 essent

1133 2218 1252 2283 per
1296 2197 1502 2260 dictos
1551 2196 1843 2260 dominos
1891 2203 2144 2261 nostros
2176 2195 2428 2283 Papam
2460 2205 2524 2260 et
2558 2196 2938 2262 Cardinales
2988 2198 3341 2281 moderata,
3376 2199 3743 2263 modificata
3774 2207 3839 2264 et
3873 2206 4195 2285 reparata.
4227 2198 4531 2262 Prefatus
4564 2205 4783 2262 autem

1134 2304 1430 2368 dominus
1487 2303 1777 2367 notarius
1823 2310 1889 2367 et
1936 2304 2197 2367 nuntius
2244 2303 2577 2389 respondit
2624 2311 2688 2368 et
2732 2303 2898 2367 dixit
2961 2304 3240 2387 eisdem,
3290 2305 3462 2391 quod
3523 2307 3660 2393 ipse
3721 2315 3991 2372 venerat
4051 2314 4116 2370 et
4179 2307 4409 2370 missus
4466 2312 4608 2370 erat
4665 2326 4782 2391 per

1135 2409 1468 2474 dominum
1512 2417 1805 2473 nostrum
1851 2410 2101 2495 Papam
2151 2409 2234 2473 ad
2282 2410 2632 2492 civitatem,
2668 2412 3044 2474 comitatum
3092 2418 3156 2475 et
3203 2412 3562 2476 districtum
3611 2412 4073 2477 bononiensem
4104 2412 4427 2499 predictos
4459 2433 4575 2498 pro
4609 2433 4782 2476 com-

1134 2518 1406 2604 plendo,
1458 2517 1838 2602 exequendo
1887 2524 1952 2581 et
1999 2518 2503 2582 consummando
2565 2526 2866 2582 contenta
2930 2519 2994 2583 in
3052 2519 3239 2583 dictis
3285 2521 3489 2584 literis
3538 2522 3944 2606 apostolicis,
3992 2528 4057 2585 et
4103 2521 4361 2606 singula
4408 2520 4782 2585 eorumdem

1135 2626 1488 2691 secundum
1536 2646 1759 2689 earum
1806 2625 2087 2708 modum,
2121 2633 2185 2689 et
2230 2625 2518 2689 ordinem
2552 2647 2625 2691 ac
2668 2627 3132 2690 continentiam
3165 2636 3228 2691 et
3260 2635 3570 2711 tenorem,
3606 2650 3750 2715 que,
3785 2636 4096 2714 quantum
4129 2628 4211 2692 ad
4243 2650 4391 2693 eum
4423 2628 4779 2716 spectabat,

1135 2741 1402 2820 paratus
1450 2742 1591 2797 erat
1640 2734 1949 2819 perficere
1989 2738 2053 2796 et
2100 2734 2370 2818 exequi,
2421 2740 2485 2797 et
2530 2756 2976 2798 consummare
3025 2735 3373 2798 secundum
3426 2736 3886 2800 continentiam
3933 2736 4268 2800 literarum
4323 2737 4780 2822 predictarum,

1135 2849 1199 2906 et
1247 2842 1326 2905 de
1373 2842 1494 2905 hoc
1542 2840 1666 2905 fuit
1712 2847 2104 2928 protestatus
2151 2863 2476 2927 expresse.

1314 2948 1562 3013 Eodem
1609 2970 1801 3030 anno,
1836 2949 1938 3011 die
1987 2954 2173 3011 sexta
2221 2948 2511 3031 ejusdem
2561 2950 2798 3012 mensis
2828 2950 3137 3033 januarij,
3174 2950 3380 3013 dictus
3428 2951 3722 3015 dominus
3771 2952 4059 3015 notarius
4101 2950 4362 3015 nuntius
4395 2950 4780 3015 constitutus

1135 3056 1199 3119 in
1250 3055 1494 3143 palatio
1543 3054 1746 3118 veteri
1794 3055 2193 3137 bononiensi,
2241 3055 2352 3118 ubi
2394 3056 2501 3138 jus
2551 3055 2732 3119 reddi
2780 3058 3134 3138 consuevit,
3177 3065 3242 3120 et
3286 3058 3398 3121 ubi
3442 3057 3715 3121 Antiani
3761 3065 3826 3122 et
3870 3058 4146 3144 populus
4195 3058 4579 3143 congregari
4625 3079 4775 3122 con-

1133 3169 1483 3228 sueverunt
1531 3162 1615 3225 ad
1663 3163 2002 3226 consilium
2049 3162 2437 3245 faciendum,
2472 3184 2601 3226 una
2643 3185 2789 3227 cum
2832 3164 3201 3249 supradicto
3250 3164 3509 3229 domino
3558 3164 3823 3229 Thadeo
3857 3187 3932 3230 ac
3965 3166 4316 3247 Potestate,
4351 3171 4416 3229 et
4447 3165 4774 3246 Antianis,

1136 3271 1559 3351 Consiliariis,
1597 3270 2035 3356 Sapientibus,
2070 3275 2135 3333 et
2181 3269 2592 3334 multitudine
2628 3271 2852 3357 populi
2886 3271 3165 3335 civitatis
3197 3273 3612 3336 bononiensis
3661 3273 3969 3358 predicte,
4003 3274 4067 3336 in
4118 3294 4245 3359 qua
4278 3273 4778 3358 congregatione

1134 3379 1515 3443 dicebantur
1547 3399 1686 3441 esse
1722 3378 1892 3440 ultra
1925 3398 2117 3462 quam
2152 3377 2275 3440 tria
2309 3377 2511 3440 millia
2545 3398 2989 3464 personarum,
3026 3400 3141 3443 nec
3176 3401 3302 3443 non
3335 3379 3610 3444 dominis
3642 3379 3850 3443 Paulo
3885 3380 3963 3443 de
3994 3380 4343 3464 Liazarijs,
4369 3378 4777 3443 Macanhauo

1136 3487 1216 3551 de
1262 3485 1677 3571 Azzoguidis,
1712 3492 1777 3548 et
1824 3485 2021 3548 Petro
2054 3484 2133 3549 de
2172 3484 2560 3570 Bompetris,
2612 3485 3189 3569 ambaxiatoribuS,
3239 3486 3608 3551 doctoribus
3655 3487 4180 3570 bononiensibus,
4229 3508 4305 3551 ac
4351 3486 4651 3551 Rolando
4700 3487 4778 3550 de

1135 3593 1471 3678 Fantucijs
1518 3592 1764 3656 sindico
1814 3591 2236 3677 supradictis,
2286 3591 2449 3655 dixit
2499 3601 2563 3655 et
2610 3593 2946 3678 proposuit
3007 3616 3224 3657 coram
3273 3594 3401 3677 eis,
3454 3594 3624 3679 quod
3665 3595 3802 3680 ipse
3849 3602 3989 3659 erat
4052 3594 4284 3658 missus
4347 3594 4429 3657 ad
4492 3614 4601 3657 eos
4663 3615 4779 3678 per

1134 3701 1465 3765 dominum
1511 3706 1800 3763 nostrum
1850 3720 2169 3762 summum
2216 3699 2597 3763 Pontificem
2645 3707 2709 3763 et
2754 3699 2838 3763 ad
2890 3701 3239 3783 civitatem,
3275 3701 3651 3765 comitatum
3691 3709 3755 3765 et
3802 3701 4162 3765 districtum
4202 3701 4629 3767 bononienses
4662 3722 4778 3787 pro

1133 3807 1544 3897 perficiendO,
1596 3806 1976 3893 complendo
2025 3806 2241 3870 omnia
2289 3812 2353 3870 et
2401 3806 2658 3892 singula
2705 3814 2872 3889 acta,
2923 3813 3127 3893 gesta,
3161 3808 3385 3872 habita
3432 3815 3496 3872 et
3538 3809 3760 3893 jurata
3806 3829 3922 3895 per
3968 3808 4283 3873 sindicum
4331 3813 4395 3872 et
4444 3807 4777 3871 ambaxia-

1135 3923 1307 3981 tores
1352 3916 1695 4002 predictos,
1731 3937 1849 3979 nec
1891 3936 2017 3978 non
2051 3915 2266 3979 omnia
2298 3923 2363 3978 et
2396 3914 2653 3999 singula
2685 3915 2809 3979 sibi
2844 3916 3144 4001 imposita
3177 3924 3241 3980 et
3286 3917 3578 4000 injuncta
3609 3938 3725 4003 per
3757 3917 4087 3982 dominum
4121 3924 4410 3981 nostrum
4458 3938 4777 3981 summum

1133 4024 1514 4089 Pontificem
1561 4022 2025 4109 supradictum,
2058 4010 2248 4107 prou't
2298 4022 2361 4085 in
2410 4022 2613 4086 literis
2661 4023 3034 4109 apostolicis
3083 4045 3277 4110 super
3322 4025 3444 4088 hoc
3492 4025 3799 4088 confectis
3847 4024 4099 4110 plenius
4146 4025 4581 4108 continentur-3
4616 4045 4778 4110 quas

1133 4131 1356 4195 literas
1403 4138 1668 4217 paratus
1716 4136 1855 4194 erat
1902 4129 2123 4193 statim
2167 4130 2421 4214 legere,
2471 4151 2584 4193 seu
2631 4129 2765 4214 legi
2812 4128 3027 4194 facere
3076 4137 3141 4194 et
3187 4130 3382 4195 etiam
3430 4131 3796 4217 publicare,
3847 4132 3996 4195 licet
4058 4131 4136 4195 de
4199 4131 4384 4195 dictis
4446 4130 4650 4195 literis
4712 4139 4776 4195 et

1134 4239 1453 4302 contentis
1502 4239 1566 4300 in
1613 4239 1706 4301 eis
1755 4237 2101 4300 habuerint
2162 4244 2227 4300 et
2290 4236 2530 4300 habere
2587 4258 2655 4300 se
2704 4237 2990 4301 dixerint
3039 4237 3330 4302 notitiam
3395 4238 3784 4324 pleniorem:
3833 4246 3898 4303 et
3954 4238 4369 4303 nihilominus
4433 4237 4786 4323 quamdam·

1132 4346 1389 4409 literam
1435 4345 1880 4430 apostolicam,
1917 4365 2040 4429 que
2088 4344 2490 4428 dirigebatur
2539 4343 2880 4407 Communi
2926 4352 2991 4407 et
3035 4344 3289 4430 Populo
3338 4345 3617 4409 civitatis
3664 4345 3971 4430 predicte,
4007 4346 4192 4430 cujus
4231 4353 4416 4408 tenor
4461 4345 4610 4408 talis
4657 4349 4774 4426 est,

1142 4479 1171 4510 «
1222 4452 1594 4517 Benedictus
1639 4453 1946 4536 episcopus
1988 4471 2199 4515 servus
2244 4472 2555 4514 sert-omem
2604 4450 2759 4532 Dei,
2809 4452 3040 4515 dilectis
3077 4452 3229 4534 filiis
3282 4451 3642 4534 Commu-ni,
3687 4455 4072 4517 universitati
4132 4460 4184 4516 et
4231 4452 4462 4536 populo
4521 4453 4779 4515 civitatis

1130 4568 1336 4625 nostre
1384 4560 1823 4642 Bononiensis,
1869 4559 2129 4622 salutem
2184 4566 2239 4622 et
2291 4559 2677 4642 (masiel-icam
2738 4558 3225 4624 benedictionem.
3273 4559 3529 4624 Dilectis
3567 4561 3719 4643 filiis
3763 4561 4056 4644 maqistro
4101 4558 4300 4622 Paulo
4347 4559 4422 4623 de
4467 4557 4780 4641 Liazarzjs

1131 4668 1545 4748 decretorum,
1593 4673 1646 4730 et
1694 4665 2085 4729 Macankano
2129 4666 2204 4729 de
2250 4665 2649 4750 Aezoyuidis,
2699 4672 2751 4728 et
2800 4665 2982 4729 Petro
3028 4667 3103 4730 de
3165 4666 3512 4751 Bompetris
3556 4668 3757 4752 leyum
3816 4665 4154 4731 doctoribus
4175 4714 4192 4747 ,
4237 4665 4777 4747 ambasiatoribus,

1131 4774 1401 4856 nuncijs,
1448 4781 1503 4837 et
1548 4772 1886 4836 concivibus
1930 4773 2162 4852 restris,
2208 4778 2391 4856 atque
2439 4772 2721 4835 Rolando
2770 4772 3080 4856 quondam
3128 4771 3439 4836 Joleannis
3481 4773 3556 4837 de
3601 4771 3942 4850 Fantuciis,
3986 4772 4218 4835 sindico
4267 4778 4321 4835 et
4353 4778 4778 4855 procuratore,

1131 4889 1185 4946 et
1229 4883 1451 4944 nunilo
1496 4881 1741 4964 speciali
1788 4886 1979 4943 vestro
2024 4900 2229 4942 coram
2277 4878 2465 4960 nobis,
2500 4886 2553 4942 et
2592 4878 2904 4962 fratribus
2953 4882 3174 4943 nostris
3217 4882 3286 4943 in
3332 4882 3683 4944 consistorio
3715 4878 3964 4963 publico
4008 4878 4624 4963 comparentibus,'ac
4657 4899 4779 4962 per

1129 4989 1362 5052 dictum
1407 4987 1715 5051 sindicum
1762 4987 2098 5050 sindicario
2144 4993 2198 5050 et
2232 4987 2663 5069 procuratorio
2710 4988 2956 5050 nomine
3003 4994 3194 5050 vestro
3239 4988 3562 5051 nonnullis
3605 5008 3810 5050 coram
3856 4985 4026 5050 nobis
4071 4994 4125 5050 et
4171 4986 4347 5050 dictis
4372 4985 4681 5068 fratribus
4713 4987 4779 5049 in

1129 5096 1332 5161 eodem
1377 5096 1728 5158 consistorio
1776 5096 2113 5179 recoynitis,
2161 5095 2328 5174 actiS,
2373 5095 2572 5176 yesti8‚
2610 5095 2956 5177 promissis,
3007 5096 3320 5177 restitutiS,
3366 5095 3547 5176 datis,
3576 5094 3782 5177 factis,
3813 5093 4035 5158 habitis
4066 5100 4121 5158 et
4150 5093 4411 5177 juratiS,
4443 5114 4554 5157 nos
4591 5113 4778 5177 super

1129 5205 1233 5284 eis,
1281 5210 1335 5267 et
1380 5202 1498 5284 lujs
1545 5203 1748 5280 etiam,
1798 5223 1913 5286 que
1945 5222 2070 5285 per
2113 5221 2221 5263 nos
2265 5200 2340 5262 de
2386 5200 2686 5263 dictorum
2731 5199 3017 5281 fratrum
3062 5202 3309 5266 consilio
3354 5221 3628 5265 concessa
3673 5208 3727 5265 et
3770 5201 4062 5285 disposita
4103 5201 4390 5283 fuerunt,
4422 5200 4778 5284 apostolicas

1128 5312 1340 5375 literas
1382 5310 1552 5374 bulla
1600 5317 1813 5373 nostra
1856 5308 2125 5372 bullatas
2170 5308 2255 5371 ad
2288 5315 2657 5391 perpetuam
2706 5309 2799 5372 rei
2843 5310 3198 5372 memoriam
3241 5309 3384 5392 fieri
3423 5310 3703 5393 fecimuS,
3722 5317 3917 5393 prout
3948 5330 4023 5373 ex
4051 5317 4259 5373 tenore
4287 5311 4589 5392 ipsarum,
4623 5330 4778 5393 quas

1126 5420 1349 5483 latores
1383 5420 1767 5502 presentium
1816 5417 1902 5480 ad
1948 5437 2047 5480 ros
2093 5423 2300 5480 euntes
2345 5436 2543 5478 secum
2591 5416 2903 5499 deferunt,
2927 5417 3206 5499 poteritis
3237 5416 3491 5500 plenius
3538 5416 3890 5499 informari.
3939 5416 4024 5480 Et
4070 5424 4139 5481 ut
4163 5417 4466 5501 premissa
4497 5437 4774 5480 consum-

1126 5528 1490 5606 mationem,
1538 5533 1592 5589 et
1639 5525 2046 5589 executionem
2084 5524 2376 5607 plenam,
2424 5522 2721 5605 efficacem
2786 5530 2840 5586 et
2899 5523 3272 5588 laudabilem
3325 5530 3633 5588 annuente
3677 5522 3924 5586 domino
3968 5530 4443 5608 consequantur,
4490 5522 4776 5587 dilectum

1121 5633 1327 5716 filium
1388 5634 1753 5718 manistram
1816 5631 2159 5715 Guiyonem
2213 5630 2288 5693 de
2346 5637 2552 5692 sancto
2619 5630 2934 5693 Germano
2992 5633 3305 5694 notarium
3364 5637 3642 5694 nostrum
3689 5630 4030 5714 Apostolice.
4088 5628 4262 5694 Sedis
4331 5632 4655 5712 nuntium,
4704 5630 4778 5694 de

1127 5741 1305 5824 cujus
1365 5741 1918 5824 circumspectionis
1968 5737 2283 5801 industria
2327 5739 2395 5800 in
2443 5739 2685 5822 maynis
2731 5745 2786 5801 et
2830 5738 3050 5800 arduis
3095 5745 3342 5822 experta
3388 5737 3639 5822 neqotiy's
3685 5744 3738 5801 et
3785 5736 4180 5801 laudabiliter
4240 5736 4656 5821 comprobata,
4699 5736 4776 5818 fi-

1126 5848 1345 5932 deique
1389 5849 1729 5911 constantia
1764 5848 2025 5931 plenam·
2067 5847 2129 5908 in
2176 5845 2447 5908 Domino
2488 5844 2782 5926 fiduciam
2829 5844 3184 5927 obtinemus,
3229 5845 3315 5908 ad
3348 5847 3796 5929 premissorum
3839 5845 4418 5908 consummationem
4463 5851 4518 5908 et
4565 5865 4776 5908 execu-

1125 5957 1351 6020 tionem
1396 5956 1471 6020 de
1516 5962 1727 6018 nostra
1772 5955 2136 6017 conscientia
2172 5953 2458 6036 plenarie
2516 5953 2922 6034 informatum
2984 5952 3069 6016 ad
3128 5954 3425 6016 civitatem
3493 5950 3952 6035 bononiensem,
4001 5952 4248 6036 ejusque
4313 5953 4662 6015 comitatum
4725 5959 4778 6014 et

1125 6063 1471 6127 districtum
1508 6061 1902 6146 procidimus
1935 6061 2350 6145 personaliter
2395 6060 2852 6123 destinandum.
2905 6059 3200 6138 Quocirca
3261 6061 3718 6123 universitatem
3779 6067 4039 6123 vestram
4101 6079 4418 6143 roqamu-s,
4465 6078 4779 6122 monemus

1125 6178 1180 6236 et
1224 6171 1554 6236 hortamur
1597 6175 1822 6234 attente
1868 6167 2028 6232 vobis
2060 6189 2182 6252 per
2226 6167 2550 6252 apostolica
2596 6169 2824 6251 scripta
2869 6167 3272 6249 mandantes,
3322 6173 3623 6251 quatenus
3668 6166 3947 6231 eumdem
3993 6167 4292 6229 nuncium
4338 6166 4524 6228 immo
4565 6167 4778 6249 potius

1124 6299 1237 6342 nos
1280 6279 1347 6342 in
1394 6279 1524 6363 ipso
1566 6275 1824 6361 beniyne
1870 6277 2222 6359 recipientes
2268 6282 2321 6338 et
2366 6273 2828 6356 honorificentia
2874 6272 3072 6338 debita
3107 6280 3579 6358 pertractanteS,
3622 6280 3749 6336 tam
3794 6273 3893 6356 ijS,
3942 6293 4057 6357 que
4099 6272 4262 6336 idem
4304 6273 4573 6336 nuncius
4618 6270 4778 6335 cobis

1125 6407 1200 6451 ex
1234 6392 1420 6470 parte
1465 6391 1677 6449 nostra
1724 6383 2023 6464 retulerit,
2072 6403 2258 6467 quam
2303 6381 2586 6446 omnibus
2632 6389 2685 6446 et
2730 6381 2993 6467 sinqulis
3038 6382 3330 6444 contentis
3375 6382 3442 6444 in
3488 6380 3663 6444 dictis
3707 6381 3901 6444 literis
3944 6380 4297 6464 diliyentius
4340 6379 4673 6461 intellectis,
4710 6380 4778 6442 in

1114 6494 1435 6579 premissis
1480 6490 1760 6556 omnibus
1806 6498 1860 6555 et
1904 6491 2168 6575 sinyulis
2201 6490 2520 6573 plenarie,
2569 6488 2897 6572 efficaciter
2960 6496 3013 6553 et
3075 6489 3341 6553 totaliter
3398 6487 3810 6572 adimplendis
3853 6487 4032 6551 eorde
4076 6494 4130 6551 et
4175 6507 4350 6571 opere
4391 6486 4563 6550 illius
4592 6487 4779 6571 plene
