5542 7775
1249 619 1398 690 342
2746 644 2976 693 vrrAn
3031 644 3392 694 mnnrrAn

1242 795 1589 868 miserunt
1658 795 2144 870 Bononienses
2216 823 2374 870 cum
2435 797 2883 871 ornatissimo
2941 809 3011 870 et
3065 798 3560 872 florentissimo
3618 799 4089 873 comitatu(¹).
4133 800 4452 873 Fuerunt
4509 825 4718 898 porro
4773 800 4870 875 le·

1240 919 1392 1014 gati
1446 921 1916 994 bononienses
1974 921 2044 994 in
2104 931 2404 1017 utraque
2462 921 2840 1016 legatione,
2901 947 2990 994 ex
3049 922 3357 1016 Negrio:

1668 1045 2112 1119 Beccadinus
2168 1046 2594 1140 Beccadelli,
3065 1047 3488 1120 Guillelmus
3546 1048 4006 1121 Foscararius
4063 1049 4132 1120 in
4187 1043 4279 1121 1.⁸
4328 1048 4706 1146 legatione,

1667 1169 2147 1243 Bliobarixius
2204 1171 2683 1266 AzzoguiduS,
3460 1198 3622 1245 nam
3680 1174 3745 1246 ei
3799 1173 3872 1245 in
3927 1166 4065 1246 ΙΙ.’ι
4119 1175 4543 1247 substitutus
4599 1185 4706 1248 est

1666 1294 1973 1368 Bornius
2032 1296 2544 1390 Samaritanus,
3453 1298 3800 1392 Aegidius
3857 1297 4386 1394 Foscherarius,

1665 1419 1958 1514 Eganus
2014 1419 2541 1514 LambertinuS,
3055 1421 3414 1494 Musottus
3472 1423 3940 1518 SabbadinUS,

1665 1543 2100 1618 Guiduccius
2156 1545 2615 1641 BoattieriuS,
3061 1546 3319 1619 Petrus
3377 1546 3758 1620 GallutiuS.

1556 1669 1882 1742 Meminit
1939 1670 2153 1742 etiam
2219 1671 2429 1743 huius
2509 1669 2884 1766 legationis
2954 1681 3025 1743 et
3100 1672 3381 1744 eosdem
3457 1670 3732 1766 legatos
3803 1674 4118 1746 nominat
4195 1674 4512 1747 Miscella
4571 1675 4865 1777 bonom,

1234 1800 1404 1866 tom.
1448 1793 1736 1868 XVIII.
1800 1794 1965 1868 Ber.
2012 1795 2223 1891 Ital.‚
2281 1796 2410 1869 col.
2458 1800 2634 1869 341.
2695 1796 2854 1868 Hoc
2910 1821 2953 1869 a
3009 1796 3279 1891 Negrio
3336 1797 3733 1894 discrepat,
3794 1799 3979 1894 quod
4037 1798 4150 1871 hic
4206 1800 4383 1873 duas
4439 1803 4669 1899 ponit,
4722 1804 4865 1901 pri-

1235 1942 1425 1990 mam
1484 1919 1730 2014 Senas,
1791 1919 2091 1992 alteram
2149 1921 2620 2015 Florentiam3
2683 1921 3004 1993 Miscella
3063 1947 3231 1994 vero
3289 1946 3504 1994 unam
3562 1923 3938 1995 dumtaxat
3994 1923 4452 1999 Florentiam.

1456 2044 1711 2118 XXX.
1773 2044 2411 2140 MCCCXXVII„
2456 2047 2549 2122 V.
2590 2047 2953 2119 februarii.
2997 2047 3176 2119 Cum
3217 2046 3350 2119 bac
3390 2047 3500 2119 die
3551 2047 3944 2121 Bononiam
3982 2058 4168 2122 esset
4206 2050 4652 2144 ingressurus
4690 2052 4864 2126 Ber-

1235 2169 1531 2241 trandus
1587 2195 1629 2242 a
1686 2170 2015 2265 Pogetto,
2059 2171 2435 2243 cardinalis
2484 2172 2832 2264 ostiensis,
2877 2172 3274 2269 pontificius
3327 2172 3668 2268 LegatuS,
3716 2173 3996 2246 obviam
4035 2174 4260 2247 eidem
4307 2177 4566 2273 prodiit
4609 2202 4862 2273 magna

1229 2293 1591 2367 hominum
1651 2294 2029 2368 multitudo
2087 2321 2247 2369 cum
2305 2299 2683 2369 carroccio.
2727 2296 3181 2369 Trahebatur
3236 2296 3368 2368 boc
3407 2323 3449 2371 a
3490 2307 3795 2394 quatuor
3831 2299 4056 2371 bobus
4095 2299 4431 2374 scarlatto
4488 2304 4860 2399 coopertis,

1232 2419 1353 2515 qui
1410 2443 1453 2491 a
1510 2420 1784 2492 duobus
1840 2421 2161 2493 bubulcis
2220 2422 2465 2494 eadem
2524 2421 2792 2494 indutis
2853 2431 3047 2494 veste
3105 2422 3568 2495 ducebantur.
3629 2423 3790 2494 Bini
3840 2449 3930 2496 ex
3988 2423 4282 2518 singulis
4321 2426 4645 2499 tribubus
4683 2429 4865 2525 opti-

1231 2553 1460 2616 mates
1516 2545 1873 2618 carroccio
1930 2545 2412 2619 vehebantur:

2139 2671 2620 2744 Bliobarixius
2678 2673 3133 2767 Azzoguidus
3163 2670 3241 2734 (2)

2142 2797 2563 2870 Franciscus
2621 2797 2809 2894 degli
2866 2798 3132 2870 Azzari

2140 2922 2478 2994 Nicolaus
2534 2923 2953 2996 Bacilierius
3310 2923 3331 3044 ξ

2142 3048 2505 3120 Vianisius
2563 3048 2980 3122 Bacilierius
3310 3061 3330 3150 3

2136 3173 2451 3246 Joanncs
2508 3173 2868 3246 Gallutius
3312 3169 3333 3290 ἓ

2141 3298 2406 3370 Paulus
2464 3300 2549 3371 de
2607 3298 3035 3372 Oddofredis
3312 3301 3333 3400 5

2136 3424 2558 3496 Franciscus
2616 3423 3119 3498 Lambertinus

2132 3549 2389 3621 Petrus
2436 3549 2522 3621 de
2564 3549 3258 3623 Basciacomatribus
3311 3421 3334 3628 i
3388 3512 3476 3560 ex
3533 3487 3997 3582 Ravpgnana'

1546 3673 1924 3771 Reliquam
1966 3675 2184 3748 totius
2224 3675 2585 3769 ingressus
2638 3700 2972 3772 pompam
3029 3673 3367 3748 latissime
3425 3682 3947 3772 persequuntur
4003 3674 4330 3748 Historia
4383 3675 4699 3748 Miscella
4745 3675 4861 3749 bo·

1221 3822 1431 3895 nom,
1488 3806 1539 3872 t.
1602 3799 1890 3872 XVIII.
1949 3799 2111 3872 Ber.
2174 3799 2386 3896 Ital.,
2444 3798 2575 3872 col.
2640 3802 2817 3895 343,
2877 3811 2946 3873 et
3005 3799 3348 3897 Negrius,
3413 3801 3681 3874 Annal.
3741 3824 3902 3874 mss,
3963 3801 4054 3873 ad
4109 3799 4297 3873 hunc
4355 3826 4641 3874 annum.

1434 3925 1729 3998 XXXI.
1773 3924 2411 4021 MCCCXXVII.,
2456 3926 2704 3999 XVII.
2740 3927 2927 3999 maii.
2971 3925 3451 3999 Bliobarixius
3489 3927 3578 3998 ad
3619 3951 3870 4021 agrum
3911 3926 4286 3998 emendum
4326 3935 4859 4023 procuratorem

1219 4074 1427 4122 suum
1483 4050 1656 4123 facit
1711 4050 2100 4124 Minacium
2159 4050 2245 4122 de
2304 4050 2829 4123 Guerardisffl).

1432 4175 1766 4248 XXXII.
1809 4174 2446 4249 MCCCXXVIII.
2493 4175 2574 4247 In
2616 4175 2888 4249 Jacobo
2940 4174 3251 4247 Belvisio
3309 4176 3518 4271 (pag.
3567 4176 3792 4271 298),
3852 4174 4333 4249 Bliobarixius
4390 4201 4549 4248 cum
4605 4176 4760 4248 aliis
4815 4201 4858 4249 a

1213 4299 1618 4374 Bertrando
1658 4301 1932 4396 Legato
1975 4300 2242 4373 electus
2282 4300 2371 4372 ad
2416 4300 2958 4371 internoscenda
2999 4299 3553 4396 proscriptorum
3594 4301 3777 4372 bona
3819 4308 3888 4371 et
3929 4324 4057 4372 sua
4100 4300 4349 4396 cuique
4393 4300 4852 4374 restituenda.

1430 4426 1803 4499 XXXIII.
1863 4424 2501 4498 MCCCXXVIII.
2559 4425 2948 4497 Imolenses
3007 4434 3346 4519 rogarant
3384 4424 3850 4497 Beltrandum
3892 4424 4347 4520 cardinalem,
4391 4435 4467 4497 ut
4507 4425 4597 4497 ad
4639 4450 4712 4497 se
4752 4425 4858 4497 di·

1212 4558 1551 4646 verteret,
1613 4559 1763 4623 tum
1822 4557 1900 4621 ut
1954 4550 2312 4647 acciperet
2368 4549 2846 4622 iuramentum
2901 4547 3287 4644 fidelitatis,
3330 4559 3481 4621 tum
3538 4559 3618 4621 ut
3674 4549 4046 4622 intestinas
4105 4549 4492 4622 discordias
4549 4550 4853 4623 sedaret.

1212 4674 1319 4748 Eo
1377 4675 1854 4773 proficiscens,
1914 4675 2105 4747 viros
2163 4674 2339 4747 XX.
2402 4699 2637 4746 rerum
2694 4673 3168 4769 gerendarum
3226 4673 3726 4772 peritissimos,
3787 4698 4087 4770 quorum
4145 4674 4453 4747 consiliis
4508 4684 4854 4769 uteretur,

1212 4798 1471 4872 ducere
1531 4824 1770 4871 secum
1829 4798 2075 4873 voluit.
2137 4800 2514 4871 Profectus
2571 4808 2810 4871 autem
2869 4809 2976 4870 est
3033 4823 3172 4870 non
3231 4798 3342 4870 die
3402 4798 3538 4872 IX.
3582 4799 3841 4894 martii,
3882 4808 3962 4870 ut
4020 4800 4119 4871 ait
4177 4798 4489 4894 Negrius
4538 4799 4626 4871 ad
4667 4797 4856 4872 hunc

1210 4949 1499 5020 annum,
1543 4925 1668 4997 sed
1723 4925 1863 4998 IX.
1910 4925 2096 5019 maii,
2157 4932 2235 4996 ut
2292 4923 2509 4997 habet
2566 4923 2886 4995 Miscella
2945 4922 3138 5019 bom,
3196 4922 3327 4996 col.
3373 4926 3549 4997 349.
3617 4924 3883 4996 Eorum
3937 4925 4247 4996 virorum
4311 4925 4640 5021 princeps
4698 4933 4854 4997 erat

1207 5048 1690 5123 Bliobarixius
1749 5049 2249 5145 Azzoguidus:
2316 5049 2747 5145 reliquorum
2803 5048 3090 5120 nomina
3145 5048 3305 5120 vide
3364 5049 3549 5146 apud
3611 5049 3909 5121 eundem
3981 5048 4371 5144 Negrium,
4434 5059 4583 5121 tum
4665 5049 4858 5146 apud

1211 5173 1776 5269 Ghirardatium,
1839 5182 1891 5247 t.
1954 5174 2099 5270 II.,
2161 5200 2322 5272 pag.
2387 5178 2510 5247 85.

1426 5299 1795 5373 XXXIV.
1856 5298 2425 5393 MCCCXXX.,
2468 5299 2599 5371 VI.
2653 5299 2910 5371 martii.
2971 5298 3174 5371 Bona
3230 5300 3578 5396 quaedam
3638 5298 3952 5393 obligata
4008 5298 4228 5371 nobili
4285 5300 4502 5371 militi
4559 5299 4854 5372 Blioba-

1205 5425 1396 5497 rianio
1454 5423 1538 5495 de
1598 5425 2028 5523 Azzoyuidis
2083 5424 2305 5521 leyum
2369 5424 2631 5496 doctori
2661 5423 2760 5495 (4).

1421 5549 1753 5623 XXXV.
1815 5548 2379 5644 MCCCXXX.,
2424 5549 2676 5621 XXX.
2719 5549 2985 5646 aprilis.
3042 5548 3644 5646 Compromissum
3684 5548 3755 5620 in
3794 5547 4309 5621 Bliobarixium
4351 5559 4422 5621 et
4461 5549 4854 5645 Macagna-

1204 5699 1376 5747 num
1434 5676 1521 5748 de
1580 5674 2015 5769 Azzoguidis
2072 5672 2307 5769 legum
2369 5674 2694 5746 doctores
2750 5675 3083 5746 absentes
3113 5672 3214 5746 (5).

3312 2667 3335 2900 ξ
3388 2762 3478 2808 ex
3534 2737 3768 2832 Piera,

3313 3049 3320 3058 ,
3386 3011 3472 3058 ex
3534 2988 3815 3082 Stieria,

3388 3262 3479 3309 ex
3533 3237 3861 3331 Procula,

1368 6011 1445 6075 (1)
1486 6008 1792 6061 Nan-rantur
1828 6008 1965 6059 haee
2017 6007 2199 6058 omnia
2247 6011 2301 6058 et
2351 6007 2459 6058 late
2513 6007 2892 6058 describuntur
2943 6024 2975 6058 a
3246 6010 3322 6072 (3)
3365 6007 3446 6058 Ex
3487 6007 3896 6059 Memorialibus
3935 6007 4217 6058 Gullielmi
4251 6006 4598 6059 Ber-nardini
4637 6008 4859 6076 Graeci,

1206 6100 1409 6169 Negrio
1438 6099 1642 6150 Annal.
1672 6115 1793 6149 mss.
1821 6099 1890 6149 ad
1930 6098 2073 6149 hunc
2115 6114 2337 6160 annum,
2364 6097 2450 6147 cui
2479 6097 2641 6164 plane
2669 6102 2977 6165 congruunt
3087 6097 3182 6148 fol.
3220 6101 3306 6148 59.

1204 6206 1271 6243 ea
1305 6205 1445 6259 quae
1487 6188 1816 6240 Muratoriue
1855 6188 2016 6239 affert
2055 6187 2124 6238 ad
2178 6187 2429 6238 eumdem
2479 6203 2707 6252 annum,
2748 6192 2788 6239 t.
2819 6187 2973 6238 VIII.
3244 6189 3321 6252 (4)
3373 6186 3456 6238 Ex
3508 6187 3666 6239 Mem.
3715 6187 4046 6238 Tettalaoeini
4097 6188 4366 6254 quondam
4423 6188 4492 6240 D.
4538 6189 4736 6241 Jacoht
4787 6190 4856 6241 de

1204 6278 1410 6330 Annal.
1449 6277 1673 6342 d’Ital.‚
1712 6295 1835 6346 pag.
1881 6280 1999 6343 148,
2044 6281 2162 6328 149.
3087 6275 3460 6341 Flamenyhis,
3500 6277 3595 6329 fol.
3636 6281 3724 6329 49.

1365 6369 1444 6433 (2)
1483 6367 1580 6418 Ait
1631 6366 1914 6431 Ghirard.‚
1955 6371 1993 6418 t.
2032 6366 2135 6433 11.‚
2173 6382 2299 6435 pag.
2340 6368 2389 6430 7,
2430 6366 2825 6418 Bliobarixium
2878 6367 2978 6418 hoe
3250 6368 3327 6431 (5)
3367 6367 3449 6417 Ex
3488 6367 3647 6418 Mem.
3686 6368 3916 6418 eiusdem
3967 6366 4322 6433 Tettalaaeini,
4361 6369 4455 6420 fol.
4497 6372 4582 6420 28.

1202 6474 1388 6509 mense
1430 6456 1736 6508 Anzianum
1778 6456 1964 6507 fuisse.
