5542 7775
1663 670 2131 721 srnc'rAN'nA
2187 670 2291 720 AD
2348 671 2860 723 Pnornssonns
2916 672 3128 723 ,16616
3185 672 3452 722 6116166
4223 654 4369 725 105

731 824 1060 889 dominum
1108 830 1398 888 nostrum
1444 824 1696 911 Papam
1742 825 2122 911 predictum,
2155 823 2454 911 prefatus
2501 825 2801 890 dominus
2850 827 3139 891 notarius
3186 826 3451 891 nuntius
3499 828 3830 914 respondit
3862 835 3926 893 et
3966 828 4130 894 dixit
4166 829 4375 894 eidem

731 931 989 996 domino
1039 930 1304 996 Thadeo
1367 953 1444 996 ac
1500 932 2096 1015 ambassiatoribus,
2143 931 2396 997 sindico
2445 940 2510 997 et
2555 933 2805 998 civibus
2849 933 3188 1020 predictis,
3238 934 3672 1020 presentibus,
3723 936 3895 1021 quod
3941 936 4155 1001 facere
4203 938 4378 1022 quic-

732 1039 885 1125 quid
931 1045 1170 1125 posset,
1219 1039 1400 1104 salvo
1447 1039 1692 1104 honore
1738 1039 2002 1104 Domini
2050 1040 2252 1105 nostri
2298 1048 2363 1103 et
2412 1060 2676 1104 romane
2722 1039 3016 1105 Ecclesie
3072 1062 3147 1105 ac
3192 1062 3331 1124 suc,
3364 1048 3622 1127 poterat
3668 1050 3734 1106 et
3778 1042 4076 1108 debebat.
4127 1043 4375 1109 Tamen

731 1149 867 1234 ipse
925 1147 1220 1212 dominus
1266 1147 1556 1211 notarius
1603 1148 1867 1211 nuntius
1912 1148 2145 1212 missus
2193 1155 2335 1212 erat
2383 1147 2467 1211 ad
2514 1147 2752 1212 dictam
2797 1147 3125 1212 civitatem
3170 1148 3252 1212 ad
3301 1156 3544 1213 certam
3604 1171 3777 1234 rem,
3825 1172 4021 1237 quam
4075 1152 4214 1237 ipse
4257 1152 4374 1217 do-

729 1256 939 1320 minus
972 1255 1299 1337 Thadeus,
1334 1254 1833 1319 ambassiatores
1866 1261 1931 1318 et
1961 1253 2245 1319 sindicus
2275 1254 2551 1340 predicti
2582 1254 2746 1319 bene
2780 1254 3092 1334 sciebant,
3126 1262 3191 1319 et
3224 1255 3393 1341 quod
3428 1263 3671 1321 certam
3708 1264 3773 1322 et
3818 1257 4160 1323 limitatam
4192 1266 4373 1345 pote·

729 1370 963 1427 statem
1011 1361 1314 1443 habebat,
1350 1383 1563 1447 quam,
1597 1368 1663 1426 et
1706 1361 1929 1426 literas
1975 1362 2363 1448 apostolicas
2411 1383 2607 1447 super
2653 1362 2753 1426 his
2802 1362 3127 1426 confectas
3174 1363 3288 1445 eis,
3338 1384 3413 1428 ac
3460 1364 3726 1429 consilio
3775 1364 3943 1430 dicte
3985 1366 4263 1431 civitatis
4311 1374 4376 1431 et

728 1471 846 1535 toti
897 1470 1132 1556 populo
1180 1476 1447 1556 paratus
1494 1477 1634 1534 erat
1666 1476 1731 1533 et
1777 1468 2038 1535 volebat
2084 1470 2303 1534 statim
2346 1469 2584 1534 ibidem
2619 1469 2957 1533 ostendere
2990 1475 3055 1534 et
3085 1470 3440 1556 publicare,
3473 1471 3526 1535 si
3559 1472 3802 1537 vellent
3832 1472 4078 1554 audire,
4112 1480 4177 1537 et
4208 1474 4371 1538 alias

728 1578 1072 1665 perficere,
1119 1577 1355 1662 exequi
1402 1582 1468 1640 et
1514 1577 1836 1662 complere
1883 1582 2193 1662 quantum
2244 1576 2327 1640 ad
2373 1597 2522 1641 eum
2569 1575 2936 1662 pertinebat
2983 1576 3201 1642 omnia
3247 1583 3312 1641 et
3357 1578 3614 1664 singula
3663 1578 3726 1642 in
3775 1579 3961 1643 dictis
4010 1581 4211 1645 literis
4260 1603 4374 1645 an-

728 1694 972 1767 notata,
1009 1684 1354 1748 dummodo
1400 1705 1518 1770 per
1564 1705 1675 1748 606
1720 1682 2017 1770 primitus
2062 1683 2291 1747 fierent
2340 1683 2577 1766 omnia,
2610 1703 2734 1768 que
2783 1682 2997 1747 facere
3044 1690 3346 1748 tenentur
3400 1692 3465 1748 et
3510 1683 3748 1750 debent
3793 1686 4147 1750 secundum
4193 1696 4373 1752 teno-

728 1815 887 1875 rem,
934 1793 1167 1856 seriem
1213 1800 1279 1856 et
1325 1791 1616 1856 ordinem
1664 1791 1997 1855 literarum
2044 1790 2500 1876 predictarum.

904 1899 1155 1965 Eodem
1186 1920 1377 1981 anne,
1412 1899 1515 1962 die
1548 1898 1807 1962 sabathi
1852 1898 2137 1963 secunda
2180 1898 2453 1984 predicti
2500 1896 2741 1962 mensis
2782 1897 3093 1983 januarij,
3128 1899 3418 1983 prefatus
3452 1898 3747 1964 dominus
3781 1901 4068 1965 notarius
4111 1902 4375 1966 nuntius

729 2009 1003 2073 accessit
1048 2006 1132 2071 ad
1179 2005 1421 2070 dictum
1468 2006 1783 2091 palatium
1831 2004 2225 2087 Communis,
2273 2005 2621 2091 requisitus
2676 2014 2741 2070 et
2790 2012 3054 2088 rogatus
3101 2028 3216 2092 per
3260 2006 3503 2070 dictum
3549 2007 3878 2071 dominum
3926 2007 4263 2072 Thadeum
4310 2018 4376 2075 et

728 2115 1072 2180 nonnullos
1119 2114 1311 2196 alios,
1359 2135 1520 2199 quos
1568 2113 1927 2178 Consilium
1972 2113 2339 2198 sapientum
2386 2113 2748 2196 vocabant,
2797 2114 2908 2200 qui
2969 2122 3156 2177 erant
3224 2134 3526 2196 numero,
3575 2122 3646 2177 ut
3690 2115 4055 2198 ferebatur,
4103 2119 4375 2182 trecenti

730 2232 794 2288 et
839 2223 1049 2305 ultra,
1096 2228 1161 2285 et
1208 2221 1448 2285 ibidem
1496 2221 1561 2284 in
1607 2220 1777 2284 dicto
1824 2220 2069 2306 palatio
2131 2220 2518 2284 constitutus
2581 2221 2916 2306 proposuit
2963 2228 3027 2284 et
3074 2220 3239 2284 dixit
3287 2221 3454 2285 inter
3499 2229 3743 2304 cetera,
3794 2243 3917 2307 que
3979 2232 4373 2309 sequuntnr3

726 2330 1061 2394 videlicet:
1097 2328 1267 2414 quod
1315 2328 1452 2415 ipse
1500 2327 1795 2391 dominus
1843 2327 2131 2391 notarius
2178 2327 2441 2391 nuntius
2489 2336 2629 2391 erat
2674 2327 2907 2391 missus
2955 2327 3036 2392 ad
3084 2328 3433 2410 civitatem,
3481 2329 3853 2392 comitatum
3901 2337 3966 2393 et
4012 2330 4372 2395 districtum

726 2438 1155 2502 bononienses
1202 2458 1318 2522 pro
1366 2434 1783 2521 perficiendo,
1833 2434 2250 2520 exequendo,
2301 2434 2682 2520 complendo
2732 2440 2798 2498 et
2843 2435 3345 2500 consummando
3394 2435 3609 2499 omnia
3656 2444 3721 2499 et
3767 2436 4024 2521 singula
4069 2446 4374 2503 contenta

726 2546 791 2609 in
848 2544 1051 2608 literis
1117 2543 1508 2629 apostolicis,
1557 2542 1746 2605 factis
1792 2550 1858 2605 et
1905 2541 2143 2605 habitis
2190 2562 2386 2627 super
2431 2541 2781 2625 legatione,
2831 2562 2944 2605 seu
2995 2542 3404 2606 nunciatione
3451 2564 3570 2605 sua
3617 2542 3683 2606 in
3730 2542 3902 2608 facto
3951 2565 4062 2608 seu
4112 2546 4374 2631 negotio

723 2651 1286 2733 reconciliationis,
1336 2649 1695 2731 concordie,
1730 2670 1846 2713 666
1893 2649 2071 2734 pacis
2120 2648 2340 2712 habite
2393 2648 2562 2711 inter
2607 2648 2900 2712 dominos
2945 2656 3198 2713 nostros
3243 2648 3536 2712 dominos
3584 2649 3918 2713 Summum
3964 2651 4373 2735 Pontificem,

726 2770 791 2825 et
837 2759 1217 2825 Cardinales
1264 2757 1586 2844 predictos
1633 2777 1717 2821 ex
1763 2764 1948 2842 parte
1996 2776 2150 2837 una,
2182 2763 2247 2819 et
2294 2755 2590 2819 dominos
2637 2755 2917 2819 Paulum
2966 2755 3046 2820 de
3091 2755 3433 2839 Liazarijs,
3466 2756 3942 2821 Macanhanum
3993 2767 4057 2822 et
4103 2759 4369 2822 Petrum

724 2868 1224 2948 ambaxiatores,
1257 2872 1322 2929 et
1366 2864 1739 2929 Rolandum
1784 2863 1863 2927 (16
1910 2862 2256 2945 Fantucijs
2303 2862 2619 2926 sindicum
2669 2868 2734 2925 et
2780 2871 3285 2949 procuratorem,
3321 2870 3384 2926 et
3416 2864 3859 2949 procuratorio
3893 2866 4149 2929 nomine
4183 2864 4375 2929 Com·

724 2977 970 3057 munis,
1036 2971 1474 3038 univcrsitatis
1537 2979 1603 3034 et
1664 2970 1887 3056 populi
1958 2969 2238 3034 civitatis
2308 2969 2594 3056 predicte
2665 2991 2749 3035 ex
2812 2970 3037 3034 altera.
3093 2969 3179 3034 Et
3240 2971 3410 3056 quod
3474 2971 3624 3035 licet
3690 2971 3810 3057 ipsi
3888 2972 4372 3036 ambaxiatores

724 3093 788 3149 et
834 3082 1152 3163 sindicus,
1200 3088 1265 3144 et
1311 3102 1427 3165 per
1473 3099 1876 3164 consequens
1923 3077 2095 3142 idem
2143 3076 2438 3140 dominus
2485 3077 2790 3141 Thadeus
2840 3083 2905 3141 et
2951 3077 3303 3163 prudentes
3358 3078 3595 3141 scirent
3642 3086 3706 3141 et
3753 3079 3916 3142 scire
3964 3087 4262 3165 poterant
4310 3088 4376 3144 et

723 3191 1049 3256 debebant
1097 3189 1311 3253 omnia
1357 3194 1423 3251 et
1468 3185 1728 3271 singula
1774 3192 2077 3250 contenta
2125 3185 2189 3248 in
2238 3185 2609 3271 apostolicis
2657 3185 2861 3248 literis
2907 3185 3276 3273 prelibatis,
3325 3185 3741 3249 nihilominus
3790 3192 4005 3251 tamen
4053 3193 4124 3251 ut
4171 3186 4374 3272 aliqui

724 3299 803 3363 de
851 3298 1023 3361 dicta
1070 3296 1331 3361 civitate
1379 3295 1458 3358 de
1506 3293 1825 3358 contentis
1874 3293 1940 3356 in
1986 3292 2175 3356 dictis
2222 3291 2426 3356 literis
2472 3313 2599 3356 non
2648 3292 2942 3356 valerent
2990 3293 3423 3378 ignorantiam
3471 3293 3872 3377 pretendere,
3916 3302 4183 3379 paratus
4230 3301 4372 3358 erat

723 3406 940 3470 statim
987 3410 1375 3490 potestatem
1421 3408 1486 3465 et
1533 3400 2047 3465 commissionem
2095 3421 2301 3482 suam,
2351 3406 2414 3462 et
2462 3400 2682 3463 literas
2728 3400 3140 3486 apostolicas,
3176 3407 3241 3464 et
3289 3400 3505 3464 omnia
3551 3408 3614 3464 et
3663 3400 3922 3486 singula
3968 3402 4032 3464 in
4081 3401 4174 3465 eis
4222 3423 4372 3465 con-

723 3521 923 3595 tenta,
972 3513 1226 3597 legere,
1274 3531 1389 3574 seu
1450 3509 1580 3593 legi
1643 3507 1893 3590 facere,
1942 3516 2008 3572 et
2060 3508 2429 3593 publicare,
2479 3514 2543 3570 et
2605 3507 2937 3591 negotium
3001 3507 3122 3571 sibi
3186 3529 3380 3594 super
3439 3508 3612 3571 dicta
3659 3509 4202 3590 reconciliatione,
4252 3531 4368 3573 seu

723 3618 1067 3686 concordia
1112 3617 1523 3681 commissum
1569 3615 1925 3679 secundum
1991 3616 2317 3697 ordinem,
2366 3624 2692 3698 tenorem,
2740 3624 2805 3678 et
2864 3615 3325 3679 continentiam
3387 3615 3716 3678 literarum
3782 3615 4254 3701 predictarum,
4304 3626 4370 3681 et

723 3735 913 3814 prout
962 3747 1001 3789 a
1047 3726 1218 3789 dicto
1266 3723 1525 3788 domino
1575 3729 1793 3787 nostro
1844 3722 2028 3808 Papa
2075 3723 2142 3786 in
2189 3723 2510 3786 mandatis
2558 3723 2844 3787 habebat
2889 3722 3196 3808 perficere
3254 3730 3318 3785 et
3375 3721 3720 3786 efficaciter
3767 3744 4233 3787 consummare.
4281 3723 4368 3787 Et

723 3844 875 3901 tunc
923 3834 1079 3900 dicti
1125 3831 1421 3898 dominus
1469 3830 1775 3896 Thadeus
1825 3838 1890 3895 et
1936 3831 2306 3917 prudentes,
2341 3838 2485 3918 post
2527 3831 2761 3895 multos
2794 3838 2858 3895 et
2891 3830 3105 3896 varios
3139 3850 3466 3894 sermones
3500 3829 3754 3895 habitos
3804 3830 3971 3895 inter
4019 3851 4129 3896 eos
4176 3853 4371 3918 super

722 3943 1058 4031 predictis,
1106 3939 1577 4026 responderunt
1624 3946 1689 4003 et
1736 3938 2041 4002 dixerunt
2084 3960 2391 4025 expresse
2440 3945 2505 4003 et
2551 3938 2943 4002 unanimiter
2989 3937 3166 4001 nullo
3213 3937 3469 4024 penitus
3532 3937 3976 4022 discordante,
4026 3939 4196 4024 quod
4245 3940 4368 4025 ipsi

723 4057 909 4114 erant
956 4048 1040 4112 ad
1088 4047 1351 4134 plenum
1397 4044 1737 4110 certificati
1781 4043 1861 4108 de
1909 4052 2131 4108 tenore
2178 4044 2611 4131 predictarum
2658 4044 2994 4108 literarum
3026 4042 3200 4108 etde
3234 4029 3530 4108 omnibus
3563 4050 3628 4108 et
3659 4044 3931 4128 singulis
3966 4045 4269 4131 capitulis
4304 4045 4370 4109 in

723 4157 816 4221 eis
864 4155 1215 4236 contentis,
1265 4161 1330 4217 et
1376 4152 1548 4238 quod
1595 4174 1715 4216 nec
1762 4152 1886 4237 ipsi
1933 4171 2051 4216 nec
2098 4151 2374 4238 populus
2422 4151 2702 4215 civitatis
2747 4149 3032 4237 predicte
3081 4151 3388 4215 volebant
3434 4150 3640 4215 dictas
3703 4152 3924 4216 literas
3981 4153 4203 4216 audire
4253 4174 4369 4217 seu

726 4265 969 4346 videre,
1002 4283 1121 4326 nec
1170 4267 1470 4326 contenta
1519 4260 1583 4323 in
1631 4260 1725 4324 eis
1772 4260 2116 4345 complere,
2151 4259 2512 4345 approbare
2563 4280 2677 4323 seu
2717 4259 3060 4340 ratificare,
3093 4279 3211 4322 nec
3245 4258 3507 4344 aliquod
3539 4258 3618 4322 de
3652 4260 3968 4323 contentis
4002 4259 4067 4322 in
4100 4260 4366 4342 eisdem,

724 4372 847 4436 nisi
881 4371 1059 4456 prius
1094 4390 1314 4433 omnes
1362 4367 1648 4432 clausule
1698 4368 1763 4430 in
1811 4366 1997 4430 dictis
2044 4367 2248 4430 literis
2296 4373 2614 4449 contente,
2649 4366 2714 4429 in
2748 4365 3001 4451 quibus,
3035 4386 3119 4430 ex
3151 4387 3423 4451 quarum
3457 4372 3699 4449 tenore,
3733 4389 3801 4430 se
3836 4387 3912 4430 ac
3945 4366 4271 4431 civitatem
4305 4374 4371 4431 et

724 4480 1079 4544 Commune
1126 4475 1448 4563 predictos
1495 4480 1801 4560 gravatos
1851 4481 1915 4538 et
1960 4474 2130 4538 lesos
2177 4474 2524 4538 enormiter
2572 4473 2969 4555 asserebant,
3019 4480 3084 4537 et
3130 4494 3253 4558 que
3304 4475 3731 4559 reparatione,
3779 4474 4241 4556 moderatione,
4294 4496 4371 4539 ac

720 4585 1159 4651 declaratione
1207 4582 1449 4647 domini
1479 4582 1683 4646 nostri
1714 4582 1895 4667 Pape
1928 4580 2230 4666 egebant,
2263 4587 2336 4644 ut
2366 4580 2703 4663 dicebant3
2738 4580 2818 4644 de
2852 4581 3083 4666 quibus
3117 4580 3314 4644 etiam
3346 4580 3423 4644 de
3458 4580 3746 4666 plenarie
3781 4582 4166 4646 certificatos
4201 4581 4370 4646 dice·

721 4693 880 4758 bant
926 4713 1043 4778 per
1089 4712 1289 4754 unum
1334 4710 1623 4754 mensem
1663 4688 1804 4774 jam
1849 4690 2163 4774 elapsum,
2212 4695 2428 4752 essent
2474 4709 2589 4774 per
2637 4687 2879 4752 dictum
2926 4687 3255 4752 dominum
3301 4708 3541 4773 papam
3586 4696 3908 4774 reparate,
3959 4689 4219 4771 refecte,
4254 4689 4365 4753 de·

723 4801 1000 4882 clarate,
1051 4804 1115 4863 et
1162 4797 1530 4878 moderate,
1579 4797 1730 4882 quia
1779 4797 1975 4878 aliae,
2024 4803 2097 4859 ut
2144 4796 2265 4881 ipsi
2320 4794 2655 4878 dicebant,
2704 4795 2877 4859 dicta
2938 4794 3410 4877 reconciliatiO,
3459 4815 3626 4880 pax,
3675 4816 3791 4859 seu
3849 4796 4193 4860 concordia
4240 4795 4368 4860 dici

731 4913 987 4994 poterat
1030 4906 1242 4992 potius
1288 4904 1689 4990 desperati03
1723 4903 2138 4989 adjungendo
2185 4909 2251 4967 et
2296 4902 2566 4967 dicendo
2612 4924 2940 4989 expresse,
2976 4902 3146 4989 quod
3192 4902 3314 4966 nisi
3347 4901 3514 4967 dicte
3562 4902 3849 4966 clausule
3884 4911 4367 4989 repararentur,

731 5023 795 5079 et
841 5013 1382 5094 modificarentur,
1430 5018 1496 5075 et
1542 5010 2028 5075 declararentur
2073 5009 2428 5074 secundum
2471 5010 2758 5096 capitula
2804 5031 2920 5096 per
2965 5031 3109 5093 eos,
3157 5016 3230 5073 ut
3284 5009 3619 5091 dicebant,
3669 5031 3814 5073 cum
3877 5009 4048 5075 dicto
4110 5010 4369 5074 domino

732 5128 952 5186 nostro
999 5140 1247 5184 summo
1293 5118 1606 5183 Pontifice
1655 5117 2064 5199 concordata,
2114 5116 2420 5182 volebant
2465 5118 2677 5203 potius
2723 5117 2792 5180 in
2839 5116 3278 5181 misericordia
3326 5115 3471 5197 Dei,
3505 5124 3570 5180 et
3616 5138 3839 5180 eorum
3884 5125 4060 5181 statu
4109 5139 4368 5182 manere

732 5237 797 5293 et
834 5236 1037 5312 stare,
1086 5247 1280 5313 quam
1326 5226 1674 5311 suscipere,
1722 5246 1836 5289 seu
1884 5233 2266 5310 supportare
2309 5225 2562 5310 jugum,
2611 5224 2782 5310 quod
2832 5245 2959 5289 non
3007 5232 3270 5310 possent
3313 5222 3723 5310 postmodum
3769 5224 4077 5307 tolerare,
4125 5246 4242 5311 pro
4291 5246 4368 5289 eo

729 5335 1090 5422 presertim,
1138 5332 1331 5419 quod,
1378 5341 1449 5397 ut
1495 5332 1816 5415 dicebant,
1866 5330 2143 5416 quedam
2190 5331 2476 5395 clausule
2523 5338 2709 5395 erant
2757 5352 2874 5418 per
2920 5330 3160 5396 dictum
3205 5331 3535 5396 dominum
3584 5331 3973 5413 Ostiensem,
4007 5338 4072 5395 et
4116 5332 4369 5418 aliquos

733 5444 896 5507 alios
944 5442 1236 5507 dominos
1285 5439 1663 5505 Cardinales
1711 5438 1927 5502 addite
1972 5445 2038 5502 et
2082 5439 2289 5525 posite
2336 5439 2403 5502 in
2449 5438 2651 5503 literis
2698 5438 3055 5525 prelibatis,
3104 5446 3446 5525 postquam
3494 5439 3752 5502 fuerant
3799 5439 4087 5524 capitula
4142 5460 4369 5525 supra-

732 5552 904 5616 dicta
951 5548 1340 5614 concordata
1387 5568 1530 5611 cum
1579 5546 1836 5611 domino
1885 5553 2104 5610 nostro
2150 5546 2335 5632 Papa
2374 5553 2439 5610 et
2485 5546 3040 5611 ambaxiatoribus
3087 5554 3152 5611 et
3183 5545 3428 5610 sindico
3462 5546 3868 5632 supradictis.
3905 5545 4123 5620 Quare
4155 5547 4369 5632 requi-

732 5660 963 5723 rebant
1010 5662 1076 5721 et
1121 5654 1442 5741 rogabant
1488 5654 1818 5718 dominum
1862 5654 2185 5718 notarium
2232 5654 2548 5736 nuntium,
2597 5653 2769 5739 quod
2832 5654 2973 5740 ipsa
3022 5653 3232 5717 redire
3278 5653 3545 5718 deberet
3591 5652 3674 5716 ad
3724 5653 3986 5717 Curiam
4035 5675 4370 5718 romanam

734 5766 816 5829 ad
866 5764 1196 5830 dominum
1244 5768 1533 5826 nostrum
1577 5760 1850 5848 Papam,
1884 5769 1950 5826 et
1994 5760 2359 5847 supplicare
2404 5768 2468 5824 et
2514 5762 2755 5825 instare
2803 5760 2976 5846 apud
3023 5782 3170 5824 eum
3218 5782 3335 5847 pro
3376 5759 3835 5843 moderatione,
3872 5760 4367 5844 modificatione,

733 5895 808 5937 ac
855 5870 1292 5937 declaratione
1338 5869 1772 5933 clausularum
1822 5868 2289 5955 predictarum3
2323 5874 2388 5932 et
2435 5868 2606 5954 quod
2654 5868 3070 5932 nihilominus
3116 5868 3539 5950 mirabantur,
3574 5888 3773 5954 quare
3807 5868 3870 5931 in
3904 5867 4076 5932 dicta
4109 5868 4370 5932 civitate

733 5989 988 6045 tantum
1035 5977 1410 6043 morabatur
1441 5983 1507 6040 et
1553 5997 1680 6040 non
1728 5975 1982 6040 redibat
2026 5976 2109 6039 ad
2155 5997 2491 6040 romanam
2539 5976 2800 6041 Curiam
2849 5976 3228 6062 predictam,
3262 5976 3432 6040 dicto
3474 5975 3732 6040 domino
3766 5976 4017 6039 notario
4050 5983 4114 6040 et
4147 5977 4372 6041 nuntio

732 6108 990 6173 semper
1037 6093 1103 6150 et
1148 6084 1450 6151 continue
1491 6090 1557 6148 et
1603 6105 1748 6147 cum
1797 6083 2103 6147 instantia
2149 6084 2549 6170 requirente,
2600 6082 2772 6169 quod
2819 6083 3024 6149 dictas
3073 6084 3294 6148 literas
3340 6082 3727 6169 apostolicas
3777 6082 4000 6146 audire
4057 6091 4122 6146 et
4181 6084 4370 6147 intel-

733 6196 937 6281 ligere
984 6194 1246 6275 vellent,
1295 6199 1360 6256 et
1406 6198 1709 6256 contenta
1758 6191 1821 6255 in
1869 6191 1962 6255 eis
2008 6191 2403 6256 ratificarent
2449 6197 2515 6256 et
2560 6191 3018 6278 approbarent,
3074 6197 3139 6255 et
3186 6190 3590 6276 integraliter
3636 6189 3925 6254 facerent
3979 6197 4043 6254 et
4089 6190 4370 6276 comple-

735 6309 898 6385 rent,
938 6322 1061 6387 que
1112 6299 1335 6364 audire
1384 6306 1448 6364 et
1493 6299 1707 6363 facere
1755 6320 1823 6363 se
1869 6299 2042 6364 nolle
2088 6298 2392 6363 dixerunt
2438 6319 2765 6384 expresse,
2813 6303 2885 6361 ut
2931 6319 3129 6385 supra
3175 6297 3427 6380 dicitur,
3475 6296 3791 6382 siquidem
3837 6296 4141 6362 dominus
4186 6304 4371 6361 nota·

737 6410 869 6473 rius
918 6414 984 6473 et
1030 6407 1292 6472 nuntius
1338 6406 1504 6470 dixit
1549 6413 1702 6470 tunc
1750 6414 1813 6470 et
1861 6407 2024 6470 alias
2071 6406 2475 6492 frequenter,
2525 6405 2697 6491 quod
2741 6426 2859 6491 per
2904 6426 3053 6469 eum
3098 6426 3225 6469 non
3274 6404 3525 6486 stabat,
3573 6425 3691 6467 nec
3746 6411 3980 6485 staret,
4030 6403 4371 6489 quominus

734 6515 1027 6604 predicta
1073 6513 1548 6601 complerentur
1594 6518 1660 6577 et
1705 6513 1955 6597 fierent,
2003 6519 2068 6577 et
2113 6513 2193 6577 de
2241 6512 2317 6577 iis
2364 6512 2487 6576 fuit
2532 6519 2685 6577 tunc
2733 6520 2800 6577 et
2844 6512 3006 6576 alias
3053 6531 3359 6597 expresse
3406 6517 3472 6575 et
3517 6509 3773 6597 publice
3820 6516 4234 6595 protestatus.

896 6653 1033 6693 rou.
1073 6653 1136 6691 11.
4143 6637 4208 6686 14
