<?xml version="1.0" encoding="UTF-8"?>
<!DOCTYPE html PUBLIC "-//W3C//DTD XHTML 1.0 Transitional//EN"
    "http://www.w3.org/TR/xhtml1/DTD/xhtml1-transitional.dtd">
<html xmlns="http://www.w3.org/1999/xhtml" xml:lang="en" lang="en">
 <head>
  <title>
</title>
<meta http-equiv="Content-Type" content="text/html;charset=utf-8" />
  <meta name='ocr-system' content='tesseract 3.04.00' />
  <meta name='ocr-capabilities' content='ocr_page ocr_carea ocr_par ocr_line ocrx_word'/>
</head>
<body>
  <div class='ocr_page' id='page_1' title='image "./declarisarchigy00malagoog_0297.png"; bbox 0 0 5542 7775; ppageno 0'>
   <div class='ocr_carea' id='block_1_1' title="bbox 1189 633 1340 704">
    <p class='ocr_par' dir='ltr' id='par_1_1' title="bbox 1189 633 1340 704">
     <span class='ocr_line' id='line_1_1' title="bbox 1189 633 1340 704; baseline 0 0"><span class='ocrx_word' id='word_1_1' title='bbox 1189 633 1340 704; x_wconf 87' lang='lat'><strong>314</strong></span> 
     </span>
    </p>
   </div>
   <div class='ocr_carea' id='block_1_2' title="bbox 1169 802 2954 6133">
    <p class='ocr_par' dir='ltr' id='par_1_2' title="bbox 1183 802 2948 893">
     <span class='ocr_line' id='line_1_2' title="bbox 1183 802 2948 893; baseline -0.002 -21"><span class='ocrx_word' id='word_1_2' title='bbox 1183 807 1359 893; x_wconf 84' lang='lat' dir='ltr'><strong>Mag.</strong></span> <span class='ocrx_word' id='word_1_3' title='bbox 1408 806 1689 871; x_wconf 85' lang='lat' dir='ltr'><strong>Michael</strong></span> <span class='ocrx_word' id='word_1_4' title='bbox 1735 806 1814 870; x_wconf 91' lang='lat' dir='ltr'><strong>de</strong></span> <span class='ocrx_word' id='word_1_5' title='bbox 1864 805 2169 891; x_wconf 87' lang='lat' dir='ltr'><strong>Champis</strong></span> <span class='ocrx_word' id='word_1_6' title='bbox 2217 804 2638 869; x_wconf 86' lang='lat' dir='ltr'><strong>scholasticus</strong></span> <span class='ocrx_word' id='word_1_7' title='bbox 2689 802 2948 868; x_wconf 87' lang='lat' dir='ltr'><strong>aiensis.</strong></span> 
     </span>
    </p>

    <p class='ocr_par' dir='ltr' id='par_1_3' title="bbox 1184 911 1948 1000">
     <span class='ocr_line' id='line_1_3' title="bbox 1184 911 1948 1000; baseline -0.001 -22"><span class='ocrx_word' id='word_1_8' title='bbox 1184 914 1361 1000; x_wconf 84' lang='lat' dir='ltr'><strong>Mag.</strong></span> <span class='ocrx_word' id='word_1_9' title='bbox 1412 913 1692 978; x_wconf 85' lang='lat' dir='ltr'><strong>Michael</strong></span> <span class='ocrx_word' id='word_1_10' title='bbox 1739 911 1948 977; x_wconf 89' lang='lat' dir='ltr'><strong>Belet.</strong></span> 
     </span>
    </p>

    <p class='ocr_par' dir='ltr' id='par_1_4' title="bbox 1182 1016 2879 1107">
     <span class='ocr_line' id='line_1_4' title="bbox 1182 1016 2879 1107; baseline -0.002 -22"><span class='ocrx_word' id='word_1_11' title='bbox 1182 1021 1359 1107; x_wconf 85' lang='lat' dir='ltr'><strong>Mag.</strong></span> <span class='ocrx_word' id='word_1_12' title='bbox 1406 1021 1714 1085; x_wconf 86' lang='lat' dir='ltr'><strong>Nicolaus</strong></span> <span class='ocrx_word' id='word_1_13' title='bbox 1760 1020 1839 1084; x_wconf 89' lang='lat' dir='ltr'><strong>de</strong></span> <span class='ocrx_word' id='word_1_14' title='bbox 1888 1018 2217 1101; x_wconf 88' lang='lat' dir='ltr'><strong>Castelli0,</strong></span> <span class='ocrx_word' id='word_1_15' title='bbox 2267 1018 2483 1103; x_wconf 91' lang='lat' dir='ltr'><strong>legum</strong></span> <span class='ocrx_word' id='word_1_16' title='bbox 2530 1016 2879 1104; x_wconf 80' lang='lat' dir='ltr'><strong>professor.</strong></span> 
     </span>
    </p>

    <p class='ocr_par' dir='ltr' id='par_1_5' title="bbox 1182 1125 2616 1212">
     <span class='ocr_line' id='line_1_5' title="bbox 1182 1125 2616 1212; baseline -0.003 -20"><span class='ocrx_word' id='word_1_17' title='bbox 1182 1128 1357 1212; x_wconf 87' lang='lat' dir='ltr'><strong>Mag.</strong></span> <span class='ocrx_word' id='word_1_18' title='bbox 1408 1127 1594 1192; x_wconf 91' lang='lat' dir='ltr'><strong>Oddo</strong></span> <span class='ocrx_word' id='word_1_19' title='bbox 1642 1126 2031 1212; x_wconf 86' lang='lat' dir='ltr'><strong>Bigatemon</strong></span> <span class='ocrx_word' id='word_1_20' title='bbox 2079 1125 2616 1210; x_wconf 87' lang='lat' dir='ltr'><strong>rothomagensis.</strong></span> 
     </span>
    </p>

    <p class='ocr_par' dir='ltr' id='par_1_6' title="bbox 1182 1232 2139 1320">
     <span class='ocr_line' id='line_1_6' title="bbox 1182 1232 2139 1320; baseline -0.003 -21"><span class='ocrx_word' id='word_1_21' title='bbox 1182 1235 1293 1300; x_wconf 87' lang='lat' dir='ltr'><strong>Fr.</strong></span> <span class='ocrx_word' id='word_1_22' title='bbox 1344 1234 1530 1300; x_wconf 84' lang='lat' dir='ltr'><strong>oddo</strong></span> <span class='ocrx_word' id='word_1_23' title='bbox 1579 1235 1754 1320; x_wconf 83' lang='lat' dir='ltr'><strong>prior</strong></span> <span class='ocrx_word' id='word_1_24' title='bbox 1800 1233 1881 1297; x_wconf 90' lang='lat' dir='ltr'><strong>de</strong></span> <span class='ocrx_word' id='word_1_25' title='bbox 1932 1232 2139 1298; x_wconf 85' lang='lat' dir='ltr'><strong>Senis.</strong></span> 
     </span>
    </p>

    <p class='ocr_par' dir='ltr' id='par_1_7' title="bbox 1180 1337 2953 1512">
     <span class='ocr_line' id='line_1_7' title="bbox 1180 1337 2953 1428; baseline -0.004 -21"><span class='ocrx_word' id='word_1_26' title='bbox 1180 1342 1264 1407; x_wconf 91' lang='lat' dir='ltr'><strong>D.</strong></span> <span class='ocrx_word' id='word_1_27' title='bbox 1315 1341 1557 1428; x_wconf 85' lang='lat' dir='ltr'><strong>Opizus</strong></span> <span class='ocrx_word' id='word_1_28' title='bbox 1606 1341 1684 1404; x_wconf 85' lang='lat' dir='ltr'><strong>de</strong></span> <span class='ocrx_word' id='word_1_29' title='bbox 1734 1340 2109 1423; x_wconf 86' lang='lat' dir='ltr'><strong>Catonibus,</strong></span> <span class='ocrx_word' id='word_1_30' title='bbox 2144 1339 2490 1404; x_wconf 86' lang='lat' dir='ltr'><strong>canonicus</strong></span> <span class='ocrx_word' id='word_1_31' title='bbox 2523 1338 2730 1402; x_wconf 87' lang='lat' dir='ltr'><strong>sancti</strong></span> <span class='ocrx_word' id='word_1_32' title='bbox 2780 1337 2953 1401; x_wconf 87' lang='lat' dir='ltr'><strong>Mar-</strong></span> 
     </span>
     <span class='ocr_line' id='line_1_8' title="bbox 1397 1448 1946 1512; baseline 0 -1"><span class='ocrx_word' id='word_1_33' title='bbox 1397 1448 1516 1512; x_wconf 83' lang='lat' dir='ltr'><strong>tini</strong></span> <span class='ocrx_word' id='word_1_34' title='bbox 1563 1448 1946 1512; x_wconf 88' lang='lat' dir='ltr'><strong>turonensis.</strong></span> 
     </span>
    </p>

    <p class='ocr_par' dir='ltr' id='par_1_8' title="bbox 1183 1551 2931 1641">
     <span class='ocr_line' id='line_1_9' title="bbox 1183 1551 2931 1641; baseline -0.003 -21"><span class='ocrx_word' id='word_1_35' title='bbox 1183 1555 1266 1620; x_wconf 90' lang='lat' dir='ltr'><strong>D.</strong></span> <span class='ocrx_word' id='word_1_36' title='bbox 1313 1555 1560 1621; x_wconf 90' lang='lat' dir='ltr'><strong>Paulus</strong></span> <span class='ocrx_word' id='word_1_37' title='bbox 1608 1576 1805 1641; x_wconf 91' lang='lat' dir='ltr'><strong>nepos</strong></span> <span class='ocrx_word' id='word_1_38' title='bbox 1853 1553 2095 1618; x_wconf 88' lang='lat' dir='ltr'><strong>domini</strong></span> <span class='ocrx_word' id='word_1_39' title='bbox 2142 1553 2425 1640; x_wconf 76' lang='lat' dir='ltr'>episcopi</span> <span class='ocrx_word' id='word_1_40' title='bbox 2475 1551 2931 1639; x_wconf 79' lang='lat' dir='ltr'><strong>vesprinensis.</strong></span> 
     </span>
    </p>

    <p class='ocr_par' dir='ltr' id='par_1_9' title="bbox 1183 1661 2086 1748">
     <span class='ocr_line' id='line_1_10' title="bbox 1183 1661 2086 1748; baseline -0.002 -21"><span class='ocrx_word' id='word_1_41' title='bbox 1183 1663 1358 1748; x_wconf 86' lang='lat' dir='ltr'><strong>Mag.</strong></span> <span class='ocrx_word' id='word_1_42' title='bbox 1410 1663 1645 1727; x_wconf 86' lang='lat' dir='ltr'><strong>Petrus</strong></span> <span class='ocrx_word' id='word_1_43' title='bbox 1695 1662 1773 1725; x_wconf 91' lang='lat' dir='ltr'><strong>de</strong></span> <span class='ocrx_word' id='word_1_44' title='bbox 1823 1661 2086 1748; x_wconf 81' lang='lat' dir='ltr'><strong>Apulia.</strong></span> 
     </span>
    </p>

    <p class='ocr_par' dir='ltr' id='par_1_10' title="bbox 1182 1764 2952 1958">
     <span class='ocr_line' id='line_1_11' title="bbox 1182 1764 2952 1856; baseline -0.003 -22"><span class='ocrx_word' id='word_1_45' title='bbox 1182 1770 1358 1856; x_wconf 85' lang='lat' dir='ltr'><strong>Mag.</strong></span> <span class='ocrx_word' id='word_1_46' title='bbox 1407 1770 1641 1834; x_wconf 89' lang='lat' dir='ltr'><strong>Petrus</strong></span> <span class='ocrx_word' id='word_1_47' title='bbox 1687 1768 1768 1832; x_wconf 90' lang='lat' dir='ltr'><strong>de</strong></span> <span class='ocrx_word' id='word_1_48' title='bbox 1819 1767 2057 1854; x_wconf 73' lang='lat' dir='ltr'><strong>Schph.</strong></span> <span class='ocrx_word' id='word_1_49' title='bbox 2107 1774 2486 1854; x_wconf 87' lang='lat' dir='ltr'><strong>procurator</strong></span> <span class='ocrx_word' id='word_1_50' title='bbox 2546 1766 2791 1832; x_wconf 87' lang='lat' dir='ltr'><strong>domini</strong></span> <span class='ocrx_word' id='word_1_51' title='bbox 2853 1764 2952 1830; x_wconf 87' lang='lat' dir='ltr'><strong>Si·</strong></span> 
     </span>
     <span class='ocr_line' id='line_1_12' title="bbox 1396 1873 2868 1958; baseline -0.003 -17"><span class='ocrx_word' id='word_1_52' title='bbox 1396 1877 1623 1958; x_wconf 89' lang='lat' dir='ltr'><strong>monis,</strong></span> <span class='ocrx_word' id='word_1_53' title='bbox 1659 1876 1913 1940; x_wconf 86' lang='lat' dir='ltr'><strong>abbatis</strong></span> <span class='ocrx_word' id='word_1_54' title='bbox 1945 1883 2166 1939; x_wconf 89' lang='lat' dir='ltr'><strong>sancte</strong></span> <span class='ocrx_word' id='word_1_55' title='bbox 2201 1875 2406 1939; x_wconf 90' lang='lat' dir='ltr'><strong>Marie</strong></span> <span class='ocrx_word' id='word_1_56' title='bbox 2438 1873 2868 1940; x_wconf 74' lang='lat' dir='ltr'><strong>eboracensis.</strong></span> 
     </span>
    </p>

    <p class='ocr_par' dir='ltr' id='par_1_11' title="bbox 1184 1981 2048 2070">
     <span class='ocr_line' id='line_1_13' title="bbox 1184 1981 2048 2070; baseline -0.002 -21"><span class='ocrx_word' id='word_1_57' title='bbox 1184 1984 1360 2070; x_wconf 85' lang='lat' dir='ltr'><strong>Mag.</strong></span> <span class='ocrx_word' id='word_1_58' title='bbox 1408 1984 1642 2048; x_wconf 86' lang='lat' dir='ltr'><strong>Petrus</strong></span> <span class='ocrx_word' id='word_1_59' title='bbox 1692 1983 1770 2047; x_wconf 91' lang='lat' dir='ltr'><strong>de</strong></span> <span class='ocrx_word' id='word_1_60' title='bbox 1817 1981 2048 2047; x_wconf 86' lang='lat' dir='ltr'><strong>Prura.</strong></span> 
     </span>
    </p>

    <p class='ocr_par' dir='ltr' id='par_1_12' title="bbox 1182 2089 2623 2176">
     <span class='ocr_line' id='line_1_14' title="bbox 1182 2089 2623 2176; baseline -0.001 -20"><span class='ocrx_word' id='word_1_61' title='bbox 1182 2092 1264 2157; x_wconf 94' lang='lat' dir='ltr'><strong>D.</strong></span> <span class='ocrx_word' id='word_1_62' title='bbox 1311 2092 1546 2156; x_wconf 85' lang='lat' dir='ltr'><strong>Petrus</strong></span> <span class='ocrx_word' id='word_1_63' title='bbox 1594 2090 1884 2173; x_wconf 89' lang='lat' dir='ltr'><strong>Bodocii,</strong></span> <span class='ocrx_word' id='word_1_64' title='bbox 1931 2090 2109 2176; x_wconf 88' lang='lat' dir='ltr'><strong>prior</strong></span> <span class='ocrx_word' id='word_1_65' title='bbox 2154 2090 2233 2154; x_wconf 91' lang='lat' dir='ltr'><strong>de</strong></span> <span class='ocrx_word' id='word_1_66' title='bbox 2282 2089 2623 2155; x_wconf 81' lang='lat' dir='ltr'><strong>AnicianO.</strong></span> 
     </span>
    </p>

    <p class='ocr_par' dir='ltr' id='par_1_13' title="bbox 1182 2196 2949 2280">
     <span class='ocr_line' id='line_1_15' title="bbox 1182 2196 2949 2280; baseline -0.001 -17"><span class='ocrx_word' id='word_1_67' title='bbox 1182 2200 1263 2264; x_wconf 94' lang='lat' dir='ltr'><strong>D.</strong></span> <span class='ocrx_word' id='word_1_68' title='bbox 1311 2199 1546 2263; x_wconf 84' lang='lat' dir='ltr'><strong>Petrus</strong></span> <span class='ocrx_word' id='word_1_69' title='bbox 1595 2198 1675 2262; x_wconf 92' lang='grc'><strong>(19</strong></span> <span class='ocrx_word' id='word_1_70' title='bbox 1726 2197 2051 2280; x_wconf 83' lang='lat' dir='ltr'><strong>Sanxone,</strong></span> <span class='ocrx_word' id='word_1_71' title='bbox 2089 2198 2436 2262; x_wconf 87' lang='lat' dir='ltr'><strong>canonicus</strong></span> <span class='ocrx_word' id='word_1_72' title='bbox 2485 2196 2949 2261; x_wconf 86' lang='grc'>991999999919.</span> 
     </span>
    </p>

    <p class='ocr_par' dir='ltr' id='par_1_14' title="bbox 1180 2304 2950 2391">
     <span class='ocr_line' id='line_1_16' title="bbox 1180 2304 2950 2391; baseline -0.002 -20"><span class='ocrx_word' id='word_1_73' title='bbox 1180 2307 1262 2372; x_wconf 90' lang='lat' dir='ltr'><strong>D.</strong></span> <span class='ocrx_word' id='word_1_74' title='bbox 1290 2306 1524 2371; x_wconf 87' lang='lat' dir='ltr'><strong>Petrus</strong></span> <span class='ocrx_word' id='word_1_75' title='bbox 1558 2305 1637 2370; x_wconf 89' lang='lat' dir='ltr'><strong>de</strong></span> <span class='ocrx_word' id='word_1_76' title='bbox 1665 2305 2076 2391; x_wconf 85' lang='lat' dir='ltr'><strong>Argenteria,</strong></span> <span class='ocrx_word' id='word_1_77' title='bbox 2104 2305 2273 2369; x_wconf 83' lang='lat' dir='ltr'><strong>filius</strong></span> <span class='ocrx_word' id='word_1_78' title='bbox 2306 2304 2549 2370; x_wconf 89' lang='lat' dir='ltr'><strong>domini</strong></span> <span class='ocrx_word' id='word_1_79' title='bbox 2579 2304 2950 2390; x_wconf 86' lang='lat' dir='ltr'><strong>Reginaldi.</strong></span> 
     </span>
    </p>

    <p class='ocr_par' dir='ltr' id='par_1_15' title="bbox 1179 2412 2951 2608">
     <span class='ocr_line' id='line_1_17' title="bbox 1179 2412 2951 2501; baseline 0 -25"><span class='ocrx_word' id='word_1_80' title='bbox 1179 2414 1345 2479; x_wconf 78' lang='lat' dir='ltr'><strong>Ven.</strong></span> <span class='ocrx_word' id='word_1_81' title='bbox 1388 2421 1574 2501; x_wconf 87' lang='lat' dir='ltr'><strong>pater</strong></span> <span class='ocrx_word' id='word_1_82' title='bbox 1622 2414 1875 2495; x_wconf 76' lang='lat' dir='ltr'><strong>PetruS,</strong></span> <span class='ocrx_word' id='word_1_83' title='bbox 1910 2413 2321 2477; x_wconf 86' lang='lat' dir='ltr'><strong>miseratione</strong></span> <span class='ocrx_word' id='word_1_84' title='bbox 2371 2412 2589 2476; x_wconf 81' lang='lat' dir='ltr'><strong>divina</strong></span> <span class='ocrx_word' id='word_1_85' title='bbox 2634 2412 2951 2499; x_wconf 88' lang='lat' dir='ltr'><strong>archiepi-</strong></span> 
     </span>
     <span class='ocr_line' id='line_1_18' title="bbox 1392 2521 2049 2608; baseline -0.002 -22"><span class='ocrx_word' id='word_1_86' title='bbox 1392 2543 1625 2608; x_wconf 85' lang='lat' dir='ltr'><strong>scopus</strong></span> <span class='ocrx_word' id='word_1_87' title='bbox 1674 2521 2049 2585; x_wconf 81' lang='lat' dir='ltr'><strong>corinthius.</strong></span> 
     </span>
    </p>

    <p class='ocr_par' dir='ltr' id='par_1_16' title="bbox 1179 2627 2720 2710">
     <span class='ocr_line' id='line_1_19' title="bbox 1179 2627 2720 2710; baseline 0 -18"><span class='ocrx_word' id='word_1_88' title='bbox 1179 2628 1262 2693; x_wconf 94' lang='lat' dir='ltr'><strong>D.</strong></span> <span class='ocrx_word' id='word_1_89' title='bbox 1312 2629 1547 2694; x_wconf 88' lang='lat' dir='ltr'><strong>Petrus</strong></span> <span class='ocrx_word' id='word_1_90' title='bbox 1597 2628 1962 2710; x_wconf 87' lang='lat' dir='ltr'><strong>Guarnerii,</strong></span> <span class='ocrx_word' id='word_1_91' title='bbox 2012 2628 2281 2692; x_wconf 82' lang='lat' dir='ltr'><strong>sacrista</strong></span> <span class='ocrx_word' id='word_1_92' title='bbox 2327 2627 2720 2692; x_wconf 82' lang='lat' dir='ltr'><strong>ludonensis.</strong></span> 
     </span>
    </p>

    <p class='ocr_par' dir='ltr' id='par_1_17' title="bbox 1179 2735 2370 2801">
     <span class='ocr_line' id='line_1_20' title="bbox 1179 2735 2370 2801; baseline -0.003 0"><span class='ocrx_word' id='word_1_93' title='bbox 1179 2736 1261 2801; x_wconf 92' lang='lat' dir='ltr'><strong>D.</strong></span> <span class='ocrx_word' id='word_1_94' title='bbox 1311 2736 1547 2800; x_wconf 83' lang='lat' dir='ltr'><strong>Petrus</strong></span> <span class='ocrx_word' id='word_1_95' title='bbox 1596 2735 1881 2800; x_wconf 90' lang='lat' dir='ltr'><strong>Blancus</strong></span> <span class='ocrx_word' id='word_1_96' title='bbox 1929 2736 2007 2799; x_wconf 91' lang='lat' dir='ltr'><strong>de</strong></span> <span class='ocrx_word' id='word_1_97' title='bbox 2054 2735 2370 2798; x_wconf 86' lang='lat' dir='ltr'><strong>Lavania.</strong></span> 
     </span>
    </p>

    <p class='ocr_par' dir='ltr' id='par_1_18' title="bbox 1180 2841 2601 2908">
     <span class='ocr_line' id='line_1_21' title="bbox 1180 2841 2601 2908; baseline -0.001 0"><span class='ocrx_word' id='word_1_98' title='bbox 1180 2844 1263 2908; x_wconf 89' lang='lat' dir='ltr'><strong>D.</strong></span> <span class='ocrx_word' id='word_1_99' title='bbox 1312 2843 1546 2908; x_wconf 88' lang='lat' dir='ltr'><strong>Petrus</strong></span> <span class='ocrx_word' id='word_1_100' title='bbox 1597 2841 1850 2908; x_wconf 88' lang='lat' dir='ltr'><strong>Onofrii</strong></span> <span class='ocrx_word' id='word_1_101' title='bbox 1898 2843 2066 2907; x_wconf 84' lang='lat' dir='ltr'><strong>filius</strong></span> <span class='ocrx_word' id='word_1_102' title='bbox 2115 2842 2353 2907; x_wconf 89' lang='lat' dir='ltr'><strong>domini</strong></span> <span class='ocrx_word' id='word_1_103' title='bbox 2399 2842 2601 2906; x_wconf 83' lang='lat' dir='ltr'><strong>Petri.</strong></span> 
     </span>
    </p>

    <p class='ocr_par' dir='ltr' id='par_1_19' title="bbox 1177 2949 2953 3123">
     <span class='ocr_line' id='line_1_22' title="bbox 1177 2949 2953 3037; baseline -0.002 -21"><span class='ocrx_word' id='word_1_104' title='bbox 1177 2951 1355 3037; x_wconf 88' lang='lat' dir='ltr'><strong>Mag.</strong></span> <span class='ocrx_word' id='word_1_105' title='bbox 1389 2951 1731 3037; x_wconf 90' lang='lat' dir='ltr'><strong>Philippus</strong></span> <span class='ocrx_word' id='word_1_106' title='bbox 1781 2951 1859 3014; x_wconf 89' lang='lat' dir='ltr'><strong>de</strong></span> <span class='ocrx_word' id='word_1_107' title='bbox 1908 2951 2235 3015; x_wconf 87' lang='lat' dir='ltr'><strong>Plessiaco</strong></span> <span class='ocrx_word' id='word_1_108' title='bbox 2276 2949 2445 3013; x_wconf 86' lang='lat' dir='ltr'><strong>filius</strong></span> <span class='ocrx_word' id='word_1_109' title='bbox 2479 2949 2722 3014; x_wconf 88' lang='lat' dir='ltr'><strong>domini</strong></span> <span class='ocrx_word' id='word_1_110' title='bbox 2752 2950 2953 3036; x_wconf 90' lang='lat' dir='ltr'><strong>Regi-</strong></span> 
     </span>
     <span class='ocr_line' id='line_1_23' title="bbox 1395 3059 1601 3123; baseline -0.01 0"><span class='ocrx_word' id='word_1_111' title='bbox 1395 3059 1601 3123; x_wconf 89' lang='lat' dir='ltr'><strong>nardi.</strong></span> 
     </span>
    </p>

    <p class='ocr_par' dir='ltr' id='par_1_20' title="bbox 1179 3164 2954 3337">
     <span class='ocr_line' id='line_1_24' title="bbox 1179 3164 2954 3252; baseline -0.001 -20"><span class='ocrx_word' id='word_1_112' title='bbox 1179 3167 1261 3232; x_wconf 93' lang='lat' dir='ltr'><strong>D.</strong></span> <span class='ocrx_word' id='word_1_113' title='bbox 1297 3166 1640 3252; x_wconf 89' lang='lat' dir='ltr'><strong>Philippus</strong></span> <span class='ocrx_word' id='word_1_114' title='bbox 1674 3164 1753 3229; x_wconf 89' lang='lat' dir='ltr'><strong>de</strong></span> <span class='ocrx_word' id='word_1_115' title='bbox 1803 3165 2095 3247; x_wconf 79' lang='lat' dir='ltr'><strong>PaxanO,</strong></span> <span class='ocrx_word' id='word_1_116' title='bbox 2131 3165 2477 3231; x_wconf 88' lang='lat' dir='ltr'><strong>canonicus</strong></span> <span class='ocrx_word' id='word_1_117' title='bbox 2523 3166 2793 3230; x_wconf 85' lang='lat' dir='ltr'><strong>ecclesie</strong></span> <span class='ocrx_word' id='word_1_118' title='bbox 2843 3187 2954 3230; x_wconf 90' lang='lat' dir='ltr'><strong>an-</strong></span> 
     </span>
     <span class='ocr_line' id='line_1_25' title="bbox 1397 3272 1776 3337; baseline -0.005 0"><span class='ocrx_word' id='word_1_119' title='bbox 1397 3272 1776 3337; x_wconf 77' lang='lat' dir='ltr'><strong>teradensiS.</strong></span> 
     </span>
    </p>

    <p class='ocr_par' dir='ltr' id='par_1_21' title="bbox 1176 3378 2951 3553">
     <span class='ocr_line' id='line_1_26' title="bbox 1176 3378 2951 3467; baseline -0.001 -21"><span class='ocrx_word' id='word_1_120' title='bbox 1176 3382 1260 3446; x_wconf 94' lang='lat' dir='ltr'><strong>D.</strong></span> <span class='ocrx_word' id='word_1_121' title='bbox 1308 3380 1651 3467; x_wconf 89' lang='lat' dir='ltr'><strong>Philippus</strong></span> <span class='ocrx_word' id='word_1_122' title='bbox 1698 3378 1779 3442; x_wconf 91' lang='lat' dir='ltr'><strong>de</strong></span> <span class='ocrx_word' id='word_1_123' title='bbox 1825 3378 2367 3464; x_wconf 74' lang='lat' dir='ltr'><strong>vicecomitibus,</strong></span> <span class='ocrx_word' id='word_1_124' title='bbox 2417 3381 2763 3445; x_wconf 88' lang='lat' dir='ltr'><strong>canonicus</strong></span> <span class='ocrx_word' id='word_1_125' title='bbox 2809 3380 2951 3467; x_wconf 90' lang='lat' dir='ltr'><strong>pla-</strong></span> 
     </span>
     <span class='ocr_line' id='line_1_27' title="bbox 1399 3489 1714 3553; baseline -0.01 0"><span class='ocrx_word' id='word_1_126' title='bbox 1399 3489 1714 3553; x_wconf 88' lang='lat' dir='ltr'><strong>centinus.</strong></span> 
     </span>
    </p>

    <p class='ocr_par' dir='ltr' id='par_1_22' title="bbox 1176 3593 2480 3681">
     <span class='ocr_line' id='line_1_28' title="bbox 1176 3593 2480 3681; baseline -0.002 -20"><span class='ocrx_word' id='word_1_127' title='bbox 1176 3596 1354 3681; x_wconf 87' lang='lat' dir='ltr'><strong>Mag.</strong></span> <span class='ocrx_word' id='word_1_128' title='bbox 1403 3595 1676 3660; x_wconf 89' lang='lat' dir='ltr'><strong>Pontius</strong></span> <span class='ocrx_word' id='word_1_129' title='bbox 1726 3593 2048 3658; x_wconf 86' lang='lat' dir='ltr'><strong>Armanni</strong></span> <span class='ocrx_word' id='word_1_130' title='bbox 2095 3593 2174 3657; x_wconf 89' lang='grc'><strong>(19</strong></span> <span class='ocrx_word' id='word_1_131' title='bbox 2221 3593 2480 3659; x_wconf 85' lang='lat' dir='ltr'><strong>Tolosa.</strong></span> 
     </span>
    </p>

    <p class='ocr_par' dir='ltr' id='par_1_23' title="bbox 1176 3699 2949 3789">
     <span class='ocr_line' id='line_1_29' title="bbox 1176 3699 2949 3789; baseline -0.001 -22"><span class='ocrx_word' id='word_1_132' title='bbox 1176 3702 1261 3768; x_wconf 94' lang='lat' dir='ltr'><strong>D.</strong></span> <span class='ocrx_word' id='word_1_133' title='bbox 1310 3701 1738 3789; x_wconf 82' lang='lat' dir='ltr'><strong>Raymundus</strong></span> <span class='ocrx_word' id='word_1_134' title='bbox 1785 3699 2064 3784; x_wconf 85' lang='lat' dir='ltr'><strong>Alfredi,</strong></span> <span class='ocrx_word' id='word_1_135' title='bbox 2106 3701 2451 3766; x_wconf 82' lang='lat' dir='ltr'><strong>canonicus</strong></span> <span class='ocrx_word' id='word_1_136' title='bbox 2497 3700 2949 3766; x_wconf 87' lang='lat' dir='ltr'><strong>belluacensis.</strong></span> 
     </span>
    </p>

    <p class='ocr_par' dir='ltr' id='par_1_24' title="bbox 1177 3808 2949 3983">
     <span class='ocr_line' id='line_1_30' title="bbox 1177 3808 2949 3897; baseline -0.002 -21"><span class='ocrx_word' id='word_1_137' title='bbox 1177 3810 1262 3876; x_wconf 92' lang='lat' dir='ltr'><strong>D.</strong></span> <span class='ocrx_word' id='word_1_138' title='bbox 1311 3808 1737 3897; x_wconf 78' lang='lat' dir='ltr'><strong>Raymundus</strong></span> <span class='ocrx_word' id='word_1_139' title='bbox 1784 3808 1864 3873; x_wconf 92' lang='grc'><strong>(19</strong></span> <span class='ocrx_word' id='word_1_140' title='bbox 1914 3808 2361 3891; x_wconf 88' lang='lat' dir='ltr'><strong>Columberiis,</strong></span> <span class='ocrx_word' id='word_1_141' title='bbox 2397 3809 2741 3873; x_wconf 88' lang='lat' dir='ltr'><strong>canonicus</strong></span> <span class='ocrx_word' id='word_1_142' title='bbox 2787 3808 2949 3873; x_wconf 93' lang='lat' dir='ltr'><strong>bite-</strong></span> 
     </span>
     <span class='ocr_line' id='line_1_31' title="bbox 1394 3919 1621 3983; baseline -0.013 0"><span class='ocrx_word' id='word_1_143' title='bbox 1394 3919 1621 3983; x_wconf 88' lang='lat' dir='ltr'><strong>rensis.</strong></span> 
     </span>
    </p>

    <p class='ocr_par' dir='ltr' id='par_1_25' title="bbox 1175 4022 2859 4112">
     <span class='ocr_line' id='line_1_32' title="bbox 1175 4022 2859 4112; baseline -0.002 -21"><span class='ocrx_word' id='word_1_144' title='bbox 1175 4027 1258 4091; x_wconf 93' lang='lat' dir='ltr'><strong>D.</strong></span> <span class='ocrx_word' id='word_1_145' title='bbox 1306 4025 1736 4112; x_wconf 81' lang='lat' dir='ltr'><strong>Raymundus</strong></span> <span class='ocrx_word' id='word_1_146' title='bbox 1785 4024 2047 4105; x_wconf 90' lang='lat' dir='ltr'><strong>Albani,</strong></span> <span class='ocrx_word' id='word_1_147' title='bbox 2099 4024 2274 4110; x_wconf 89' lang='lat' dir='ltr'><strong>prior</strong></span> <span class='ocrx_word' id='word_1_148' title='bbox 2323 4022 2535 4088; x_wconf 85' lang='lat' dir='ltr'><strong>Castri</strong></span> <span class='ocrx_word' id='word_1_149' title='bbox 2580 4022 2859 4088; x_wconf 88' lang='lat' dir='ltr'><strong>Veteris.</strong></span> 
     </span>
    </p>

    <p class='ocr_par' dir='ltr' id='par_1_26' title="bbox 1174 4131 2952 4328">
     <span class='ocr_line' id='line_1_33' title="bbox 1174 4131 2952 4220; baseline -0.002 -21"><span class='ocrx_word' id='word_1_150' title='bbox 1174 4134 1258 4199; x_wconf 93' lang='lat' dir='ltr'><strong>D.</strong></span> <span class='ocrx_word' id='word_1_151' title='bbox 1331 4133 1762 4220; x_wconf 81' lang='lat' dir='ltr'><strong>Raymundus</strong></span> <span class='ocrx_word' id='word_1_152' title='bbox 1831 4131 2186 4215; x_wconf 88' lang='lat' dir='ltr'><strong>Alfredus,</strong></span> <span class='ocrx_word' id='word_1_153' title='bbox 2258 4131 2632 4218; x_wconf 84' lang='lat' dir='ltr'><strong>capellanus</strong></span> <span class='ocrx_word' id='word_1_154' title='bbox 2709 4131 2952 4195; x_wconf 88' lang='lat' dir='ltr'><strong>domini</strong></span> 
     </span>
     <span class='ocr_line' id='line_1_34' title="bbox 1391 4241 1596 4328; baseline 0 -23"><span class='ocrx_word' id='word_1_155' title='bbox 1391 4241 1596 4328; x_wconf 89' lang='lat' dir='ltr'><strong>Pape.</strong></span> 
     </span>
    </p>

    <p class='ocr_par' dir='ltr' id='par_1_27' title="bbox 1175 4344 2950 4521">
     <span class='ocr_line' id='line_1_35' title="bbox 1175 4344 2950 4434; baseline -0.002 -20"><span class='ocrx_word' id='word_1_156' title='bbox 1175 4349 1258 4414; x_wconf 94' lang='lat' dir='ltr'><strong>D.</strong></span> <span class='ocrx_word' id='word_1_157' title='bbox 1309 4347 1738 4434; x_wconf 81' lang='lat' dir='ltr'><strong>Raymundus</strong></span> <span class='ocrx_word' id='word_1_158' title='bbox 1788 4346 1868 4410; x_wconf 92' lang='grc'><strong>(19</strong></span> <span class='ocrx_word' id='word_1_159' title='bbox 1914 4344 2285 4427; x_wconf 88' lang='lat' dir='ltr'><strong>Parbando,</strong></span> <span class='ocrx_word' id='word_1_160' title='bbox 2335 4346 2605 4410; x_wconf 89' lang='lat' dir='ltr'><strong>sacrista</strong></span> <span class='ocrx_word' id='word_1_161' title='bbox 2660 4345 2950 4431; x_wconf 88' lang='lat' dir='ltr'><strong>magalo-</strong></span> 
     </span>
     <span class='ocr_line' id='line_1_36' title="bbox 1396 4456 1634 4521; baseline -0.013 0"><span class='ocrx_word' id='word_1_162' title='bbox 1396 4456 1634 4521; x_wconf 83' lang='lat' dir='ltr'><strong>nensis.</strong></span> 
     </span>
    </p>

    <p class='ocr_par' dir='ltr' id='par_1_28' title="bbox 1175 4561 2270 4650">
     <span class='ocr_line' id='line_1_37' title="bbox 1175 4561 2270 4650; baseline -0.003 -21"><span class='ocrx_word' id='word_1_163' title='bbox 1175 4564 1352 4650; x_wconf 89' lang='lat' dir='ltr'><strong>Mag.</strong></span> <span class='ocrx_word' id='word_1_164' title='bbox 1402 4563 1784 4650; x_wconf 82' lang='lat' dir='ltr'><strong>Raynaldus</strong></span> <span class='ocrx_word' id='word_1_165' title='bbox 1831 4562 1912 4626; x_wconf 91' lang='grc'><strong>(19</strong></span> <span class='ocrx_word' id='word_1_166' title='bbox 1962 4561 2270 4626; x_wconf 87' lang='lat' dir='ltr'><strong>Molanto.</strong></span> 
     </span>
    </p>

    <p class='ocr_par' dir='ltr' id='par_1_29' title="bbox 1173 4667 2808 4756">
     <span class='ocr_line' id='line_1_38' title="bbox 1173 4667 2808 4756; baseline -0.003 -20"><span class='ocrx_word' id='word_1_167' title='bbox 1173 4671 1255 4736; x_wconf 94' lang='lat' dir='ltr'><strong>D.</strong></span> <span class='ocrx_word' id='word_1_168' title='bbox 1306 4671 1675 4756; x_wconf 81' lang='lat' dir='ltr'><strong>Rayuerius</strong></span> <span class='ocrx_word' id='word_1_169' title='bbox 1721 4670 1801 4733; x_wconf 87' lang='lat' dir='ltr'><strong>de</strong></span> <span class='ocrx_word' id='word_1_170' title='bbox 1853 4669 2060 4751; x_wconf 90' lang='lat' dir='ltr'><strong>Senis,</strong></span> <span class='ocrx_word' id='word_1_171' title='bbox 2110 4667 2334 4733; x_wconf 86' lang='lat' dir='ltr'><strong>doctor</strong></span> <span class='ocrx_word' id='word_1_172' title='bbox 2381 4668 2808 4733; x_wconf 86' lang='lat' dir='ltr'><strong>decretorum.</strong></span> 
     </span>
    </p>

    <p class='ocr_par' dir='ltr' id='par_1_30' title="bbox 1174 4774 2948 4865">
     <span class='ocr_line' id='line_1_39' title="bbox 1174 4774 2948 4865; baseline -0.002 -21"><span class='ocrx_word' id='word_1_173' title='bbox 1174 4778 1351 4865; x_wconf 86' lang='lat' dir='ltr'><strong>Mag.</strong></span> <span class='ocrx_word' id='word_1_174' title='bbox 1402 4777 1746 4859; x_wconf 89' lang='lat' dir='ltr'><strong>Rodulfus,</strong></span> <span class='ocrx_word' id='word_1_175' title='bbox 1780 4784 1993 4841; x_wconf 90' lang='lat' dir='ltr'><strong>rector</strong></span> <span class='ocrx_word' id='word_1_176' title='bbox 2039 4776 2307 4842; x_wconf 88' lang='lat' dir='ltr'><strong>ecclesie</strong></span> <span class='ocrx_word' id='word_1_177' title='bbox 2354 4775 2434 4839; x_wconf 90' lang='lat' dir='ltr'><strong>de</strong></span> <span class='ocrx_word' id='word_1_178' title='bbox 2481 4775 2654 4840; x_wconf 80' lang='lat' dir='ltr'><strong>valle</strong></span> <span class='ocrx_word' id='word_1_179' title='bbox 2700 4774 2948 4861; x_wconf 87' lang='lat' dir='ltr'><strong>Ligiar.</strong></span> 
     </span>
    </p>

    <p class='ocr_par' dir='ltr' id='par_1_31' title="bbox 1175 4883 2285 4972">
     <span class='ocr_line' id='line_1_40' title="bbox 1175 4883 2285 4972; baseline -0.002 -21"><span class='ocrx_word' id='word_1_180' title='bbox 1175 4886 1352 4972; x_wconf 86' lang='lat' dir='ltr'><strong>Mag.</strong></span> <span class='ocrx_word' id='word_1_181' title='bbox 1402 4884 1808 4970; x_wconf 88' lang='lat' dir='ltr'><strong>Reginaldus</strong></span> <span class='ocrx_word' id='word_1_182' title='bbox 1856 4883 1937 4949; x_wconf 92' lang='grc'><strong>(19</strong></span> <span class='ocrx_word' id='word_1_183' title='bbox 1982 4884 2285 4949; x_wconf 88' lang='lat' dir='ltr'><strong>Murleto.</strong></span> 
     </span>
    </p>

    <p class='ocr_par' dir='ltr' id='par_1_32' title="bbox 1172 4989 2947 5164">
     <span class='ocr_line' id='line_1_41' title="bbox 1172 4989 2947 5074; baseline -0.002 -15"><span class='ocrx_word' id='word_1_184' title='bbox 1172 4993 1255 5059; x_wconf 88' lang='lat' dir='ltr'><strong>D.</strong></span> <span class='ocrx_word' id='word_1_185' title='bbox 1308 4993 1638 5058; x_wconf 85' lang='lat' dir='ltr'><strong>Robertus</strong></span> <span class='ocrx_word' id='word_1_186' title='bbox 1684 4991 1763 5056; x_wconf 91' lang='grc'><strong>(19</strong></span> <span class='ocrx_word' id='word_1_187' title='bbox 1810 4991 2109 5074; x_wconf 88' lang='lat' dir='ltr'><strong>Kirkam,</strong></span> <span class='ocrx_word' id='word_1_188' title='bbox 2142 4998 2353 5056; x_wconf 92' lang='lat' dir='ltr'><strong>rector</strong></span> <span class='ocrx_word' id='word_1_189' title='bbox 2415 4989 2684 5055; x_wconf 89' lang='lat' dir='ltr'><strong>ecclesie</strong></span> <span class='ocrx_word' id='word_1_190' title='bbox 2738 5013 2790 5054; x_wconf 92' lang='lat' dir='ltr'><strong>s.</strong></span> <span class='ocrx_word' id='word_1_191' title='bbox 2827 5037 2842 5053; x_wconf 97' lang='lat'><strong>.</strong></span> <span class='ocrx_word' id='word_1_192' title='bbox 2879 5038 2895 5054; x_wconf 93' lang='lat'><strong>.</strong></span> <span class='ocrx_word' id='word_1_193' title='bbox 2932 5037 2947 5055; x_wconf 92' lang='lat'><strong>.</strong></span> 
     </span>
     <span class='ocr_line' id='line_1_42' title="bbox 1389 5098 2232 5164; baseline -0.001 -1"><span class='ocrx_word' id='word_1_194' title='bbox 1389 5099 1893 5164; x_wconf 89' lang='lat' dir='ltr'><strong>dumelianensis</strong></span> <span class='ocrx_word' id='word_1_195' title='bbox 1940 5098 2232 5163; x_wconf 88' lang='lat' dir='ltr'><strong>diocesis.</strong></span> 
     </span>
    </p>

    <p class='ocr_par' dir='ltr' id='par_1_33' title="bbox 1178 5203 2951 5379">
     <span class='ocr_line' id='line_1_43' title="bbox 1178 5203 2951 5289; baseline -0.003 -16"><span class='ocrx_word' id='word_1_196' title='bbox 1178 5208 1261 5273; x_wconf 90' lang='lat' dir='ltr'><strong>D.</strong></span> <span class='ocrx_word' id='word_1_197' title='bbox 1289 5207 1617 5272; x_wconf 83' lang='lat' dir='ltr'><strong>Robertus</strong></span> <span class='ocrx_word' id='word_1_198' title='bbox 1647 5205 1727 5269; x_wconf 89' lang='lat' dir='ltr'><strong>de</strong></span> <span class='ocrx_word' id='word_1_199' title='bbox 1763 5205 2091 5270; x_wconf 80' lang='lat' dir='ltr'><strong>Grislavia</strong></span> <span class='ocrx_word' id='word_1_200' title='bbox 2117 5206 2216 5288; x_wconf 86' lang='lat'><strong>(¹),</strong></span> <span class='ocrx_word' id='word_1_201' title='bbox 2251 5204 2476 5269; x_wconf 87' lang='lat' dir='ltr'><strong>doctor</strong></span> <span class='ocrx_word' id='word_1_202' title='bbox 2506 5203 2746 5289; x_wconf 91' lang='lat' dir='ltr'><strong>legum,</strong></span> <span class='ocrx_word' id='word_1_203' title='bbox 2781 5203 2951 5267; x_wconf 86' lang='lat' dir='ltr'><strong>filius</strong></span> 
     </span>
     <span class='ocr_line' id='line_1_44' title="bbox 1392 5312 2032 5379; baseline -0.003 0"><span class='ocrx_word' id='word_1_204' title='bbox 1392 5313 1637 5379; x_wconf 90' lang='lat' dir='ltr'><strong>domini</strong></span> <span class='ocrx_word' id='word_1_205' title='bbox 1683 5312 2032 5378; x_wconf 87' lang='lat' dir='ltr'><strong>Alisardei.</strong></span> 
     </span>
    </p>

    <p class='ocr_par' dir='ltr' id='par_1_34' title="bbox 1171 5418 2229 5508">
     <span class='ocr_line' id='line_1_45' title="bbox 1171 5418 2229 5508; baseline -0.004 -21"><span class='ocrx_word' id='word_1_206' title='bbox 1171 5423 1349 5508; x_wconf 89' lang='lat' dir='ltr'><strong>Mag.</strong></span> <span class='ocrx_word' id='word_1_207' title='bbox 1398 5421 1725 5486; x_wconf 85' lang='lat' dir='ltr'><strong>Robertus</strong></span> <span class='ocrx_word' id='word_1_208' title='bbox 1774 5419 1853 5484; x_wconf 90' lang='lat' dir='ltr'><strong>de</strong></span> <span class='ocrx_word' id='word_1_209' title='bbox 1904 5418 2229 5484; x_wconf 87' lang='lat' dir='ltr'><strong>Chriohia.</strong></span> 
     </span>
    </p>

    <p class='ocr_par' dir='ltr' id='par_1_35' title="bbox 1172 5526 2778 5613">
     <span class='ocr_line' id='line_1_46' title="bbox 1172 5526 2778 5613; baseline -0.004 -18"><span class='ocrx_word' id='word_1_210' title='bbox 1172 5531 1350 5613; x_wconf 89' lang='lat' dir='ltr'><strong>Mag.</strong></span> <span class='ocrx_word' id='word_1_211' title='bbox 1399 5529 1743 5611; x_wconf 85' lang='lat' dir='ltr'><strong>Rodulfus,</strong></span> <span class='ocrx_word' id='word_1_212' title='bbox 1794 5529 2001 5592; x_wconf 88' lang='lat' dir='ltr'><strong>dictus</strong></span> <span class='ocrx_word' id='word_1_213' title='bbox 2052 5526 2413 5609; x_wconf 80' lang='lat' dir='ltr'><strong>Gallexius,</strong></span> <span class='ocrx_word' id='word_1_214' title='bbox 2464 5526 2778 5611; x_wconf 88' lang='lat' dir='ltr'><strong>anglicus.</strong></span> 
     </span>
    </p>

    <p class='ocr_par' dir='ltr' id='par_1_36' title="bbox 1170 5632 2949 5830">
     <span class='ocr_line' id='line_1_47' title="bbox 1170 5632 2949 5725; baseline -0.003 -22"><span class='ocrx_word' id='word_1_215' title='bbox 1170 5639 1348 5725; x_wconf 85' lang='lat' dir='ltr'><strong>Mag.</strong></span> <span class='ocrx_word' id='word_1_216' title='bbox 1398 5637 1722 5721; x_wconf 88' lang='lat' dir='ltr'><strong>Rogerius</strong></span> <span class='ocrx_word' id='word_1_217' title='bbox 1771 5636 1850 5701; x_wconf 89' lang='lat' dir='ltr'><strong>de</strong></span> <span class='ocrx_word' id='word_1_218' title='bbox 1893 5636 2260 5718; x_wconf 87' lang='lat' dir='ltr'><strong>Leuriten.,</strong></span> <span class='ocrx_word' id='word_1_219' title='bbox 2295 5642 2507 5699; x_wconf 88' lang='lat' dir='ltr'><strong>rector</strong></span> <span class='ocrx_word' id='word_1_220' title='bbox 2551 5634 2822 5698; x_wconf 91' lang='lat' dir='ltr'><strong>ecclesie</strong></span> <span class='ocrx_word' id='word_1_221' title='bbox 2869 5632 2949 5697; x_wconf 90' lang='lat' dir='ltr'><strong>de</strong></span> 
     </span>
     <span class='ocr_line' id='line_1_48' title="bbox 1386 5741 2589 5830; baseline -0.002 -21"><span class='ocrx_word' id='word_1_222' title='bbox 1386 5744 1753 5827; x_wconf 87' lang='lat' dir='ltr'><strong>Wanfret.,</strong></span> <span class='ocrx_word' id='word_1_223' title='bbox 1801 5743 2249 5830; x_wconf 86' lang='lat' dir='ltr'><strong>glaschuensis</strong></span> <span class='ocrx_word' id='word_1_224' title='bbox 2296 5741 2589 5806; x_wconf 87' lang='lat' dir='ltr'><strong>diocesis.</strong></span> 
     </span>
    </p>

    <p class='ocr_par' dir='ltr' id='par_1_37' title="bbox 1169 5850 2371 5939">
     <span class='ocr_line' id='line_1_49' title="bbox 1169 5850 2371 5939; baseline -0.005 -20"><span class='ocrx_word' id='word_1_225' title='bbox 1169 5853 1253 5919; x_wconf 92' lang='lat' dir='ltr'><strong>D.</strong></span> <span class='ocrx_word' id='word_1_226' title='bbox 1301 5853 1626 5939; x_wconf 85' lang='lat' dir='ltr'><strong>Rogerius</strong></span> <span class='ocrx_word' id='word_1_227' title='bbox 1676 5853 2022 5934; x_wconf 79' lang='lat' dir='ltr'><strong>Marmont‚</strong></span> <span class='ocrx_word' id='word_1_228' title='bbox 2075 5850 2371 5914; x_wconf 87' lang='lat' dir='ltr'><strong>clericus.</strong></span> 
     </span>
    </p>

    <p class='ocr_par' dir='ltr' id='par_1_38' title="bbox 1169 5954 2947 6133">
     <span class='ocr_line' id='line_1_50' title="bbox 1169 5954 2947 6046; baseline -0.004 -21"><span class='ocrx_word' id='word_1_229' title='bbox 1169 5959 1253 6025; x_wconf 94' lang='lat' dir='ltr'><strong>D.</strong></span> <span class='ocrx_word' id='word_1_230' title='bbox 1301 5960 1624 6046; x_wconf 85' lang='lat' dir='ltr'><strong>Rogerius</strong></span> <span class='ocrx_word' id='word_1_231' title='bbox 1672 5959 1751 6022; x_wconf 91' lang='lat' dir='ltr'><strong>de</strong></span> <span class='ocrx_word' id='word_1_232' title='bbox 1798 5955 2220 6022; x_wconf 87' lang='lat' dir='ltr'><strong>Leomstrade</strong></span> <span class='ocrx_word' id='word_1_233' title='bbox 2255 5956 2354 6039; x_wconf 83' lang='lat'><strong>(2),</strong></span> <span class='ocrx_word' id='word_1_234' title='bbox 2404 5962 2614 6020; x_wconf 88' lang='lat' dir='ltr'><strong>rector</strong></span> <span class='ocrx_word' id='word_1_235' title='bbox 2677 5954 2947 6019; x_wconf 90' lang='lat' dir='ltr'><strong>ecclesie</strong></span> 
     </span>
     <span class='ocr_line' id='line_1_51' title="bbox 1386 6065 1984 6133; baseline -0.005 0"><span class='ocrx_word' id='word_1_236' title='bbox 1386 6068 1464 6133; x_wconf 90' lang='lat' dir='ltr'><strong>de</strong></span> <span class='ocrx_word' id='word_1_237' title='bbox 1513 6065 1984 6132; x_wconf 69' lang='lat' dir='ltr'><strong>Branforteffl).</strong></span> 
     </span>
    </p>
   </div>
   <div class='ocr_carea' id='block_1_3' title="bbox 1294 6424 1822 6582">
    <p class='ocr_par' dir='ltr' id='par_1_39' title="bbox 1294 6424 1822 6582">
     <span class='ocr_line' id='line_1_52' title="bbox 1295 6424 1822 6493; baseline -0.013 -13"><span class='ocrx_word' id='word_1_238' title='bbox 1295 6428 1373 6493; x_wconf 92' lang='lat'><strong>(1)</strong></span> <span class='ocrx_word' id='word_1_239' title='bbox 1416 6427 1502 6478; x_wconf 81' lang='lat' dir='ltr'><strong>An</strong></span> <span class='ocrx_word' id='word_1_240' title='bbox 1544 6424 1822 6476; x_wconf 71' lang='lat' dir='ltr'><strong>Iralavea.</strong></span> 
     </span>
     <span class='ocr_line' id='line_1_53' title="bbox 1294 6514 1750 6582; baseline -0.007 -14"><span class='ocrx_word' id='word_1_241' title='bbox 1294 6518 1373 6582; x_wconf 78' lang='lat'><strong>(2)</strong></span> <span class='ocrx_word' id='word_1_242' title='bbox 1412 6514 1750 6567; x_wconf 76' lang='lat' dir='ltr'><strong>Lomstrade.</strong></span> 
     </span>
    </p>
   </div>
   <div class='ocr_carea' id='block_1_4' title="bbox 2571 647 3468 701">
    <p class='ocr_par' dir='ltr' id='par_1_40' title="bbox 2571 647 3468 701">
     <span class='ocr_line' id='line_1_54' title="bbox 2571 647 3468 701; baseline -0.006 0"><span class='ocrx_word' id='word_1_243' title='bbox 2571 647 2998 701; x_wconf 76' lang='lat' dir='ltr'><strong>SCHOLABES</strong></span> <span class='ocrx_word' id='word_1_244' title='bbox 3059 647 3468 698; x_wconf 76' lang='lat' dir='ltr'><strong>ILLUSTBES</strong></span> 
     </span>
    </p>
   </div>
   <div class='ocr_carea' id='block_1_5' title="bbox 3076 798 4846 2045">
    <p class='ocr_par' dir='ltr' id='par_1_41' title="bbox 3080 798 4844 973">
     <span class='ocr_line' id='line_1_55' title="bbox 3080 798 4844 887; baseline -0.001 -21"><span class='ocrx_word' id='word_1_245' title='bbox 3080 800 3163 865; x_wconf 94' lang='lat' dir='ltr'><strong>D.</strong></span> <span class='ocrx_word' id='word_1_246' title='bbox 3208 799 3546 865; x_wconf 89' lang='lat' dir='ltr'><strong>Rolandus</strong></span> <span class='ocrx_word' id='word_1_247' title='bbox 3592 798 3859 887; x_wconf 88' lang='lat' dir='ltr'><strong>Luperii</strong></span> <span class='ocrx_word' id='word_1_248' title='bbox 3906 799 3985 863; x_wconf 90' lang='lat' dir='ltr'><strong>de</strong></span> <span class='ocrx_word' id='word_1_249' title='bbox 4032 799 4293 882; x_wconf 88' lang='lat' dir='ltr'><strong>Parma,</strong></span> <span class='ocrx_word' id='word_1_250' title='bbox 4328 799 4671 864; x_wconf 88' lang='lat' dir='ltr'><strong>canonicus</strong></span> <span class='ocrx_word' id='word_1_251' title='bbox 4710 821 4844 864; x_wconf 90' lang='lat' dir='ltr'><strong>mo·</strong></span> 
     </span>
     <span class='ocr_line' id='line_1_56' title="bbox 3293 906 3589 973; baseline 0.007 -2"><span class='ocrx_word' id='word_1_252' title='bbox 3293 906 3589 973; x_wconf 79' lang='lat' dir='ltr'><strong>rivensis.</strong></span> 
     </span>
    </p>

    <p class='ocr_par' dir='ltr' id='par_1_42' title="bbox 3078 1013 4001 1099">
     <span class='ocr_line' id='line_1_57' title="bbox 3078 1013 4001 1099; baseline 0 -20"><span class='ocrx_word' id='word_1_253' title='bbox 3078 1013 3163 1079; x_wconf 93' lang='lat' dir='ltr'><strong>D.</strong></span> <span class='ocrx_word' id='word_1_254' title='bbox 3211 1013 3585 1099; x_wconf 87' lang='lat' dir='ltr'><strong>Rostagnus</strong></span> <span class='ocrx_word' id='word_1_255' title='bbox 3633 1013 3712 1078; x_wconf 90' lang='grc'><strong>(19</strong></span> <span class='ocrx_word' id='word_1_256' title='bbox 3758 1013 4001 1079; x_wconf 77' lang='lat' dir='ltr'><strong>Nortia.</strong></span> 
     </span>
    </p>

    <p class='ocr_par' dir='ltr' id='par_1_43' title="bbox 3076 1120 4846 1294">
     <span class='ocr_line' id='line_1_58' title="bbox 3076 1120 4846 1209; baseline -0.001 -22"><span class='ocrx_word' id='word_1_257' title='bbox 3076 1121 3161 1187; x_wconf 94' lang='lat' dir='ltr'><strong>D.</strong></span> <span class='ocrx_word' id='word_1_258' title='bbox 3210 1120 3606 1186; x_wconf 88' lang='lat' dir='ltr'><strong>Thedericus</strong></span> <span class='ocrx_word' id='word_1_259' title='bbox 3653 1121 3733 1186; x_wconf 92' lang='grc'><strong>(19</strong></span> <span class='ocrx_word' id='word_1_260' title='bbox 3776 1121 4240 1209; x_wconf 86' lang='lat' dir='ltr'><strong>Compignone,</strong></span> <span class='ocrx_word' id='word_1_261' title='bbox 4274 1122 4621 1187; x_wconf 88' lang='lat' dir='ltr'><strong>canonicus</strong></span> <span class='ocrx_word' id='word_1_262' title='bbox 4652 1123 4846 1186; x_wconf 78' lang='lat' dir='ltr'><strong>trevi-</strong></span> 
     </span>
     <span class='ocr_line' id='line_1_59' title="bbox 3295 1230 3523 1294; baseline 0 0"><span class='ocrx_word' id='word_1_263' title='bbox 3295 1230 3523 1294; x_wconf 88' lang='lat' dir='ltr'><strong>rensis.</strong></span> 
     </span>
    </p>

    <p class='ocr_par' dir='ltr' id='par_1_44' title="bbox 3078 1336 4542 1402">
     <span class='ocr_line' id='line_1_60' title="bbox 3078 1336 4542 1402; baseline 0.001 -1"><span class='ocrx_word' id='word_1_264' title='bbox 3078 1336 3162 1402; x_wconf 91' lang='lat' dir='ltr'><strong>D.</strong></span> <span class='ocrx_word' id='word_1_265' title='bbox 3211 1337 3564 1402; x_wconf 79' lang='lat' dir='ltr'><strong>Ubertinus</strong></span> <span class='ocrx_word' id='word_1_266' title='bbox 3611 1337 3781 1401; x_wconf 82' lang='lat' dir='ltr'><strong>filius</strong></span> <span class='ocrx_word' id='word_1_267' title='bbox 3826 1336 4063 1401; x_wconf 88' lang='lat' dir='ltr'><strong>Venati</strong></span> <span class='ocrx_word' id='word_1_268' title='bbox 4112 1336 4191 1402; x_wconf 88' lang='lat' dir='ltr'><strong>de</strong></span> <span class='ocrx_word' id='word_1_269' title='bbox 4241 1336 4542 1402; x_wconf 84' lang='lat' dir='ltr'><strong>Cortona.</strong></span> 
     </span>
    </p>

    <p class='ocr_par' dir='ltr' id='par_1_45' title="bbox 3080 1443 4845 1616">
     <span class='ocr_line' id='line_1_61' title="bbox 3080 1443 4845 1529; baseline 0.001 -20"><span class='ocrx_word' id='word_1_270' title='bbox 3080 1443 3165 1509; x_wconf 93' lang='lat' dir='ltr'><strong>D.</strong></span> <span class='ocrx_word' id='word_1_271' title='bbox 3213 1444 3472 1509; x_wconf 75' lang='lat' dir='ltr'><strong>Uli-icus</strong></span> <span class='ocrx_word' id='word_1_272' title='bbox 3519 1444 3688 1508; x_wconf 89' lang='lat' dir='ltr'><strong>filius</strong></span> <span class='ocrx_word' id='word_1_273' title='bbox 3746 1444 3989 1508; x_wconf 88' lang='lat' dir='ltr'><strong>domini</strong></span> <span class='ocrx_word' id='word_1_274' title='bbox 4049 1444 4291 1529; x_wconf 86' lang='lat' dir='ltr'><strong>Ulrici,</strong></span> <span class='ocrx_word' id='word_1_275' title='bbox 4339 1444 4651 1510; x_wconf 87' lang='lat' dir='ltr'><strong>curiensis</strong></span> <span class='ocrx_word' id='word_1_276' title='bbox 4710 1443 4845 1510; x_wconf 87' lang='lat' dir='ltr'><strong>dio-</strong></span> 
     </span>
     <span class='ocr_line' id='line_1_62' title="bbox 3295 1552 3479 1616; baseline -0.011 0"><span class='ocrx_word' id='word_1_277' title='bbox 3295 1552 3479 1616; x_wconf 89' lang='lat' dir='ltr'><strong>cesis.</strong></span> 
     </span>
    </p>

    <p class='ocr_par' dir='ltr' id='par_1_46' title="bbox 3081 1658 4846 2045">
     <span class='ocr_line' id='line_1_63' title="bbox 3081 1658 4846 1746; baseline 0 -23"><span class='ocrx_word' id='word_1_278' title='bbox 3081 1658 3258 1744; x_wconf 85' lang='lat' dir='ltr'><strong>Mag.</strong></span> <span class='ocrx_word' id='word_1_279' title='bbox 3308 1658 3678 1723; x_wconf 54' lang='lat' dir='ltr'><strong>WVilielmus</strong></span> <span class='ocrx_word' id='word_1_280' title='bbox 3726 1658 3806 1723; x_wconf 87' lang='lat' dir='ltr'><strong>de</strong></span> <span class='ocrx_word' id='word_1_281' title='bbox 3853 1658 4110 1724; x_wconf 87' lang='lat' dir='ltr'><strong>Pathon</strong></span> <span class='ocrx_word' id='word_1_282' title='bbox 4167 1667 4543 1746; x_wconf 86' lang='lat' dir='ltr'><strong>procurator</strong></span> <span class='ocrx_word' id='word_1_283' title='bbox 4604 1659 4846 1725; x_wconf 87' lang='lat' dir='ltr'><strong>domini</strong></span> 
     </span>
     <span class='ocr_line' id='line_1_64' title="bbox 3293 1765 4842 1853; baseline 0.002 -25"><span class='ocrx_word' id='word_1_284' title='bbox 3293 1765 3610 1830; x_wconf 89' lang='lat' dir='ltr'><strong>Wilielmi</strong></span> <span class='ocrx_word' id='word_1_285' title='bbox 3643 1767 3874 1853; x_wconf 87' lang='lat' dir='ltr'><strong>prioris</strong></span> <span class='ocrx_word' id='word_1_286' title='bbox 3900 1775 3965 1831; x_wconf 91' lang='lat' dir='ltr'><strong>et</strong></span> <span class='ocrx_word' id='word_1_287' title='bbox 3990 1774 4343 1832; x_wconf 85' lang='lat' dir='ltr'><strong>conventus</strong></span> <span class='ocrx_word' id='word_1_288' title='bbox 4368 1766 4447 1832; x_wconf 89' lang='lat' dir='ltr'><strong>de</strong></span> <span class='ocrx_word' id='word_1_289' title='bbox 4473 1766 4842 1850; x_wconf 85' lang='lat' dir='ltr'><strong>Karchelm,</strong></span> 
     </span>
     <span class='ocr_line' id='line_1_65' title="bbox 3294 1872 4846 1960; baseline 0.002 -24"><span class='ocrx_word' id='word_1_290' title='bbox 3294 1872 3555 1937; x_wconf 87' lang='lat' dir='ltr'><strong>Ordinis</strong></span> <span class='ocrx_word' id='word_1_291' title='bbox 3587 1876 3792 1938; x_wconf 90' lang='lat' dir='ltr'><strong>sancti</strong></span> <span class='ocrx_word' id='word_1_292' title='bbox 3838 1874 4210 1960; x_wconf 80' lang='lat' dir='ltr'><strong>Augustini,</strong></span> <span class='ocrx_word' id='word_1_293' title='bbox 4257 1874 4663 1940; x_wconf 87' lang='lat' dir='ltr'><strong>eboracensis</strong></span> <span class='ocrx_word' id='word_1_294' title='bbox 4710 1875 4846 1940; x_wconf 87' lang='grc'>(119-</span> 
     </span>
     <span class='ocr_line' id='line_1_66' title="bbox 3294 2003 3478 2045; baseline 0 0"><span class='ocrx_word' id='word_1_295' title='bbox 3294 2003 3478 2045; x_wconf 82' lang='grc'>99919.</span> 
     </span>
    </p>
   </div>
   <div class='ocr_carea' id='block_1_6' title="bbox 3737 2199 4190 2265">
    <p class='ocr_par' dir='ltr' id='par_1_47' title="bbox 3737 2199 4190 2265">
     <span class='ocr_line' id='line_1_67' title="bbox 3737 2199 4190 2265; baseline 0 0"><span class='ocrx_word' id='word_1_296' title='bbox 3737 2199 4190 2265; x_wconf 83' lang='lat' dir='ltr'><strong>MCCLXXV.</strong></span> 
     </span>
    </p>
   </div>
   <div class='ocr_carea' id='block_1_7' title="bbox 3073 2414 4854 6138">
    <p class='ocr_par' dir='ltr' id='par_1_48' title="bbox 3078 2414 4532 2501">
     <span class='ocr_line' id='line_1_68' title="bbox 3078 2414 4532 2501; baseline 0 -22"><span class='ocrx_word' id='word_1_297' title='bbox 3078 2414 3161 2479; x_wconf 92' lang='lat' dir='ltr'><strong>D.</strong></span> <span class='ocrx_word' id='word_1_298' title='bbox 3211 2414 3462 2480; x_wconf 88' lang='lat' dir='ltr'><strong>Alanus</strong></span> <span class='ocrx_word' id='word_1_299' title='bbox 3512 2414 3742 2480; x_wconf 88' lang='lat' dir='ltr'><strong>Scotus</strong></span> <span class='ocrx_word' id='word_1_300' title='bbox 3789 2414 3868 2478; x_wconf 89' lang='grc'><strong>(19</strong></span> <span class='ocrx_word' id='word_1_301' title='bbox 3919 2414 4532 2501; x_wconf 86' lang='lat' dir='ltr'><strong>Castropuellarum.</strong></span> 
     </span>
    </p>

    <p class='ocr_par' dir='ltr' id='par_1_49' title="bbox 3076 2521 4846 2694">
     <span class='ocr_line' id='line_1_69' title="bbox 3076 2521 4846 2608; baseline 0.001 -21"><span class='ocrx_word' id='word_1_302' title='bbox 3076 2522 3161 2587; x_wconf 93' lang='lat' dir='ltr'><strong>D.</strong></span> <span class='ocrx_word' id='word_1_303' title='bbox 3209 2522 3647 2608; x_wconf 89' lang='lat' dir='ltr'><strong>Berengarius</strong></span> <span class='ocrx_word' id='word_1_304' title='bbox 3694 2522 3773 2586; x_wconf 88' lang='lat' dir='ltr'><strong>de</strong></span> <span class='ocrx_word' id='word_1_305' title='bbox 3821 2521 4153 2606; x_wconf 88' lang='lat' dir='ltr'><strong>Bociacis,</strong></span> <span class='ocrx_word' id='word_1_306' title='bbox 4204 2522 4695 2588; x_wconf 89' lang='lat' dir='ltr'><strong>archidiaconus</strong></span> <span class='ocrx_word' id='word_1_307' title='bbox 4751 2523 4846 2588; x_wconf 92' lang='lat' dir='ltr'><strong>bi·</strong></span> 
     </span>
     <span class='ocr_line' id='line_1_70' title="bbox 3294 2631 3623 2694; baseline -0.003 0"><span class='ocrx_word' id='word_1_308' title='bbox 3294 2631 3623 2694; x_wconf 85' lang='lat' dir='ltr'><strong>terrensis.</strong></span> 
     </span>
    </p>

    <p class='ocr_par' dir='ltr' id='par_1_50' title="bbox 3079 2735 4655 2822">
     <span class='ocr_line' id='line_1_71' title="bbox 3079 2735 4655 2822; baseline -0.001 -19"><span class='ocrx_word' id='word_1_309' title='bbox 3079 2737 3163 2803; x_wconf 94' lang='lat' dir='ltr'><strong>D.</strong></span> <span class='ocrx_word' id='word_1_310' title='bbox 3212 2737 3608 2820; x_wconf 86' lang='lat' dir='ltr'><strong>Bonifacius,</strong></span> <span class='ocrx_word' id='word_1_311' title='bbox 3657 2736 4151 2802; x_wconf 88' lang='lat' dir='ltr'><strong>archidiaconus</strong></span> <span class='ocrx_word' id='word_1_312' title='bbox 4198 2735 4655 2822; x_wconf 86' lang='lat' dir='ltr'><strong>forojuliensis.</strong></span> 
     </span>
    </p>

    <p class='ocr_par' dir='ltr' id='par_1_51' title="bbox 3080 2844 4771 2911">
     <span class='ocr_line' id='line_1_72' title="bbox 3080 2844 4771 2911; baseline 0.001 -1"><span class='ocrx_word' id='word_1_313' title='bbox 3080 2844 3163 2910; x_wconf 95' lang='lat' dir='ltr'><strong>D.</strong></span> <span class='ocrx_word' id='word_1_314' title='bbox 3210 2845 3594 2909; x_wconf 84' lang='lat' dir='ltr'><strong>Franciscus</strong></span> <span class='ocrx_word' id='word_1_315' title='bbox 3642 2844 3886 2908; x_wconf 87' lang='grc'>(1919191</span> <span class='ocrx_word' id='word_1_316' title='bbox 3930 2844 4187 2909; x_wconf 86' lang='lat' dir='ltr'><strong>Alberti</strong></span> <span class='ocrx_word' id='word_1_317' title='bbox 4233 2844 4312 2908; x_wconf 89' lang='lat' dir='ltr'><strong>de</strong></span> <span class='ocrx_word' id='word_1_318' title='bbox 4359 2844 4771 2911; x_wconf 78' lang='lat' dir='ltr'><strong>Monsiverio.</strong></span> 
     </span>
    </p>

    <p class='ocr_par' dir='ltr' id='par_1_52' title="bbox 3079 2952 4395 3036">
     <span class='ocr_line' id='line_1_73' title="bbox 3079 2952 4395 3036; baseline -0.001 -17"><span class='ocrx_word' id='word_1_319' title='bbox 3079 2954 3163 3019; x_wconf 92' lang='lat' dir='ltr'><strong>D.</strong></span> <span class='ocrx_word' id='word_1_320' title='bbox 3215 2954 3543 3019; x_wconf 85' lang='lat' dir='ltr'><strong>Gerardus</strong></span> <span class='ocrx_word' id='word_1_321' title='bbox 3589 2952 3669 3017; x_wconf 90' lang='lat' dir='ltr'><strong>de</strong></span> <span class='ocrx_word' id='word_1_322' title='bbox 3717 2952 4117 3036; x_wconf 88' lang='lat' dir='ltr'><strong>Cornazan0‚</strong></span> <span class='ocrx_word' id='word_1_323' title='bbox 4165 2960 4395 3018; x_wconf 86' lang='lat' dir='ltr'><strong>rector.</strong></span> 
     </span>
    </p>

    <p class='ocr_par' dir='ltr' id='par_1_53' title="bbox 3079 3059 4676 3146">
     <span class='ocr_line' id='line_1_74' title="bbox 3079 3059 4676 3146; baseline -0.001 -19"><span class='ocrx_word' id='word_1_324' title='bbox 3079 3062 3164 3127; x_wconf 93' lang='lat' dir='ltr'><strong>D.</strong></span> <span class='ocrx_word' id='word_1_325' title='bbox 3215 3061 3559 3126; x_wconf 86' lang='lat' dir='ltr'><strong>Goffredus</strong></span> <span class='ocrx_word' id='word_1_326' title='bbox 3605 3060 3685 3125; x_wconf 87' lang='lat' dir='ltr'><strong>de</strong></span> <span class='ocrx_word' id='word_1_327' title='bbox 3735 3060 4117 3144; x_wconf 82' lang='lat' dir='ltr'><strong>Cumbis(4),</strong></span> <span class='ocrx_word' id='word_1_328' title='bbox 4165 3059 4391 3125; x_wconf 87' lang='lat' dir='ltr'><strong>doctor</strong></span> <span class='ocrx_word' id='word_1_329' title='bbox 4436 3060 4676 3146; x_wconf 90' lang='lat' dir='ltr'><strong>legum.</strong></span> 
     </span>
    </p>

    <p class='ocr_par' dir='ltr' id='par_1_54' title="bbox 3080 3167 4656 3255">
     <span class='ocr_line' id='line_1_75' title="bbox 3080 3167 4656 3255; baseline -0.001 -20"><span class='ocrx_word' id='word_1_330' title='bbox 3080 3170 3163 3235; x_wconf 94' lang='lat' dir='ltr'><strong>D.</strong></span> <span class='ocrx_word' id='word_1_331' title='bbox 3214 3169 3626 3234; x_wconf 83' lang='lat' dir='ltr'><strong>Guillielmus</strong></span> <span class='ocrx_word' id='word_1_332' title='bbox 3672 3167 4046 3255; x_wconf 82' lang='lat' dir='ltr'><strong>Raymundi</strong></span> <span class='ocrx_word' id='word_1_333' title='bbox 4092 3167 4172 3232; x_wconf 90' lang='lat' dir='ltr'><strong>de</strong></span> <span class='ocrx_word' id='word_1_334' title='bbox 4219 3167 4656 3235; x_wconf 85' lang='lat' dir='ltr'><strong>Frontiniaco.</strong></span> 
     </span>
    </p>

    <p class='ocr_par' dir='ltr' id='par_1_55' title="bbox 3079 3274 4850 3448">
     <span class='ocr_line' id='line_1_76' title="bbox 3079 3274 4850 3361; baseline -0.001 -19"><span class='ocrx_word' id='word_1_335' title='bbox 3079 3277 3163 3342; x_wconf 91' lang='lat' dir='ltr'><strong>D.</strong></span> <span class='ocrx_word' id='word_1_336' title='bbox 3199 3276 3609 3341; x_wconf 86' lang='lat' dir='ltr'><strong>Guillielmus</strong></span> <span class='ocrx_word' id='word_1_337' title='bbox 3641 3275 3721 3340; x_wconf 89' lang='lat' dir='ltr'><strong>de</strong></span> <span class='ocrx_word' id='word_1_338' title='bbox 3754 3274 4172 3361; x_wconf 82' lang='lat' dir='ltr'><strong>MandagotO,</strong></span> <span class='ocrx_word' id='word_1_339' title='bbox 4205 3275 4552 3340; x_wconf 88' lang='lat' dir='ltr'><strong>canonicus</strong></span> <span class='ocrx_word' id='word_1_340' title='bbox 4585 3297 4850 3341; x_wconf 89' lang='lat' dir='ltr'><strong>nemau-</strong></span> 
     </span>
     <span class='ocr_line' id='line_1_77' title="bbox 3293 3405 3518 3448; baseline 0.004 -1"><span class='ocrx_word' id='word_1_341' title='bbox 3293 3405 3518 3448; x_wconf 88' lang='grc'>999919.</span> 
     </span>
    </p>

    <p class='ocr_par' dir='ltr' id='par_1_56' title="bbox 3077 3490 3999 3576">
     <span class='ocr_line' id='line_1_78' title="bbox 3077 3490 3999 3576; baseline -0.001 -20"><span class='ocrx_word' id='word_1_342' title='bbox 3077 3491 3252 3576; x_wconf 85' lang='lat' dir='ltr'><strong>Mag.</strong></span> <span class='ocrx_word' id='word_1_343' title='bbox 3301 3490 3588 3556; x_wconf 85' lang='lat' dir='ltr'><strong>Jacobus</strong></span> <span class='ocrx_word' id='word_1_344' title='bbox 3636 3490 3716 3554; x_wconf 88' lang='lat' dir='ltr'><strong>de</strong></span> <span class='ocrx_word' id='word_1_345' title='bbox 3764 3490 3999 3555; x_wconf 88' lang='lat' dir='ltr'><strong>Arazo.</strong></span> 
     </span>
    </p>

    <p class='ocr_par' dir='ltr' id='par_1_57' title="bbox 3077 3596 4622 3684">
     <span class='ocr_line' id='line_1_79' title="bbox 3077 3596 4622 3684; baseline 0 -21"><span class='ocrx_word' id='word_1_346' title='bbox 3077 3599 3253 3684; x_wconf 85' lang='lat' dir='ltr'><strong>Mag.</strong></span> <span class='ocrx_word' id='word_1_347' title='bbox 3299 3598 3634 3663; x_wconf 68' lang='lat' dir='ltr'><strong>«Iohannes</strong></span> <span class='ocrx_word' id='word_1_348' title='bbox 3679 3597 4110 3663; x_wconf 90' lang='lat' dir='ltr'><strong>Bonabrocha</strong></span> <span class='ocrx_word' id='word_1_349' title='bbox 4155 3596 4236 3662; x_wconf 90' lang='lat' dir='ltr'><strong>de</strong></span> <span class='ocrx_word' id='word_1_350' title='bbox 4282 3597 4622 3663; x_wconf 79' lang='lat' dir='ltr'><strong>AduachO.</strong></span> 
     </span>
    </p>

    <p class='ocr_par' dir='ltr' id='par_1_58' title="bbox 3077 3704 3786 3771">
     <span class='ocr_line' id='line_1_80' title="bbox 3077 3704 3786 3771; baseline -0.001 0"><span class='ocrx_word' id='word_1_351' title='bbox 3077 3706 3160 3771; x_wconf 94' lang='lat' dir='ltr'><strong>D.</strong></span> <span class='ocrx_word' id='word_1_352' title='bbox 3209 3706 3527 3770; x_wconf 89' lang='lat' dir='ltr'><strong>Martinus</strong></span> <span class='ocrx_word' id='word_1_353' title='bbox 3576 3704 3786 3771; x_wconf 88' lang='lat' dir='ltr'><strong>Ortot.</strong></span> 
     </span>
    </p>

    <p class='ocr_par' dir='ltr' id='par_1_59' title="bbox 3077 3812 4638 3901">
     <span class='ocr_line' id='line_1_81' title="bbox 3077 3812 4638 3901; baseline -0.001 -22"><span class='ocrx_word' id='word_1_354' title='bbox 3077 3814 3255 3901; x_wconf 85' lang='lat' dir='ltr'><strong>Mag.</strong></span> <span class='ocrx_word' id='word_1_355' title='bbox 3307 3814 3607 3878; x_wconf 88' lang='lat' dir='ltr'><strong>Matheus</strong></span> <span class='ocrx_word' id='word_1_356' title='bbox 3654 3813 3734 3878; x_wconf 91' lang='lat' dir='ltr'><strong>de</strong></span> <span class='ocrx_word' id='word_1_357' title='bbox 3780 3812 4079 3897; x_wconf 83' lang='lat' dir='ltr'><strong>Luduno,</strong></span> <span class='ocrx_word' id='word_1_358' title='bbox 4127 3812 4352 3879; x_wconf 89' lang='lat' dir='ltr'><strong>doctor</strong></span> <span class='ocrx_word' id='word_1_359' title='bbox 4398 3813 4638 3901; x_wconf 91' lang='lat' dir='ltr'><strong>legum.</strong></span> 
     </span>
    </p>

    <p class='ocr_par' dir='ltr' id='par_1_60' title="bbox 3076 3920 4217 4003">
     <span class='ocr_line' id='line_1_82' title="bbox 3076 3920 4217 4003; baseline -0.002 -14"><span class='ocrx_word' id='word_1_360' title='bbox 3076 3923 3160 3989; x_wconf 93' lang='lat' dir='ltr'><strong>D.</strong></span> <span class='ocrx_word' id='word_1_361' title='bbox 3211 3922 3520 3987; x_wconf 87' lang='lat' dir='ltr'><strong>Nicolaus</strong></span> <span class='ocrx_word' id='word_1_362' title='bbox 3567 3922 3647 3986; x_wconf 89' lang='lat' dir='ltr'><strong>de</strong></span> <span class='ocrx_word' id='word_1_363' title='bbox 3694 3920 3940 4003; x_wconf 84' lang='lat' dir='ltr'><strong>Recha,</strong></span> <span class='ocrx_word' id='word_1_364' title='bbox 3987 3930 4217 3987; x_wconf 87' lang='lat' dir='ltr'><strong>rector.</strong></span> 
     </span>
    </p>

    <p class='ocr_par' dir='ltr' id='par_1_61' title="bbox 3077 4028 3957 4096">
     <span class='ocr_line' id='line_1_83' title="bbox 3077 4028 3957 4096; baseline -0.005 0"><span class='ocrx_word' id='word_1_365' title='bbox 3077 4031 3159 4096; x_wconf 94' lang='lat' dir='ltr'><strong>D.</strong></span> <span class='ocrx_word' id='word_1_366' title='bbox 3209 4030 3444 4095; x_wconf 88' lang='lat' dir='ltr'><strong>Petrus</strong></span> <span class='ocrx_word' id='word_1_367' title='bbox 3492 4030 3573 4093; x_wconf 92' lang='grc'><strong>(19</strong></span> <span class='ocrx_word' id='word_1_368' title='bbox 3621 4028 3957 4094; x_wconf 85' lang='grc' dir='ltr'>Α(1999119.</span> 
     </span>
    </p>

    <p class='ocr_par' dir='ltr' id='par_1_62' title="bbox 3076 4137 3928 4203">
     <span class='ocr_line' id='line_1_84' title="bbox 3076 4137 3928 4203; baseline -0.005 0"><span class='ocrx_word' id='word_1_369' title='bbox 3076 4138 3161 4203; x_wconf 93' lang='lat' dir='ltr'><strong>D.</strong></span> <span class='ocrx_word' id='word_1_370' title='bbox 3209 4139 3444 4203; x_wconf 88' lang='lat' dir='ltr'><strong>Petrus</strong></span> <span class='ocrx_word' id='word_1_371' title='bbox 3490 4139 3570 4202; x_wconf 93' lang='lat' dir='ltr'><strong>de</strong></span> <span class='ocrx_word' id='word_1_372' title='bbox 3617 4137 3928 4202; x_wconf 89' lang='lat' dir='ltr'><strong>Trasoue.</strong></span> 
     </span>
    </p>

    <p class='ocr_par' dir='ltr' id='par_1_63' title="bbox 3077 4243 4268 4330">
     <span class='ocr_line' id='line_1_85' title="bbox 3077 4243 4268 4330; baseline -0.002 -20"><span class='ocrx_word' id='word_1_373' title='bbox 3077 4245 3160 4310; x_wconf 94' lang='lat' dir='ltr'><strong>D.</strong></span> <span class='ocrx_word' id='word_1_374' title='bbox 3207 4246 3441 4310; x_wconf 89' lang='lat' dir='ltr'><strong>Petrus</strong></span> <span class='ocrx_word' id='word_1_375' title='bbox 3488 4244 3840 4330; x_wconf 90' lang='lat' dir='ltr'><strong>Resigliosi</strong></span> <span class='ocrx_word' id='word_1_376' title='bbox 3885 4243 4268 4308; x_wconf 89' lang='lat' dir='ltr'><strong>catellanus.</strong></span> 
     </span>
    </p>

    <p class='ocr_par' dir='ltr' id='par_1_64' title="bbox 3076 4350 4267 4440">
     <span class='ocr_line' id='line_1_86' title="bbox 3076 4350 4267 4440; baseline -0.003 -22"><span class='ocrx_word' id='word_1_377' title='bbox 3076 4353 3159 4419; x_wconf 92' lang='lat' dir='ltr'><strong>D.</strong></span> <span class='ocrx_word' id='word_1_378' title='bbox 3208 4352 3551 4440; x_wconf 90' lang='lat' dir='ltr'><strong>Philippus</strong></span> <span class='ocrx_word' id='word_1_379' title='bbox 3599 4351 3679 4416; x_wconf 90' lang='lat' dir='ltr'><strong>de</strong></span> <span class='ocrx_word' id='word_1_380' title='bbox 3725 4350 3985 4435; x_wconf 89' lang='lat' dir='ltr'><strong>Bosej0‚</strong></span> <span class='ocrx_word' id='word_1_381' title='bbox 4033 4358 4267 4416; x_wconf 90' lang='lat' dir='ltr'><strong>rector.</strong></span> 
     </span>
    </p>

    <p class='ocr_par' dir='ltr' id='par_1_65' title="bbox 3075 4459 3874 4526">
     <span class='ocr_line' id='line_1_87' title="bbox 3075 4459 3874 4526; baseline -0.004 1"><span class='ocrx_word' id='word_1_382' title='bbox 3075 4461 3158 4526; x_wconf 94' lang='lat' dir='ltr'><strong>D.</strong></span> <span class='ocrx_word' id='word_1_383' title='bbox 3209 4460 3399 4525; x_wconf 87' lang='lat' dir='ltr'><strong>Prior</strong></span> <span class='ocrx_word' id='word_1_384' title='bbox 3445 4460 3525 4524; x_wconf 93' lang='grc'><strong>(19</strong></span> <span class='ocrx_word' id='word_1_385' title='bbox 3571 4459 3874 4524; x_wconf 84' lang='grc' dir='ltr'>Μ911999.</span> 
     </span>
    </p>

    <p class='ocr_par' dir='ltr' id='par_1_66' title="bbox 3075 4567 4160 4655">
     <span class='ocr_line' id='line_1_88' title="bbox 3075 4567 4160 4655; baseline -0.004 -20"><span class='ocrx_word' id='word_1_386' title='bbox 3075 4570 3158 4635; x_wconf 91' lang='lat' dir='ltr'><strong>D.</strong></span> <span class='ocrx_word' id='word_1_387' title='bbox 3209 4567 3635 4655; x_wconf 84' lang='lat' dir='ltr'><strong>Raymundus</strong></span> <span class='ocrx_word' id='word_1_388' title='bbox 3681 4567 3760 4631; x_wconf 90' lang='lat' dir='ltr'><strong>de</strong></span> <span class='ocrx_word' id='word_1_389' title='bbox 3807 4567 4160 4632; x_wconf 86' lang='lat' dir='ltr'><strong>Altiniaco.</strong></span> 
     </span>
    </p>

    <p class='ocr_par' dir='ltr' id='par_1_67' title="bbox 3075 4673 4503 4762">
     <span class='ocr_line' id='line_1_89' title="bbox 3075 4673 4503 4762; baseline -0.004 -19"><span class='ocrx_word' id='word_1_390' title='bbox 3075 4676 3161 4743; x_wconf 94' lang='lat' dir='ltr'><strong>D.</strong></span> <span class='ocrx_word' id='word_1_391' title='bbox 3209 4674 3636 4762; x_wconf 76' lang='lat' dir='ltr'><strong>Raymundus</strong></span> <span class='ocrx_word' id='word_1_392' title='bbox 3683 4695 3942 4757; x_wconf 83' lang='lat' dir='ltr'><strong>ceven.,</strong></span> <span class='ocrx_word' id='word_1_393' title='bbox 3992 4674 4216 4739; x_wconf 89' lang='lat' dir='ltr'><strong>doctor</strong></span> <span class='ocrx_word' id='word_1_394' title='bbox 4263 4673 4503 4759; x_wconf 88' lang='lat' dir='ltr'><strong>legum.</strong></span> 
     </span>
    </p>

    <p class='ocr_par' dir='ltr' id='par_1_68' title="bbox 3075 4783 3834 4869">
     <span class='ocr_line' id='line_1_90' title="bbox 3075 4783 3834 4869; baseline -0.008 -18"><span class='ocrx_word' id='word_1_395' title='bbox 3075 4786 3160 4851; x_wconf 91' lang='lat' dir='ltr'><strong>D.</strong></span> <span class='ocrx_word' id='word_1_396' title='bbox 3210 4783 3555 4869; x_wconf 85' lang='lat' dir='ltr'><strong>Rogerius,</strong></span> <span class='ocrx_word' id='word_1_397' title='bbox 3605 4790 3834 4846; x_wconf 87' lang='lat' dir='ltr'><strong>rector.</strong></span> 
     </span>
    </p>

    <p class='ocr_par' dir='ltr' id='par_1_69' title="bbox 3077 4888 4075 4978">
     <span class='ocr_line' id='line_1_91' title="bbox 3077 4888 4075 4978; baseline -0.004 -21"><span class='ocrx_word' id='word_1_398' title='bbox 3077 4892 3254 4978; x_wconf 88' lang='lat' dir='ltr'><strong>Mag.</strong></span> <span class='ocrx_word' id='word_1_399' title='bbox 3303 4890 3640 4956; x_wconf 86' lang='lat' dir='ltr'><strong>Rolandus</strong></span> <span class='ocrx_word' id='word_1_400' title='bbox 3687 4888 3767 4954; x_wconf 90' lang='lat' dir='ltr'><strong>de</strong></span> <span class='ocrx_word' id='word_1_401' title='bbox 3813 4889 4075 4953; x_wconf 90' lang='lat' dir='ltr'><strong>Parma.</strong></span> 
     </span>
    </p>

    <p class='ocr_par' dir='ltr' id='par_1_70' title="bbox 3076 4995 4854 5191">
     <span class='ocr_line' id='line_1_92' title="bbox 3076 4995 4854 5083; baseline -0.004 -18"><span class='ocrx_word' id='word_1_402' title='bbox 3076 4999 3160 5065; x_wconf 93' lang='lat' dir='ltr'><strong>D.</strong></span> <span class='ocrx_word' id='word_1_403' title='bbox 3207 4999 3583 5083; x_wconf 88' lang='lat' dir='ltr'><strong>Rostagnus</strong></span> <span class='ocrx_word' id='word_1_404' title='bbox 3615 4997 3695 5062; x_wconf 89' lang='lat' dir='ltr'><strong>de</strong></span> <span class='ocrx_word' id='word_1_405' title='bbox 3728 4997 4038 5079; x_wconf 87' lang='lat' dir='ltr'><strong>Trasone‚</strong></span> <span class='ocrx_word' id='word_1_406' title='bbox 4074 4995 4420 5062; x_wconf 90' lang='lat' dir='ltr'><strong>canonicus</strong></span> <span class='ocrx_word' id='word_1_407' title='bbox 4452 4995 4854 5082; x_wconf 83' lang='lat' dir='ltr'><strong>parisiensis,</strong></span> 
     </span>
     <span class='ocr_line' id='line_1_93' title="bbox 3290 5104 3800 5191; baseline -0.004 -21"><span class='ocrx_word' id='word_1_408' title='bbox 3290 5106 3509 5191; x_wconf 88' lang='lat' dir='ltr'><strong>legum</strong></span> <span class='ocrx_word' id='word_1_409' title='bbox 3557 5104 3800 5169; x_wconf 87' lang='lat' dir='ltr'><strong>doctor.</strong></span> 
     </span>
    </p>

    <p class='ocr_par' dir='ltr' id='par_1_71' title="bbox 3075 5210 4852 5299">
     <span class='ocr_line' id='line_1_94' title="bbox 3075 5210 4852 5299; baseline -0.003 -19"><span class='ocrx_word' id='word_1_410' title='bbox 3075 5214 3160 5280; x_wconf 93' lang='lat' dir='ltr'><strong>D.</strong></span> <span class='ocrx_word' id='word_1_411' title='bbox 3208 5214 3585 5299; x_wconf 76' lang='lat' dir='ltr'><strong>Rostagnus</strong></span> <span class='ocrx_word' id='word_1_412' title='bbox 3632 5211 3713 5276; x_wconf 87' lang='lat' dir='ltr'><strong>de</strong></span> <span class='ocrx_word' id='word_1_413' title='bbox 3761 5210 3984 5294; x_wconf 78' lang='lat' dir='ltr'><strong>Novis,</strong></span> <span class='ocrx_word' id='word_1_414' title='bbox 4018 5217 4360 5297; x_wconf 86' lang='lat' dir='ltr'><strong>precentor</strong></span> <span class='ocrx_word' id='word_1_415' title='bbox 4407 5210 4852 5275; x_wconf 87' lang='lat' dir='ltr'><strong>massiliensis.</strong></span> 
     </span>
    </p>

    <p class='ocr_par' dir='ltr' id='par_1_72' title="bbox 3075 5316 4854 5512">
     <span class='ocr_line' id='line_1_95' title="bbox 3075 5316 4854 5404; baseline -0.003 -17"><span class='ocrx_word' id='word_1_416' title='bbox 3075 5321 3159 5387; x_wconf 93' lang='lat' dir='ltr'><strong>D.</strong></span> <span class='ocrx_word' id='word_1_417' title='bbox 3211 5321 3486 5386; x_wconf 88' lang='lat' dir='ltr'><strong>Sanctus</strong></span> <span class='ocrx_word' id='word_1_418' title='bbox 3532 5318 3949 5404; x_wconf 88' lang='lat' dir='ltr'><strong>Mugnutius,</strong></span> <span class='ocrx_word' id='word_1_419' title='bbox 3997 5317 4167 5382; x_wconf 87' lang='lat' dir='ltr'><strong>filius</strong></span> <span class='ocrx_word' id='word_1_420' title='bbox 4226 5317 4551 5404; x_wconf 88' lang='lat' dir='ltr'><strong>quondam</strong></span> <span class='ocrx_word' id='word_1_421' title='bbox 4606 5316 4854 5382; x_wconf 88' lang='lat' dir='ltr'><strong>domini</strong></span> 
     </span>
     <span class='ocr_line' id='line_1_96' title="bbox 3289 5427 3526 5512; baseline -0.013 -19"><span class='ocrx_word' id='word_1_422' title='bbox 3289 5427 3526 5512; x_wconf 81' lang='lat' dir='ltr'><strong>Egidii.</strong></span> 
     </span>
    </p>

    <p class='ocr_par' dir='ltr' id='par_1_73' title="bbox 3076 5532 4850 5623">
     <span class='ocr_line' id='line_1_97' title="bbox 3076 5532 4850 5623; baseline -0.002 -21"><span class='ocrx_word' id='word_1_423' title='bbox 3076 5537 3252 5623; x_wconf 89' lang='lat' dir='ltr'><strong>Mag.</strong></span> <span class='ocrx_word' id='word_1_424' title='bbox 3304 5537 3524 5601; x_wconf 84' lang='lat' dir='ltr'><strong>Simon</strong></span> <span class='ocrx_word' id='word_1_425' title='bbox 3572 5534 3814 5599; x_wconf 89' lang='lat' dir='ltr'><strong>domini</strong></span> <span class='ocrx_word' id='word_1_426' title='bbox 3864 5532 4198 5598; x_wconf 85' lang='lat' dir='ltr'><strong>Guillelmi</strong></span> <span class='ocrx_word' id='word_1_427' title='bbox 4230 5532 4499 5598; x_wconf 85' lang='lat' dir='ltr'><strong>Gofredi</strong></span> <span class='ocrx_word' id='word_1_428' title='bbox 4530 5532 4850 5619; x_wconf 87' lang='lat' dir='ltr'><strong>anglicus.</strong></span> 
     </span>
    </p>

    <p class='ocr_par' dir='ltr' id='par_1_74' title="bbox 3075 5639 4848 5816">
     <span class='ocr_line' id='line_1_98' title="bbox 3075 5639 4848 5726; baseline -0.005 -16"><span class='ocrx_word' id='word_1_429' title='bbox 3075 5644 3158 5710; x_wconf 95' lang='lat' dir='ltr'><strong>D.</strong></span> <span class='ocrx_word' id='word_1_430' title='bbox 3210 5645 3432 5709; x_wconf 84' lang='lat' dir='ltr'><strong>Simon</strong></span> <span class='ocrx_word' id='word_1_431' title='bbox 3479 5642 3722 5707; x_wconf 87' lang='lat' dir='ltr'><strong>domini</strong></span> <span class='ocrx_word' id='word_1_432' title='bbox 3785 5641 4066 5706; x_wconf 86' lang='lat' dir='ltr'><strong>Simonis</strong></span> <span class='ocrx_word' id='word_1_433' title='bbox 4126 5639 4205 5704; x_wconf 90' lang='lat' dir='ltr'><strong>de</strong></span> <span class='ocrx_word' id='word_1_434' title='bbox 4270 5639 4666 5723; x_wconf 86' lang='lat' dir='ltr'><strong>Murenser.,</strong></span> <span class='ocrx_word' id='word_1_435' title='bbox 4713 5639 4848 5726; x_wconf 87' lang='lat' dir='ltr'><strong>spi·</strong></span> 
     </span>
     <span class='ocr_line' id='line_1_99' title="bbox 3290 5750 3830 5816; baseline -0.006 0"><span class='ocrx_word' id='word_1_436' title='bbox 3290 5751 3494 5816; x_wconf 87' lang='lat' dir='ltr'><strong>rensis</strong></span> <span class='ocrx_word' id='word_1_437' title='bbox 3541 5750 3830 5815; x_wconf 89' lang='lat' dir='ltr'><strong>diocesis.</strong></span> 
     </span>
    </p>

    <p class='ocr_par' dir='ltr' id='par_1_75' title="bbox 3073 5853 4592 5945">
     <span class='ocr_line' id='line_1_100' title="bbox 3073 5853 4592 5945; baseline -0.003 -21"><span class='ocrx_word' id='word_1_438' title='bbox 3073 5858 3251 5945; x_wconf 87' lang='lat' dir='ltr'><strong>Mag.</strong></span> <span class='ocrx_word' id='word_1_439' title='bbox 3301 5857 3605 5940; x_wconf 84' lang='lat' dir='ltr'><strong>Thomas,</strong></span> <span class='ocrx_word' id='word_1_440' title='bbox 3655 5855 4146 5922; x_wconf 86' lang='lat' dir='ltr'><strong>archidiaconus</strong></span> <span class='ocrx_word' id='word_1_441' title='bbox 4191 5853 4592 5920; x_wconf 88' lang='lat' dir='ltr'><strong>nomisensis.</strong></span> 
     </span>
    </p>

    <p class='ocr_par' dir='ltr' id='par_1_76' title="bbox 3074 5960 4854 6138">
     <span class='ocr_line' id='line_1_101' title="bbox 3074 5960 4854 6051; baseline -0.002 -20"><span class='ocrx_word' id='word_1_442' title='bbox 3074 5966 3158 6031; x_wconf 94' lang='lat' dir='ltr'><strong>D.</strong></span> <span class='ocrx_word' id='word_1_443' title='bbox 3207 5965 3530 6051; x_wconf 91' lang='lat' dir='ltr'><strong>Ugolinus</strong></span> <span class='ocrx_word' id='word_1_444' title='bbox 3579 5964 3908 6046; x_wconf 89' lang='lat' dir='ltr'><strong>Taberna,</strong></span> <span class='ocrx_word' id='word_1_445' title='bbox 3958 5982 4157 6048; x_wconf 89' lang='lat' dir='ltr'><strong>nepos</strong></span> <span class='ocrx_word' id='word_1_446' title='bbox 4204 5961 4498 6046; x_wconf 89' lang='lat' dir='ltr'><strong>magistri</strong></span> <span class='ocrx_word' id='word_1_447' title='bbox 4559 5960 4854 6027; x_wconf 75' lang='lat' dir='ltr'><strong>Rolandj</strong></span> 
     </span>
     <span class='ocr_line' id='line_1_102' title="bbox 3293 6072 3681 6138; baseline -0.005 0"><span class='ocrx_word' id='word_1_448' title='bbox 3293 6073 3373 6138; x_wconf 88' lang='lat' dir='ltr'><strong>de</strong></span> <span class='ocrx_word' id='word_1_449' title='bbox 3420 6072 3681 6137; x_wconf 88' lang='lat' dir='ltr'><strong>Parma.</strong></span> 
     </span>
    </p>
   </div>
   <div class='ocr_carea' id='block_1_8' title="bbox 3198 6410 3684 6567">
    <p class='ocr_par' dir='ltr' id='par_1_77' title="bbox 3198 6410 3684 6567">
     <span class='ocr_line' id='line_1_103' title="bbox 3202 6410 3633 6479; baseline -0.007 -14"><span class='ocrx_word' id='word_1_450' title='bbox 3202 6415 3281 6479; x_wconf 80' lang='lat'><strong>(3)</strong></span> <span class='ocrx_word' id='word_1_451' title='bbox 3322 6410 3633 6478; x_wconf 75' lang='lat' dir='ltr'><strong>Brayforte.</strong></span> 
     </span>
     <span class='ocr_line' id='line_1_104' title="bbox 3198 6500 3684 6567; baseline -0.006 -14"><span class='ocrx_word' id='word_1_452' title='bbox 3198 6503 3278 6567; x_wconf 78' lang='lat'><strong>(4)</strong></span> <span class='ocrx_word' id='word_1_453' title='bbox 3317 6502 3406 6553; x_wconf 88' lang='lat' dir='ltr'><strong>An</strong></span> <span class='ocrx_word' id='word_1_454' title='bbox 3447 6500 3684 6552; x_wconf 67' lang='lat' dir='ltr'><strong>Camba&#39;s.</strong></span> 
     </span>
    </p>
   </div>
  </div>
 </body>
</html>
