5542 7775
1476 666 1938 716 SPBCTANTIA
1974 667 2075 717 AD
2115 666 2333 718 Paos.
2373 667 2614 740 nnn,
2656 666 2955 717 HUMAN.
2998 667 3143 718 ΜΤ.
3187 666 3281 715 ΕΤ
3321 664 3592 715 THEOL.
4192 642 4337 713 241

2466 1139 2594 1205 III.

2074 1454 2080 1460 .
2190 1393 2385 1475 1272,
2432 1392 2473 1454 5
2520 1390 2875 1456 novembris.

1570 1642 1676 1706 Ex
1724 1650 1876 1707 tom.
1925 1641 2249 1706 XXVIII.
2304 1641 2450 1706 cod.
2497 1643 2648 1728 dipl.
2695 1640 2865 1706 Eccl.
2910 1641 3085 1725 bon„
3135 1663 3309 1706 num.
3358 1641 3551 1711 XL..

894 1896 1248 1981 Gregorius
1276 1944 1290 1959 .
1320 1944 1335 1960 .
1366 1944 1379 1959 .
1409 1894 1636 1979 [X.](1)
1669 1894 1977 1958 fratribus
2023 1892 2431 1977 Hieronijmo
2478 1893 2558 1959 de
2604 1889 2864 1976 Esculo,
2914 1893 3303 1980 Raymundo
3349 1893 3771 1980 Berengarij,
3822 1895 4220 1980 Bonagratie
4268 1894 4348 1958 de

713 2009 937 2068 sancto
983 2003 1284 2070 Johanne
1330 2002 1395 2066 in
1442 2002 1785 2067 Perseceto
1832 2008 1898 2065 et
1942 2000 2401 2065 Bonaventure
2448 2000 2528 2064 de
2575 2000 2867 2086 Mugello
2916 2001 3269 2087 apostolice
3320 2000 3506 2065 Sedis
3559 2002 3824 2087 nuntijs.
4246 2070 4255 2077 ,

896 2110 1058 2175 Cum
1105 2131 1220 2175 vos
1253 2109 1335 2173 ad
1370 2110 1782 2195 magnificum
1814 2109 2023 2172 virum
2058 2107 2504 2199 Paleologum,
2538 2109 2994 2194 imperatorem
3028 2107 3383 2173 Grecorum
3416 2109 3752 2188 illustrem,
3786 2130 3928 2173 cum
3963 2109 4199 2174 nostris
4230 2109 4350 2174 sub

717 2227 893 2283 certa
939 2218 1149 2282 forma
1194 2217 1426 2281 litteris
1472 2216 1887 2297 destinemus,
1936 2217 2002 2279 in
2050 2216 2282 2302 quibus
2345 2216 2512 2280 inter
2576 2222 2792 2280 cetera
2839 2216 3201 2280 continetur
3248 2223 3319 2280 ut
3364 2216 3418 2280 si
3465 2216 3658 2298 velit,
3707 2216 3790 2280 ad
3837 2217 4350 2302 prosecutionem

717 2326 974 2391 illorum
1023 2326 1102 2390 de
1151 2325 1383 2411 quibus
1431 2325 1495 2388 in
1544 2324 1786 2389 eisdem
1833 2324 2064 2388 litteris
2111 2324 2346 2409 agitur,
2381 2330 2531 2387 ante
2579 2323 2887 2387 indictum
2936 2345 2975 2386 a
3023 2324 3206 2387 nobis
3254 2324 3558 2409 generale
3606 2324 3947 2388 concilium
3978 2325 4082 2389 vel
4114 2325 4178 2388 in
4213 2325 4352 2411 ipso

717 2435 987 2500 concilio
1051 2434 1370 2498 solemnes
1430 2432 1856 2518 apocrisarios
1905 2432 1986 2496 ad
2035 2452 2151 2495 nos
2197 2432 2438 2513 mittat,
2489 2452 2568 2494 ne
2615 2431 2836 2495 forsan
2883 2430 3053 2495 idem
3100 2431 3450 2516 imperator
3496 2452 3564 2495 se
3614 2431 3981 2515 hujusmodi
4029 2433 4352 2519 apocrisa-

718 2543 846 2607 rios
893 2542 1239 2606 securitate
1289 2562 1413 2604 non
1462 2539 1686 2604 habita
1732 2539 2063 2604 commode
2113 2538 2365 2603 mittere
2417 2560 2540 2602 non
2589 2560 2799 2624 posse,
2849 2546 3170 2621 causetur,
3217 2538 3402 2603 vobis
3450 2539 3766 2622 omnibus,
3814 2540 3917 2603 vel
3965 2539 4191 2623 tribus,
4240 2548 4354 2605 aut

716 2649 967 2714 duobus
1014 2670 1099 2712 ex
1145 2648 1364 2730 vobis,
1415 2649 1468 2711 si
1515 2648 1797 2733 reliquos
1844 2647 2141 2732 impediri
2189 2647 2549 2730 contingat,
2599 2646 2993 2710 concedendi
3039 2646 3280 2709 eisdem
3327 2647 3736 2732 apocrisariis
3784 2647 4196 2712 securitatem
4244 2670 4353 2712 ve·

718 2756 937 2821 niendi
982 2756 1066 2820 ad
1114 2754 1347 2820 Sedem
1395 2755 1836 2841 apostolicam,
1886 2754 1978 2817 ibi
2023 2754 2337 2836 morandi,
2386 2761 2451 2817 et
2498 2752 2731 2817 exinde
2781 2752 2864 2816 ad
2910 2754 3173 2838 propria
3220 2753 3551 2837 redeundi,
3584 2760 3776 2839 prout
3822 2754 4110 2819 videritis
4157 2776 4352 2841 expe·

717 2865 875 2947 dire,
909 2864 1170 2949 plenam
1214 2870 1280 2926 et
1324 2862 1598 2926 liberam
1645 2861 2029 2926 auctoritate
2076 2861 2471 2947 presentium
2518 2861 2927 2925 concedimus
2973 2860 3371 2925 facultatem.
3410 2860 3768 2925 Securitate
3810 2862 4178 2946 hujusmodi
4211 2871 4353 2927 tan-

715 2970 1045 3034 tummodo
1092 2990 1295 3055 usque
1344 2969 1428 3032 ad
1473 2968 1715 3032 dictum
1762 2968 2104 3033 concilium
2152 2969 2482 3032 duratura.
2532 2968 2636 3032 Ex
2683 2977 2835 3031 tunc
2883 2969 3088 3051 enim,
3132 2968 3185 3031 si
3235 2969 3660 3054 apocrisarios
3706 2970 3880 3056 ipsos
3929 2970 4013 3033 ad
4059 2969 4352 3035 eamdem

721 3077 954 3142 Sedem
999 3077 1221 3141 venire
1268 3076 1676 3161 contingerit,
1727 3076 1818 3140 eis
1866 3097 2061 3162 super
2109 3076 2229 3140 hoc
2278 3076 2479 3140 Sedes
2525 3076 2754 3140 eadem
2802 3076 3056 3162 plenius
3104 3076 3486 3162 providebit.

894 3183 1138 3248 Datum
1186 3183 1358 3269 apud
1405 3183 1940 3247 Urbemveterem
1990 3183 2175 3248 nonis
2224 3183 2611 3266 novembris,
2658 3185 3069 3269 pontificatus
3119 3184 3319 3248 nostri
3367 3205 3536 3248 anno
3584 3187 3810 3271 primo.

2477 3613 2595 3678 IV.

2180 3865 2371 3947 1273,
2420 3864 2506 3928 25
2553 3862 2907 3929 novembris

1596 4115 1701 4180 Ex
1748 4115 1975 4180 eodem
2023 4121 2196 4179 tomo
2250 4115 2394 4178 Cod.
2443 4115 2594 4200 dipl.
2643 4115 2810 4180 Eccl.
2857 4114 2990 4180 bon.
3018 4166 3035 4200 ,
3083 4138 3256 4181 num.
3305 4117 3485 4182 XLI.

902 4370 1257 4456 Gregorius
1286 4418 1299 4432 .
1332 4417 1346 4431 .
1376 4416 1390 4431 .
1419 4366 1557 4450 [X.]
1577 4367 1654 4431 (2)
1688 4366 1997 4431 fratribus
2044 4366 2446 4452 Hieronymo
2504 4365 2584 4430 de
2629 4365 2869 4430 Esculo
2917 4374 2985 4460 et
3027 4367 3424 4454 Bonagratie
3487 4369 3567 4433 de
3630 4377 3852 4434 sancto
3914 4370 4213 4436 Johanne
4283 4373 4348 4437 in

719 4480 1062 4543 Preseceto
1110 4475 1371 4541 Ordinis
1417 4474 1722 4538 Fratrum
1768 4473 2112 4537 Minorum.

895 4585 1185 4649 Labores
1232 4591 1480 4647 vestros
1526 4581 1809 4645 humano
1857 4587 2205 4667 pensantes
2252 4579 2513 4663 affectu,
2548 4580 2631 4644 ad
2671 4602 2786 4645 vos
2834 4589 3098 4667 propter
3143 4603 3253 4646 eos
3286 4584 3489 4647 multa
3520 4586 3962 4670 compassione
3996 4608 4348 4670 movemur,

720 4694 854 4776 sed,
903 4693 1056 4757 dum
1100 4692 1393 4756 levamus
1439 4688 1969 4754 considerationis
2018 4688 2237 4752 oculos
2284 4687 2497 4770 altius,
2546 4695 2611 4751 et
2658 4689 3051 4753 attendimus
3098 4711 3212 4754 vos
3261 4690 3326 4753 in
3374 4690 3547 4754 illius
3593 4692 3854 4756 servitio
3902 4694 4201 4759 laborare
4249 4695 4351 4758 cui

721 4822 1070 4887 numquam
1116 4800 1254 4863 sine
1298 4797 1816 4862 remuneratione
1865 4797 2162 4878 servitur,
2211 4795 2394 4860 vobis
2455 4816 2649 4881 super
2712 4796 2838 4859 illis
2897 4818 3025 4861 non
3089 4797 3456 4862 dubitamus
3517 4799 3731 4884 potius
3793 4801 4350 4885 congaudendum.

719 4909 965 4973 Verum
1012 4928 1139 4971 non
1187 4906 1577 4970 intendimus
1625 4905 1687 4968 in
1737 4905 1976 4969 talibus
2023 4904 2212 4989 plene
2261 4902 2482 4967 doctos
2529 4903 2881 4987 instruere,
2930 4904 3043 4968 sed
3090 4904 3337 4968 hortari
3380 4906 3593 4991 potius
3642 4913 3712 4970 ut
3758 4906 4051 4971 laborum
4107 4909 4355 4994 magni-

717 5016 1006 5081 tudinem
1053 5022 1230 5078 certa
1275 5034 1422 5099 spes
1469 5013 1778 5077 immense
1826 5010 2265 5075 retributionis
2312 5010 2574 5075 alleviet
2620 5018 2685 5074 et
2730 5011 3164 5076 laborantium
3212 5012 3422 5076 zelum
3469 5013 3800 5096 accendat,
3834 5014 4021 5078 utad
4059 5015 4352 5080 obtinen-

721 5124 872 5188 dum
916 5122 1206 5209 votivum
1251 5128 1546 5206 suscepte
1595 5119 2060 5184 commissionis
2107 5119 2352 5182 exitum
2399 5117 2696 5182 laborent
2742 5118 3107 5202 instantius,
3141 5128 3207 5184 et
3253 5119 3308 5183 si
3355 5128 3774 5204 augmentum
3819 5122 4022 5207 possit
4068 5123 4353 5208 ipsorum

720 5229 1083 5295 sollicitudo
1131 5228 1438 5314 recipere,
1487 5227 1796 5291 instantia
1839 5226 2101 5290 maioris
2149 5225 2522 5290 attentionis
2569 5225 2908 5289 intendant
2952 5226 3274 5312 recepturi
3320 5248 3359 5290 a
3405 5226 3705 5311 Domino,
3750 5228 3930 5311 illud,
3977 5236 4051 5294 ut
4093 5236 4352 5316 pretan·

721 5339 915 5424 gitur,
949 5335 1378 5400 inestimabile
1425 5334 1865 5398 retributionis
1913 5331 2273 5396 indubitate
2320 5332 2633 5418 premium
2684 5341 2748 5396 et
2795 5333 3131 5419 apostolici
3179 5334 3420 5398 favoris
3468 5342 3885 5420 augmentum
3924 5336 4189 5422 perinde
4223 5358 4350 5401 non

719 5445 1039 5508 immerito
1084 5442 1390 5508 habituri.
1426 5441 1725 5508 Ceterum
1774 5439 1946 5527 apud
1995 5439 2408 5525 magnificum
2439 5441 2647 5505 virum
2680 5439 3127 5527 Paleologum,
3161 5462 3501 5527 grecorum
3530 5442 3985 5528 imperatorem
4015 5443 4352 5527 illustrem,

721 5573 834 5616 vos
881 5551 1248 5637 specialiter
1294 5550 1535 5614 instare
1584 5548 1882 5613 volumus
1939 5555 2010 5611 ut
2071 5568 2214 5612 cum
2270 5549 2403 5611 suis
2450 5548 2693 5632 nuntijs
2739 5549 3030 5612 venturis
3078 5548 3161 5612 ad
3209 5548 3567 5614 Concilium
3613 5549 3703 5613 sic
3750 5550 4044 5614 celeriter
4093 5571 4206 5614 vos
4253 5572 4353 5615 re·

723 5659 955 5739 mittat,
1005 5656 1195 5742 quod,
1244 5663 1505 5721 auctore
1553 5655 1854 5738 Domino,
1902 5655 2109 5720 eidem
2160 5654 2447 5719 Concilio
2494 5655 2752 5741 possitis
2798 5656 3224 5742 personaliter
3272 5656 3604 5721 interesse.

899 5764 1144 5829 Datum
1190 5763 1516 5849 Lugduni,
1565 5764 1837 5850 septimo
1886 5762 2201 5828 kalendas
2250 5762 2628 5845 decembris,
2676 5763 3087 5849 pontificatus
3135 5764 3337 5828 nostri
3384 5785 3553 5827 anno
3601 5764 3902 5829 secundo.

887 6442 965 6508 (1)
1005 6440 1089 6492 Ex
1127 6456 1241 6509 reg.
1277 6440 1321 6491 Ι.
1362 6439 1527 6508 Greg.
1564 6437 1664 6505 X„
1702 6456 1788 6508 ep.
1828 6443 1915 6504 40,
1954 6439 2050 6491 fol.
2090 6441 2177 6505 62,
2214 6456 2301 6491 an.
2338 6438 2748 6507 MCCLXXII.,
2788 6439 2855 6491 V.
2894 6440 3222 6493 novembris.

889 6532 967 6597 (2)
1005 6529 1090 6581 Ex
1128 6546 1241 6599 reg.
1281 6527 1326 6580 1.
1366 6528 1530 6598 Greg.
1566 6527 1667 6594 X„
1706 6545 1793 6597 ep.
1831 6529 1897 6581 de
1938 6527 2102 6580 Curia
2139 6529 2248 6595 11.,
2285 6529 2382 6581 fol.
2425 6532 2542 6595 107,
2580 6528 3023 6595 MOGLXXIII„
3060 6528 3238 6581 XXV.
3277 6529 3603 6582 novembris.

1101 6740 1237 6778 ron.
1265 6739 1329 6777 11.
3418 6777 3423 6780 ,
4124 6729 4186 6778 81
