5542 7775
1153 546 1197 616 4
2428 569 2528 619 me:
2590 568 2856 620 'rnoMA
2913 568 3510 621 nrrnovA'ercm

1852 900 2127 964 Joannes
2176 900 2410 984 Sfonia
2456 902 2532 966 de
2576 902 2932 987 Araqonia,
2988 901 3198 967 Comes
3249 902 3627 989 Cotiynolae,
3679 903 3934 968 Pisauri
3979 912 4083 969 etc.

2444 1008 2532 1072 ad
2564 1016 2928 1093 perpetuam
2977 1012 3068 1073 rei
3113 1012 3488 1075 memoricnn.

1330 1219 1810 1308 Saepenumero
1836 1220 1914 1284 (¹)
1947 1241 2167 1284 sumus
2215 1218 2511 1284 arbitrati
2556 1219 2716 1284 nihil
2763 1242 2905 1285 esse
2951 1221 3122 1308 quod
3170 1215 3378 1308 magis
3426 1245 3500 1287 ac
3547 1224 3755 1308 magis
3798 1225 4108 1311 optimum
4154 1224 4379 1289 deceat
4410 1225 4784 1311 principem,

1150 1351 1346 1416 quam
1392 1328 1503 1392 diu
1549 1336 1613 1393 et
1661 1334 1854 1392 noctu
1902 1327 2177 1413 negotiis
2223 1327 2545 1414 occupari,
2580 1328 2748 1392 curis
2783 1329 3054 1393 excitari
3101 1337 3165 1394 et
3212 1329 3486 1395 assiduis
3534 1331 4031 1416 cogitationibus
4079 1331 4349 1396 distrahi
4396 1353 4513 1419 pro
4564 1331 4786 1397 subdi·

1149 1446 1362 1503 torum
1407 1458 1669 1502 snorum
1717 1437 1959 1518 salute,
2010 1457 2168 1523 pace
2234 1443 2299 1500 et
2360 1435 2715 1501 commodo.
2766 1436 2897 1501 Sed
2959 1438 3353 1524 praeclarius
3403 1460 3624 1503 eorum
3670 1460 3867 1503 causa
3912 1439 4012 1503 his
4061 1440 4402 1505 instantius
4451 1439 4785 1504 intendere

1150 1545 1361 1626 rebus,
1398 1543 1750 1608 ferventius
1796 1564 2028 1607 vacare
2077 1551 2141 1607 et
2189 1543 2519 1629 operosius
2568 1543 3065 1608 sollicitudinem
3112 1545 3450 1631 impartiri,
3486 1545 3718 1631 quibus
3767 1546 3934 1610 inter
3980 1568 4089 1611 eos
4137 1547 4443 1633 praecisis
4493 1546 4787 1611 dissidio-

1150 1674 1293 1717 rum
1338 1651 1645 1716 radicitus
1694 1650 1998 1737 vepribus
2045 1657 2110 1714 et
2158 1650 2509 1735 litigiorum
2557 1651 2955 1715 anfractibus
3004 1652 3263 1717 omnino
3311 1652 3611 1735 seductis,
3645 1653 3823 1740 pacis
3871 1654 4306 1740 tranquillitas
4357 1654 4603 1740 vigeat,
4637 1675 4788 1718 con-

1150 1759 1407 1825 cordiae
1453 1759 1667 1823 unitas
1715 1757 2069 1822 invalescat
2114 1764 2179 1822 et
2227 1758 2589 1822 animorum
2636 1758 3005 1844 idemptitas
3054 1765 3458 1846 perseveret3
3490 1781 3637 1824 cum
3684 1782 3866 1825 amor
3910 1767 3975 1825 et
4017 1761 4228 1846 gratia
4260 1782 4338 1825 ea
4373 1762 4522 1844 sint,
4555 1760 4787 1848 quibus

1151 1867 1368 1932 omnia
1414 1874 1479 1931 et
1526 1873 1836 1951 regantur
1882 1871 1946 1929 et
1993 1871 2556 1950 augumententur,
2592 1864 2810 1929 odium
2855 1887 3009 1930 vero
3058 1873 3122 1930 et
3169 1866 3508 1950 discordia,
3543 1867 3774 1952 quibus
3822 1867 4198 1933 decrescant
4237 1877 4302 1933 et
4334 1868 4786 1932 dissolvantur.

1152 1973 1237 2038 Et
1296 1981 1478 2039 tanto
1541 1972 1871 2037 uberiores
1933 1973 2179 2036 fructus
2241 1992 2319 2036 ea
2384 1993 2525 2036 esse
2586 1980 2958 2056 noscuntur,
3007 1979 3248 2059 quanto
3295 1973 3361 2037 id
3410 1973 3742 2038 observari
3789 1975 4123 2061 contingat
4169 1975 4335 2040 inter
4383 1975 4678 2040 doctores
4722 1982 4788 2039 et

1150 2081 1400 2168 equites
1447 2088 1512 2145 et
1558 2079 1793 2143 milites
1841 2080 2301 2165 cujuscumque
2349 2078 2589 2165 gradus
2636 2085 2702 2144 et
2748 2080 3168 2163 conditionis3
3202 2081 3311 2167 qui
3352 2081 3448 2145 uti
3488 2081 3650 2146 alios
3698 2087 3763 2145 et
3806 2082 4152 2146 virtutibus
4198 2090 4263 2146 et
4312 2082 4597 2147 moribus
4642 2081 4787 2145 illu-

1150 2190 1413 2255 striores
1476 2187 1721 2252 anteire
1784 2186 2054 2268 debent,
2104 2187 2195 2251 ita
2242 2187 2513 2251 caeteris
2560 2187 2972 2252 inferioribus
3020 2189 3198 2275 pacis
3245 2196 3308 2253 et
3356 2189 3735 2253 concordiae
3785 2190 4155 2276 exemplum
4199 2191 4366 2255 bene
4414 2197 4478 2254 et
4524 2189 4788 2276 pacifice

1153 2296 1413 2362 vivendi
1458 2296 1538 2360 de
1588 2317 1655 2359 se
1703 2302 1837 2358 tam
1884 2293 2138 2380 publice
2188 2315 2382 2380 quam
2430 2295 2732 2380 privatim
2780 2296 3151 2360 exhibeant.
3185 2295 3448 2360 Dudum
3495 2296 3812 2381 siquidem
3859 2297 4125 2361 suborta
4174 2296 4580 2361 contentione
4625 2296 4791 2361 inter

1150 2407 1444 2470 doctores
1490 2410 1555 2467 et
1603 2403 1838 2466 milites
1886 2401 2164 2466 civitatis
2213 2408 2470 2466 nostrae
2517 2401 2795 2484 Pisauri,
2830 2402 2972 2488 quis
3020 2424 3242 2467 eorum
3290 2403 3606 2488 praeferri
3651 2403 3913 2484 debeat,
3949 2403 4103 2468 dum
4149 2404 4212 2468 in
4260 2404 4592 2468 hominum
4639 2426 4789 2468 con-

1152 2520 1350 2577 ventu
1397 2512 1707 2575 assistunt
1755 2515 1868 2573 aut
1914 2508 2352 2591 deambulant,
2385 2508 2506 2573 hoc
2555 2509 2621 2572 in
2668 2515 3051 2596 perpetuum
3099 2510 3377 2574 valituro
3418 2510 3677 2575 decreto
3709 2511 4082 2595 hujusmodi
4114 2511 4522 2576 ambitiosam
4552 2510 4790 2576 discor-

1150 2620 1323 2684 diam
1370 2619 1792 2704 extirpantes,
1826 2622 2004 2680 motu
2045 2616 2304 2702 proprio
2353 2622 2418 2680 et
2464 2638 2548 2679 ex
2589 2623 2765 2680 certa
2798 2616 2995 2680 animi
3029 2617 3230 2681 nostri
3261 2617 3530 2682 scientia
3563 2624 3628 2682 et
3660 2617 3739 2682 de
3773 2623 3994 2682 nostra
4025 2618 4422 2703 plenitudine
4455 2618 4792 2704 potestatis

1150 2727 1575 2807 decernimus,
1610 2723 1990 2788 mandamus
2040 2731 2104 2788 et
2152 2723 2467 2806 volumus,
2503 2729 2575 2787 ut
2614 2745 2697 2787 ex
2743 2722 3112 2789 doctoribus
3162 2725 3520 2805 antedictis,
3556 2726 3665 2810 qui
3712 2732 3861 2789 sunt
3905 2733 3970 2789 et
4018 2725 4128 2810 qui
4168 2725 4232 2789 in
4276 2724 4565 2790 futurum
4603 2733 4792 2790 erunt

1154 2833 1353 2899 nostri
1401 2832 1667 2897 dominii
1714 2830 1954 2895 subditi
1998 2838 2062 2895 et
2109 2831 2388 2895 civitatis
2446 2838 2702 2895 nostrae
2758 2830 3017 2894 Pisauri
3083 2831 3255 2895 cives
3319 2839 3383 2895 et
3453 2831 3885 2914 habitatores,
3933 2832 3988 2895 is
4054 2832 4198 2895 aliis
4261 2832 4666 2918 praeferatur
4726 2833 4791 2896 in

1151 2961 1553 3027 quocumque
1600 2939 1762 3020 loco,
1798 2939 1862 3002 in
1910 2960 2035 3023 quo
2084 2938 2433 3002 convenire.
2474 2938 2828 3022 contingat,
2863 2938 2973 3023 qui
3020 2938 3198 3024 prius
3246 2938 3615 3002 doctoratus
3661 2938 3970 3003 honorem
4016 2939 4138 3002 sub
4171 2939 4460 3024 rigoroso
4493 2940 4791 3004 examine

1149 3049 1217 3113 in
1267 3047 1493 3112 Studio
1541 3045 1831 3131 generali
1879 3053 2210 3109 assecutus
2258 3045 2471 3128 fuerit,
2520 3045 2655 3109 sive
2704 3045 2788 3108 sit
2836 3045 3070 3109 artium
3119 3052 3183 3109 et
3232 3045 3588 3110 medicinae
3636 3045 3877 3128 doctor,
3922 3045 4057 3110 sive
4099 3046 4265 3131 juris
4315 3046 4521 3110 civilis
4568 3068 4644 3111 ac
4690 3068 4793 3111 ca-

1150 3155 1365 3220 nonici
1410 3162 1523 3218 aut
1566 3154 1732 3237 juris
1779 3152 1984 3216 civilis
2033 3158 2283 3216 tantum
2333 3159 2445 3216 aut
2486 3151 2653 3236 juris
2701 3152 2994 3216 canonici
3041 3159 3322 3235 tantum,
3357 3174 3484 3216 non
3535 3153 3830 3217 obstante
3874 3152 4046 3239 quod
4080 3153 4190 3239 qui
4221 3153 4539 3240 posterius
4571 3153 4793 3218 doctor

1150 3263 1365 3345 fuerit,
1414 3262 1654 3346 alleget
1701 3281 1768 3324 se
1834 3281 1973 3324 esse
2032 3259 2361 3323 doctorem
2419 3260 2611 3324 etiam
2656 3259 2824 3343 juris
2872 3260 3183 3342 canonici,
3226 3267 3290 3325 et
3337 3281 3464 3323 non
3513 3259 3807 3324 obstante
3856 3260 4051 3324 etiam
4098 3260 4269 3346 quod
4318 3261 4633 3346 posterior
4681 3261 4792 3325 do-

1151 3377 1288 3436 ctor
1335 3370 1576 3454 alleget
1621 3389 1689 3432 se
1737 3367 2052 3454 equestris
2100 3366 2433 3452 dignitatis
2482 3367 2668 3430 titulo
2719 3366 3125 3452 insignitum,
3174 3367 3519 3432 dummodo
3580 3389 3708 3432 non
3771 3373 4047 3450 constet,
4100 3367 4272 3453 qnod
4334 3389 4449 3454 pro
4507 3368 4795 3454 quolibet

1151 3477 1360 3563 gradu
1408 3475 1779 3542 Commun²s
1824 3474 2082 3539 Pisauri
2128 3474 2207 3538 ad
2257 3474 2468 3538 minus
2515 3475 2726 3540 solvat
2776 3474 2841 3538 in
2893 3474 3233 3539 Communi
3265 3475 3463 3539 libras
3498 3482 3774 3561 quatuor
3808 3475 4296 3540 Bononinorum
4328 3497 4445 3562 pro
4477 3477 4618 3559 ejus
4651 3483 4793 3539 rata

1150 3585 1508 3665 dumtaxat,
1544 3582 1695 3669 quia
1742 3589 1894 3647 tunc
1940 3582 2234 3646 doctores
2282 3587 2347 3645 et
2394 3581 2627 3646 milites
2674 3582 2819 3646 aliis
2867 3581 3319 3668 praeferantur
3365 3582 3754 3664 doctoribus,
3802 3583 3912 3667 qui
3966 3604 4092 3646 non
4140 3581 4376 3646 fuerint
4423 3581 4794 3667 hujusmodi

1150 3691 1391 3778 gradus
1438 3692 1896 3778 praerogativa
1942 3690 2250 3775 insignes,
2285 3696 2349 3753 et
2398 3711 2522 3753 non
2560 3688 2856 3753 obstante
2890 3690 3106 3772 etiam,
3143 3689 3313 3775 quod
3346 3690 3607 3775 alleget,
3641 3710 3709 3753 se
3744 3711 3884 3753 esse
3920 3689 4451 3753 contubernalem
4483 3697 4791 3773 nostrum,

1149 3807 1215 3864 et
1264 3821 1391 3864 non
1438 3799 1733 3863 obstante
1780 3799 1976 3862 etiam
2023 3796 2193 3883 quod
2240 3818 2308 3860 se
2359 3803 2676 3860 assereret
2722 3818 2862 3860 esse
2912 3796 3298 3860 advocatum
3345 3796 3655 3861 Gamerae
3705 3802 3961 3861 nostrae
4018 3796 4292 3879 fiscalis,
4347 3796 4471 3859 nisi
4517 3796 4596 3860 de
4644 3819 4794 3861 con-

1151 3908 1474 3973 tubernali
1522 3907 1835 3972 advocato
1882 3905 2088 3969 fiscali
2133 3926 2249 3991 per
2295 3926 2412 3969 nos
2463 3905 2800 3989 contingat
2846 3904 3035 3968 aliter
3082 3904 3385 3968 ordinari.
3418 3903 3505 3968 Et
3551 3912 3896 3991 postrem0,
3931 3925 4059 3968 non
4104 3904 4398 3968 obstante
4447 3904 4617 3990 quod
4651 3906 4793 3992 quis

1154 4023 1343 4079 natus
1390 4020 1560 4080 esset
1608 4014 1671 4078 in
1720 4014 2027 4078 comitatu
2076 4018 2293 4076 nostro
2341 4012 2634 4093 Pisauri,
2683 4011 3029 4075 dummodo
3096 4011 3305 4075 dictae
3361 4018 3619 4075 nostrae
3677 4010 3954 4075 civitatis
4002 4011 4085 4075 sit
4128 4010 4285 4075 civis
4333 4020 4397 4077 et
4445 4022 4793 4100 perpetuus

1154 4124 1482 4188 habitator
1527 4130 1592 4187 et
1638 4122 1896 4202 doctor,
1931 4120 1973 4183 ii
2026 4141 2179 4184 vero
2229 4120 2432 4183 nostri
2473 4120 2666 4201 cives,
2701 4119 2812 4204 qui
2845 4126 3032 4183 erunt
3066 4119 3465 4183 solummodo
3500 4119 3785 4183 decorati
3817 4120 4100 4205 equestri
4132 4119 4466 4206 dignitate,
4501 4121 4796 4186 omnibus

1155 4229 1525 4295 doctoribus
1572 4229 2043 4314 praeferantur,
2092 4227 2203 4312 qui
2251 4246 2378 4290 non
2425 4225 2665 4290 fuerint
2714 4226 2950 4289 milites
2996 4226 3253 4290 solvant
3297 4225 3364 4289 in
3412 4226 3734 4290 communi
3801 4248 3918 4312 pro
3980 4226 4269 4312 quolibet
4324 4228 4530 4311 gradu
4591 4227 4795 4292 dictas

1157 4345 1434 4424 quatuor
1478 4336 1711 4418 libras3
1755 4335 1926 4399 circa
1971 4334 2093 4398 hoc
2140 4341 2355 4397 tamen
2404 4334 2601 4397 etiam
2648 4339 2866 4397 nostro
2915 4332 3181 4397 arbitrio
3229 4333 3417 4397 aliter
3464 4333 3804 4397 ordinandi
3850 4355 4102 4419 semper
4150 4334 4354 4399 salvo,
4387 4333 4473 4398 Et
4507 4342 4576 4398 ut
4607 4356 4794 4421 prae-

1157 4467 1305 4509 sens
1354 4451 1642 4509 nostrum
1689 4443 2019 4506 decretum
2063 4441 2253 4505 simul
2302 4441 2531 4505 edatur
2576 4448 2641 4505 et
2687 4447 3067 4526 exequatur,
3103 4448 3174 4505 ut
3221 4440 3535 4526 exemplis
3582 4441 3648 4503 in
3698 4439 3986 4504 futurum
4032 4441 4303 4506 intentio
4336 4449 4556 4506 nostra
4588 4443 4795 4528 magis

1158 4552 1537 4632 innotescat,
1587 4571 1822 4636 operae
1870 4549 2149 4635 pretium
2192 4569 2334 4612 esse
2382 4547 2709 4631 ducinmS,
2757 4548 3051 4611 doctores
3100 4554 3232 4611 tam
3283 4548 3562 4612 medicos
3612 4569 3807 4632 quam
3847 4548 4116 4631 juristas
4164 4548 4455 4613 subditos
4503 4556 4791 4631 nostros,

1157 4660 1269 4744 qui
1314 4659 1380 4722 in
1425 4656 1794 4745 praesentia
1840 4656 2041 4720 vitam
2090 4656 2382 4740 exigunt,
2431 4654 2842 4741 infrascripto
2893 4655 3080 4718 modo
3129 4654 3518 4719 ordinandos
3563 4676 3724 4736 esse,
3775 4654 4108 4720 videlicet:

1334 4871 1652 4937 Dominus
1700 4869 1993 4934 Joannes
2039 4868 2411 4933 Ludovicus
2460 4868 2538 4932 de
2585 4868 2886 4932 Farnetis
2933 4868 3016 4931 sit
3062 4868 3306 4955 primns
3353 4868 3417 4932 in
3466 4867 3709 4932 ordine.

1332 4978 1650 5043 Dominus
1695 4976 2004 5041 Nicolaus
2051 4976 2130 5040 de
2193 4975 2456 5059 Sajano,
2519 4975 2739 5061 legum
2800 4975 3043 5058 doctor,
3110 4974 3463 5057 secundus,
3514 4975 3624 5060 qui
3674 4981 3899 5061 postea
3945 4974 4327 5061 praecessit,
4376 4976 4527 5061 quia
4586 4975 4793 5040 factus

1318 5078 1325 5084 ’
1513 5106 1711 5171 eques
1761 5106 1800 5148 a
1849 5084 2112 5149 Summo
2157 5083 2492 5148 Pontifice.

1334 5194 1649 5280 Magister
1695 5192 2005 5259 Camillus
2053 5191 2133 5256 de
2179 5190 2560 5273 Leonardis,
2609 5191 2847 5254 artium
2893 5197 2958 5255 et
3002 5189 3358 5255 medicinae
3405 5189 3647 5273 doctor,
3696 5190 3943 5255 tertius.

1334 5301 1649 5387 Magister
1695 5300 2058 5382 Zaccarias,
2110 5300 2346 5363 artium
2391 5305 2455 5362 et
2501 5297 2858 5362 medicinae
2905 5298 3147 5380 doctor,
3198 5305 3485 5384 quartus

1333 5408 1650 5473 Dominus
1698 5407 2068 5472 Ludovicus
2116 5406 2196 5470 de
2248 5405 2654 5488 Candelaria,
2702 5405 2924 5490 legum
2971 5404 3213 5487 doctor,
3263 5405 3543 5491 quintus.

1333 5516 1649 5581 Dominus
1696 5515 1928 5601 Dynus
1976 5515 2055 5578 de
2104 5514 2503 5599 Zegnarolis,
2551 5513 2769 5598 legum
2818 5512 3062 5595 doctor,
3111 5513 3194 5577 sit
3240 5513 3306 5576 in
3353 5513 3575 5577 ordine
3623 5520 3863 5577 sextus.

1334 5623 1651 5689 Dominus
1698 5622 2078 5686 Vincentius
2127 5621 2207 5685 de
2255 5620 2609 5702 Fidelibns,
2652 5620 2820 5703 juris
2867 5621 3199 5705 utriusque
3248 5620 3490 5701 doctor,
3540 5619 3868 5705 septimus.

1335 5731 1651 5796 Dominus
1696 5730 1931 5795 Petrus
1978 5729 2347 5794 Ludovicus
2395 5727 2474 5792 de
2520 5727 2725 5810 Fano,
2768 5728 2988 5813 legum
3034 5727 3257 5791 doctor
3304 5726 3382 5790 de
3434 5726 3794 5809 Saracenis,
3829 5727 3986 5791 civis
4028 5734 4092 5792 et
4148 5727 4472 5791 habitator
4519 5725 4794 5806 Pisauri,

1520 5839 1602 5902 sit
1648 5838 1716 5901 in
1764 5837 1987 5902 ordine
2035 5844 2321 5901 octavus.

1335 5946 1651 6032 Magister
1698 5945 2019 6032 Ippolitus
2068 5944 2146 6008 de
2194 5942 2573 6025 Dominicis,
2624 5942 2861 6007 artium
2909 5950 2974 6006 et
3020 5942 3377 6006 medicinae
3423 5942 3665 6023 doctor,
3718 5963 3941 6006 nonus·

1335 6054 1650 6118 Dominus
1699 6053 1987 6118 Joannes
2034 6050 2299 6116 Mattias
2347 6051 2426 6114 de
2474 6049 2775 6131 Janotiis,
2825 6050 3045 6134 legum
3092 6049 3335 6132 doctor,
3385 6048 3690 6114 decimus.

1315 6376 1394 6440 (1)
1435 6374 1516 6424 Ex
1552 6373 1693 6425 libro
1734 6370 1805 6424 Ῑ.ο
1845 6372 2224 6437 Decretorum,
2262 6372 2317 6422 in
2371 6368 2680 6422 Secretaria
2720 6368 3120 6421 illustrissimae
3162 6368 3580 6421 Communitatis
3621 6368 3962 6421 pisaurensis
4004 6368 4293 6434 existente,
4330 6368 4395 6418 ad
4437 6384 4560 6436 pag.
4599 6370 4687 6418 54.
