5542 7775
2146 612 2527 664 APPENDIX
2580 610 2882 661 ALTERA

810 775 1042 839 Frater
1072 773 1463 838 Rambertus
1488 772 1567 836 de
1599 770 1848 835 Prima·
1879 775 1899 846 x

689 884 892 966 diciis,
941 884 1251 968 magister
1298 881 1362 944 in
1410 878 1738 964 theologia

810 993 1041 1057 Frater
1076 988 1450 1053 Manfredus
1483 987 1561 1050 de
1595 986 1841 1050 Doaria
1999 983 2079 1048 de
2126 982 2369 1048 Ordine

810 1101 1041 1166 Frater
1090 1098 1354 1184 Symon,
1404 1094 1716 1182 Supprior
2036 1090 2339 1154 Fratrum

809 1207 1043 1272 Frater
1091 1203 1420 1269 Gerardus
1466 1202 1694 1266 Tuscis
1940 1198 2448 1263 Predicatorum.

811 1315 1045 1379 Frater
1094 1311 1306 1377 Guido
1354 1310 1434 1374 de
1480 1309 1717 1395 Apoxa

811 1422 1043 1486 Frater
1089 1420 1344 1500 PetruS‚
1394 1415 1778 1481 tridentinus
1881 1455 1899 1495 s

810 1529 1128 1611 Dominus
1175 1526 1545 1606 Johannes,
1595 1520 2106 1587 Archidiaconus
2158 1517 2450 1583 tridenti·

687 1660 828 1721 nus,
876 1636 1154 1702 vicarius
1203 1632 1444 1697 domini
1490 1629 1902 1695 bononiensis
1947 1626 2273 1713 Episcopi.

811 1744 1131 1810 Dominus
1200 1738 1695 1804 Bartholuccius
1765 1736 1845 1800 de
1903 1734 2184 1820 Preytis,
2230 1733 2450 1819 legum

687 1853 929 1919 doctor.

811 1957 1130 2023 Dominus
1177 1953 1580 2019 Bonvilanus
1626 1952 1706 2016 de
1770 1949 2213 2032 Thederixiis,
2256 1946 2451 2033 juris·

688 2073 1044 2238 penFlsszszter
1090 2168 1475 2234 Millidosius
1522 2167 1602 2231 de
1650 2165 1898 2248 Corvis,
1936 2162 2195 2229 Ordinis
2227 2159 2451 2226 Predi-

689 2289 998 2347 catorum.

1430 2362 1719 2428 MOCCI.

809 2477 1040 2542 Frater
1101 2474 1525 2555 Franciscus,
1596 2471 1935 2557 episeopus
2003 2466 2450 2548 salubriensis,

692 2585 955 2652 Ordinis
1001 2584 1511 2649 Predicatorum.

810 2692 1042 2757 Frater
1086 2691 1501 2772 Rambertus,
1548 2693 1670 2752 etc.

810 2798 1044 2863 Frater
1091 2797 1496 2883 Aymerieus,
1543 2796 1748 2860 lector
1791 2794 1859 2856 in
1906 2797 2246 2857 conventu.

811 2906 1130 2972 Dominus
1176 2906 1495 2969 Martinus
1541 2902 1621 2967 de
1670 2899 2040 2982 Sulimanis‚
2075 2899 2295 2984 legum
2340 2896 2453 2962 do-

688 3020 846 3080 ctor.

812 3123 1130 3188 Dominus
1175 3119 1672 3201 Bonincontrus,
1721 3124 1842 3183 etc.

815 3230 1131 3295 Dominus
1177 3227 1479 3292 Julianus
1527 3225 1768 3290 domiui
1801 3222 2053 3289 Cambii
2083 3222 2162 3287 de
2197 3220 2454 3286 Gratia-

687 3338 830 3420 diis‚
878 3338 1095 3424 legum
1142 3336 1385 3401 doctor.

810 3445 1128 3511 Dominus
1177 3443 1468 3528 Agneius
1507 3441 1585 3506 de
1618 3440 1905 3520 Hericio‚
1933 3438 2344 3525 jurisperitus
2391 3442 2457 3502 et

688 3553 1062 3640 capellanus
1109 3551 1350 3616 domini
1396 3549 1702 3636 Episcopi
1747 3546 2180 3614 bononiensis.

1408 3711 1733 3778 MCOOII.

797 3811 1133 3888 ‘Dominus
1178 3821 1527 3904 Mattheus,
1561 3820 1907 3884 canonicus
1939 3816 2454 3906 foropopulensis

690 3939 754 3996 et
799 3932 1077 3995 vicarius
1136 3929 1525 3994 venerabilis
1593 3927 1795 4015 patris
1843 3926 2085 3992 domini
2149 3924 2456 4012 Episcopi

686 4037 1121 4104 bononiensis.

812 4144 1130 4210 Dominus
1201 4142 1498 4208 Andreas
1524 4192 1541 4226 ,
1612 4141 2111 4229 archipresbiter
2186 4139 2454 4205 ecclesie

695 4252 959 4337 majoris
1006 4250 1211 4315 sancti
1257 4251 1438 4315 Petri
1483 4250 1564 4313 de
1610 4249 1927 4314 Bononia.

812 4359 1131 4424 Dominus
1177 4358 1485 4422 Nicolaus
1535 4357 1777 4421 domini
1827 4355 2155 4421 Rodolfini
2201 4355 2280 4420 de
2326 4354 2455 4419 La-

691 4466 927 4549 meriis,
970 4465 1404 4552 jurisperitus.

1394 4590 1756 4656 MOCCIII.

809 4700 1128 4766 Dominus
1178 4700 1391 4765 Guido
1439 4700 1519 4764 de
1566 4699 1856 4782 Abaisio,
1891 4699 2293 4764 decretorum
2340 4697 2453 4762 do-

690 4813 829 4872 ctor
875 4814 940 4870 et
964 4806 1499 4890 archidiaconus,
1548 4812 1670 4870 etc.

811 4913 1129 4978 Dominus
1192 4913 1648 4977 Lambertinus
1692 4912 1772 4977 de
1818 4912 2303 5000 Ramponibus,
2360 4913 2450 4976 le·

687 5041 843 5107 gum
889 5020 1131 5084 doctor.

810 5127 1128 5192 Dominus
1192 5127 1599 5193 Rolandinus
1652 5127 1895 5192 domini
1943 5127 2256 5192 Guidonis
2302 5126 2454 5191 Bel-

688 5234 856 5317 visii‚
905 5234 1309 5299 decretorum
1355 5234 1598 5299 doctor.
2054 5231 2061 5238 ’

812 5341 1045 5407 Frater
1088 5343 1474 5428 Aymericus
1523 5342 1960 5426 bononiensis,
1998 5342 2259 5408 Ordinis
2304 5342 2462 5407 Pre-

696 5447 1075 5533 dicatorum,
1129 5449 1445 5536 Supprior
1490 5450 1555 5514 in
1609 5458 1928 5515 conventu
1973 5449 2288 5515 Bononie.

815 5555 1047 5621 Frater
1090 5557 1324 5621 Petrus
1373 5556 1452 5621 de
1498 5556 1826 5623 Forolivio
1861 5557 2123 5624 Ordinis
2154 5556 2458 5622 Prediea-

693 5668 925 5728 torum.

1394 5772 1748 5838 MCOOIV.

813 5876 1132 5942 Dominus
1181 5879 1557 5944 Albertinus
1601 5879 1895 5965 Ughetti,
1943 5879 2164 5966 legum
2208 5879 2450 5945 doctor.

815 5985 1134 6050 Dominus
1169 5985 1520 6051 Ottavante
1547 5987 1787 6051 domini
1813 5987 2173 6053 Guidolotti
2200 5987 2279 6052 de
2303 5987 2453 6053 Flo-

692 6092 921 6175 rentia,
969 6092 1376 6158 decretorum
1422 6093 1664 6160 doctor.

819 6324 896 6390 (1)
936 6323 1001 6375 In
1028 6324 1230 6377 codicis
1254 6325 1543 6395 principio,
1567 6330 1706 6380 teste
1735 6327 2063 6380 Fattorinio:
2088 6328 2349 6380 Est-scribi
2370 6344 2460 6380 cu-

691 6413 838 6463 ravit
869 6413 1277 6465 illustrissimus
1311 6421 1359 6466 et
1381 6416 1859 6470 reverendissimus
1873 6418 2104 6485 praesul
2128 6417 2462 6470 Franciscus

692 6501 1019 6568 Ammonius,
1037 6503 1268 6569 optimus
1293 6506 1863 6572 &praestantissimus
1881 6507 2148 6560 Caesenae
2172 6510 2462 6575 episcopus,

691 6605 844 6657 quem
886 6590 974 6642 hic
1009 6591 1299 6645 devotionis
1334 6598 1383 6645 et
1419 6596 1693 6649 amicitiae
1729 6598 1889 6649 etiam
1926 6613 2093 6649 causa
2128 6599 2465 6654 nominatum

4181 577 4339 656 303'

2699 764 3018 830 Dominus
3064 764 3350 829 Jacobus
3397 764 3638 829 domini
3685 761 4000 827 Gnidonis
4046 760 4337 843 Belvisii,

2575 871 2794 958 legum
2842 871 3084 937 doctor.

2701 979 3017 1045 Dominus
3065 979 3475 1062 Gratiadeus,
3523 978 3929 1043 decretorum
3972 976 4217 1059 doctor,
4263 976 4336 1039 fi-

2576 1086 2701 1150 lius
2748 1087 2990 1151 domini
3036 1086 3286 1152 Juliani
3333 1086 3604 1152 cambii.

2704 1194 3022 1259 Dominus
3067 1193 3432 1258 Ubaldinus
3479 1193 3721 1257 domini
3760 1191 4029 1257 Antonii
4067 1190 4146 1255 de
4182 1190 4338 1255 Gal·

2574 1301 2782 1384 luciis,
2829 1301 3046 1386 legum
3095 1300 3338 1366 doctor.

2699 1407 2937 1472 Frater
2982 1407 3316 1473 Johannes
3376 1407 3755 1494 parmensis,
3804 1406 4066 1472 Ordinis
4112 1405 4338 1470 Predi-

2577 1522 2889 1598 catorum,
2940 1515 3140 1580 lector
3185 1516 3250 1579 in
3298 1521 3618 1580 conventu
3662 1513 3976 1579 Bononie.

2699 1622 2934 1687 Frater
2978 1623 3333 1687 Petrisolus
3395 1621 3474 1686 de
3522 1622 3775 1708 Aposa,
3825 1620 4085 1686 Ordinis
4131 1619 4339 1685 Mino-

2574 1750 2738 1793 rum.

2697 1836 2931 1901 Frater
2978 1837 3407 1902 Thomasinus
3451 1835 3830 1924 parmensis,
3864 1833 4018 1899 dicti
4058 1833 4339 1899 Ordinis.

2702 1948 3021 2014 Dominus
3087 1948 3453 2014 Ubaldinus
3513 1948 3594 2013 de
3652 1947 4059 2030 Malavoltis,
4119 1946 4339 2032 legum

2576 2053 2820 2120 doctor.

2703 2162 3023 2228 Dominus
3065 2164 3312 2229 Paulus
3358 2163 3601 2228 domini
3657 2161 3923 2227 Martini
3985 2160 4337 2244 Sulimani,

2576 2268 2799 2354 legum
2844 2269 3086 2336 doctor.

3306 2396 3621 2463 MGGCV.

2705 2501 2938 2568 Frater
2986 2504 3358 2569 Gualterius
3389 2504 3469 2569 de
3507 2504 3859 2588 Florentia,
3893 2504 4153 2570 Ordinis
4185 2503 4340 2567 Pre-

2583 2611 2969 2698 dicatorum,
3017 2613 3242 2678 doctor
3287 2614 3352 2678 in
3399 2619 3673 2700 utroque
3714 2614 3883 2697 jure.

2708 2719 3025 2785 Dominus
3070 2721 3405 2786 Johaunes
3461 2721 3541 2785 de
3589 2719 3889 2803 Calcina,
3937 2719 4340 2785 decretorum

2579 2825 2821 2892 doctor.

3282 2935 3634 3002 MOOOVI.

2699 3042 2933 3108 Frater
2980 3043 3374 3128 Gualterius,
3422 3051 3545 3109 etc.

2705 3151 3023 3216 Dominus
3068 3151 3316 3216 Paulus
3362 3152 3442 3216 de
3490 3151 3861 3216 Sulimanis.

3273 3312 3659 3379 MOOOVII.

2708 3422 3024 3487 Dominus
3090 3421 3586 3486 Bartholuccius
3647 3421 3726 3485 de
3786 3419 4080 3506 Preytis‚
4125 3419 4342 3504 legum

2580 3528 2823 3594 doctor.

2707 3636 3025 3701 Dominus
3069 3637 3303 3702 Petrus
3350 3637 3430 3701 de
3478 3636 3794 3720 Cerrutis,
3833 3635 4054 3722 legum
4099 3634 4342 3699 doctor.

2702 3744 3021 3809 Dominus
3065 3744 3311 3810 Paulus
3358 3745 3438 3810 de
3487 3743 3734 3831 Cospis,
3782 3743 4186 3809 decretorum
4231 3741 4344 3806 do-

2580 3857 2736 3917 ctor.

2705 3959 2939 4024 Frater
2985 3959 3336 4026 Gualterus
3383 3961 3463 4026 de
3495 3959 3848 4043 Florentia,
3881 3959 4215 4043 utriusque
4242 3958 4345 4042 ju-

2579 4066 2668 4130 ris
2714 4066 2960 4133 doctor.

2705 4175 3023 4241 Dominus
3070 4176 3113 4241 J
3117 4176 3357 4241 acobus
3402 4176 3482 4240 de
3530 4174 3725 4258 Attis,
3757 4174 4036 4239 vicarius
4077 4192 4345 4238 venera-

2579 4282 2728 4348 bilis
2772 4284 2945 4371 patri
2989 4284 3232 4349 domiui
3277 4285 3509 4349 Uberti
3562 4283 3850 4370 episcopi
3911 4281 4345 4347 bononiensis.

3394 4542 3617 4607 XVII.

2578 4733 2685 4799 Ex
2734 4734 2949 4800 Codice
2993 4755 3134 4799 msa
3169 4732 3572 4799 Bibliothecae
3617 4731 4088 4797 Malatestianae
4138 4727 4348 4794 Caese-

2706 4864 2847 4926 nae,
2877 4842 2965 4907 ad
2998 4843 3219 4907 calcem
3263 4867 3293 4899 α
3330 4840 3632 4905 Summi:
3677 4857 3917 4904 sarton
3961 4837 4351 4902 Rimusm

2702 4969 2796 5014 DE
2857 4950 3281 5014 PENNAFoa’r
3346 4970 3490 5014 cum
3554 4946 4029 5013 commentariis
4075 4945 4119 5009 J
4123 4943 4350 5009 oannis

2709 5058 3083 5141 Teutonici,
3145 5057 3297 5122 libri
3365 5056 3483 5121 IV.
3534 5080 3565 5113 »
3635 5056 3761 5121 cod.
3826 5053 3938 5139 V„
3993 5055 4160 5139 plut.
4215 5051 4263 5117 I
4265 5051 4350 5135 l.,

2702 5186 2823 5230 ser.
2864 5164 2959 5229 II.
2987 5165 3066 5229 (1)

2716 5341 3109 5407 Conscilium
3140 5343 3435 5429 magistri
3464 5341 3783 5407 Bernardi
3814 5339 4094 5405 doctoris
4133 5340 4353 5404 decre-

2590 5451 2820 5516 talium
2864 5473 3058 5539 super
3103 5452 3379 5539 publicis
3425 5451 3819 5538 blasphemis
3863 5448 4124 5515 Domini
4182 5446 4354 5531 ejus-

2589 5580 2713 5646 que
2760 5567 3131 5625 sanctorum
3192 5560 3342 5624 talis
3403 5566 3534 5624 est:
3582 5559 3772 5634 Quod
3832 5557 4048 5645 puniri
4116 5556 4355 5621 debent

2581 5667 2934 5733 secundum
2981 5667 3337 5732 decretales
3386 5667 3687 5753 Gregorii
3731 5666 3923 5731 VIII.
3967 5672 4033 5730 et
4079 5686 4208 5729 non
4254 5685 4353 5728 se-

2581 5776 2863 5842 cundum
2896 5775 3235 5839 arbitrium
3267 5774 3654 5858 sacerdotis3
3681 5775 4005 5862 sapientes
4035 5794 4190 5838 vero
4223 5770 4355 5835 fra-

2585 5890 2717 5949 tres
2781 5884 3175 5949 contrarium
3222 5882 3462 5966 dicunt,
3511 5883 3757 5948 scilicet
3818 5882 3989 5969 quod
4053 5879 4356 5945 sacerdos

2580 6000 2795 6080 potest
2826 5993 2918 6057 eis
2950 5993 3280 6079 imponere
3327 5992 3751 6078 penitentiam
3783 5990 4135 6056 secuudum
4168 6011 4355 6054 suum

2582 6102 2942 6167 arbitrium.

2584 6335 2714 6388 vole.
2734 6363 2804 6375 —
2828 6334 2970 6387 ofin:
2991 6334 3052 6386 F.
3079 6333 3151 6386 M.
3178 6316 3451 6399 Muccioli,
3472 6332 3649 6385 Catal.
3676 6331 3803 6384 cod.
3831 6348 4106 6385 manuscr.
4130 6332 4358 6383 Malate-

2585 6427 2802 6478 stianae
2840 6424 3057 6477 Caesen.
3088 6423 3232 6477 Bibl.
3273 6424 3464 6491 (Caes.
3490 6422 3950 6489 MDCCLXXX„
3979 6428 4016 6476 t.
4046 6423 4147 6492 11„
4173 6441 4227 6492 p.
4257 6424 4356 6489 26)

2591 6518 2648 6568 et
2683 6514 2751 6567 R.
2777 6515 3023 6582 Zazzeri,
3062 6514 3165 6566 Sui
3198 6516 3310 6568 cod.
3348 6532 3375 6568 e
3410 6516 3503 6568 lib.
3530 6521 3641 6568 ant.
3666 6521 3861 6582 stamp.
3885 6514 4030 6567 della
4055 6513 4199 6566 Bibl.
4233 6512 4358 6564 Ma-

2579 6606 2873 6659 latestiana
2909 6608 2972 6659 di
3010 6607 3209 6661 Cesena
3248 6607 3516 6676 (Cesena,
3558 6613 3693 6665 1887
3708 6612 3749 6679 ),
3788 6631 3842 6683 p.
3882 6614 4003 6670 273·
