5542 7775
1730 937 3240 1104 MONUMENTA

2200 1254 2698 1321 SPECTANTI
2704 1256 2763 1318 A

879 1478 1126 1587 AD
1234 1472 2516 1585 PROFESSORES
2626 1471 4082 1609 PHILOSOPHIAE,

1335 1704 2537 1817 HUMANIORUM
2627 1703 3632 1813 LITERARUM

1811 1894 2020 2051 'ET
2100 1936 3150 2049 THEOLOGIAE.

2454 2842 2507 2905 Ι.

2088 3056 2348 3122 Ineunte
2391 3058 2629 3121 saeculo
2674 3055 2879 3120 XIII.

670 3272 775 3336 Ex
823 3280 975 3337 tom.
1026 3272 1080 3337 Ι.
1136 3272 1308 3337 Petri
1350 3273 1425 3336 de
1487 3272 1702 3337 Vineis
1748 3272 1968 3334 iudicis
2012 3271 2203 3335 aulici
2246 3278 2300 3334 et
2345 3271 2699 3335 cancellarii
2741 3269 3051 3335 Friderici
3103 3269 3198 3335 ΙΙ.
3247 3269 3409 3354 Imp.
3456 3268 3900 3354 Epistolarum,
3946 3267 4164 3353 quibus
4207 3288 4305 3332 res

841 3388 1040 3467 qestae
1091 3380 1360 3444 eiusdem
1403 3378 1811 3464 Imperatoris
1853 3379 2102 3463 aliaque
2146 3379 2340 3442 multa
2384 3379 2470 3441 ad
2506 3378 2824 3441 historiam
2862 3400 2934 3442 ac
2975 3378 3527 3463 iurifflrudentiam
3557 3379 3887 3462 spectantia
3916 3378 4305 3441 continentur

844 3488 991 3569 (ed.
1041 3487 1105 3551 J.
1157 3487 1237 3550 R.
1286 3486 1544 3568 Iselius,
1593 3486 1914 3568 Basileae,
1962 3484 2389 3567 MDOOXL.)
2437 3506 2587 3571 pag.
2638 3487 2789 3567 492,
2838 3506 2978 3571 cap.
3027 3483 3306 3549 LXVII.

741 3699 989 3783 [Mittit
1051 3699 1371 3786 Mayistris
1417 3708 1471 3764 et
1518 3698 1909 3764 Scholmibus
1954 3698 2414 3763 bononiensibus
2458 3698 2641 3763 libros
2683 3699 3049 3782 Aristotelia
3093 3698 3169 3762 de
3207 3719 3425 3784 yraeco
3469 3705 3521 3763 et
3565 3696 3810 3762 arabico
3852 3699 3917 3760 in
3965 3697 4226 3760 latinum

1976 3827 2098 3892 per
2142 3827 2280 3871 eum
2326 3809 2559 3870 noviter
2600 3807 2930 3870 translatos
2933 3803 2999 3888 ].

836 4021 914 4086 In
966 4020 1354 4086 extollendis
1403 4021 1581 4105 regie
1629 4020 1990 4107 prefectum
2043 4019 2342 4105 fastigiis,
2378 4020 2610 4105 quibus
2659 4027 3088 4105 congruenter
3134 4019 3362 4102 officia,
3396 4020 3573 4104 leges
3621 4027 3685 4083 et
3729 4039 3911 4083 arma
3957 4018 4308 4083 communi-

671 4135 851 4212 cant,
901 4128 1267 4193 necessaria
1314 4127 1453 4194 fore
1505 4127 1828 4192 credimus
1875 4127 2139 4191 scientie
2187 4127 2632 4210 condimenta,
2680 4148 2761 4191 ne
2786 4127 2865 4192 (1)
2898 4148 3014 4214 per
3067 4127 3261 4211 hujus
3318 4126 3540 4190 mundi
3573 4127 3651 4190 (2)
3684 4147 3915 4189 suaves
3962 4132 4028 4189 et
4074 4126 4311 4191 mulce-

671 4236 818 4300 bres
870 4235 1155 4318 semitas,
1191 4235 1362 4299 nube
1408 4234 1772 4320 ignorantie
1806 4236 2275 4318 commiscente,
2315 4235 2485 4299 vires
2518 4235 2689 4299 ultra
2719 4234 2928 4300 licitos
2954 4235 3032 4300 (3)
3064 4233 3370 4298 terminos
3401 4233 3711 4298 effrenate
3738 4234 3816 4299 (4)
3848 4233 4209 4316 lasciviant,
4243 4240 4308 4298 et

667 4343 923 4428 justitia
971 4344 1142 4407 circa
1190 4342 1386 4406 debiti
1436 4342 1696 4428 regulas
1743 4343 2058 4407 diminuta
2105 4343 2502 4427 languescat.
2535 4341 2710 4406 Hinc
2758 4363 2875 4406 nos
2921 4340 3230 4428 profecto,
3265 4340 3375 4427 qui
3421 4340 3641 4406 divina
3680 4341 4023 4427 largitione
4055 4341 4309 4428 populis

676 4450 1098 4537 presidemus,
1146 4450 1469 4535 generali,
1522 4471 1650 4535 qua
1696 4471 1917 4514 omnes
1962 4449 2251 4515 homines
2299 4450 2681 4515 naturaliter
2727 4449 2890 4513 scire
2937 4448 3342 4532 desiderant,
3390 4455 3455 4513 et
3500 4448 3800 4534 speciali,
3850 4469 3977 4534 qua
4024 4449 4310 4534 gaudent

675 4559 876 4644 aliqui
902 4559 1001 4640 (5),
1030 4559 1310 4622 utilitate
1357 4557 1688 4644 proficere,
1723 4563 1873 4621 ante
1922 4564 2222 4644 suscepta
2269 4556 2469 4621 nostri
2515 4556 2848 4642 regiminis
2893 4577 3112 4639 onera,
3145 4578 3398 4643 semper
3442 4577 3481 4619 a
3510 4551 3863 4640 'juventute
3901 4563 4123 4623 nostra
4155 4578 4308 4643 que·

676 4667 964 4748 sivimus,
1001 4665 1277 4730 formam
1309 4666 1451 4749 ejus
1485 4664 1920 4729 indesinenter
1965 4664 2345 4748 amavimus,
2377 4671 2442 4728 et
2489 4664 2553 4728 in
2601 4665 2797 4730 odore
2823 4665 2901 4731 (6)
2934 4670 3409 4749 unguentorum
3456 4686 3719 4730 suorum
3763 4686 4018 4751 semper
4063 4665 4308 4751 aspira-

680 4774 890 4838 vimus
922 4773 1264 4838 indefesse.
1298 4772 1457 4837 Post
1501 4772 1687 4858 regni
1731 4793 1885 4837 vero
1918 4773 2120 4836 nostri
2151 4794 2340 4837 curas
2370 4780 2755 4859 assumptas,
2791 4793 3159 4858 quanquam
3202 4791 3473 4858 operosa
3505 4771 3875 4858 frequenter
3906 4773 4310 4858 negotiorum

682 4881 873 4945 turba
918 4902 1034 4944 nos
1084 4879 1421 4961 distrahat,
1455 4887 1521 4944 et
1568 4879 1773 4944 civilis
1824 4879 1949 4944 sibi
1994 4881 2158 4945 ratio
2203 4880 2501 4945 vendicet
2546 4879 2969 4945 solicitudinis
3016 4886 3232 4943 nostre
3278 4885 3517 4964 partes,
3552 4878 3861 4965 quidquid
3906 4886 4119 4943 tamen
4153 4887 4312 4945 tem-

678 4988 853 5075 poris
900 4987 980 5051 de
1029 5008 1246 5050 rerum
1293 4986 1708 5051 familiarium
1759 4988 2176 5073 occupatione
2223 4987 2646 5074 decerpimus,
2680 4987 2953 5051 transire
3000 5007 3128 5052 non
3177 4987 3457 5073 patimur
3504 4987 3799 5070 otiosum,
3834 4986 3947 5051 sed
3992 4993 4199 5051 totum
4244 4987 4309 5051 in

677 5094 970 5160 lectionis
1020 5093 1484 5158 exercitatione
1531 5094 1811 5179 gratuite
1837 5095 1915 5158 (⁷)
1958 5094 2233 5159 libenter
2259 5094 2336 5159 (8)
2379 5094 2838 5181 expendimus,
2886 5101 2957 5158 ut
3002 5094 3215 5158 anime
3258 5093 3492 5158 clarius
3536 5093 3757 5179 vigeat
3819 5093 4313 5159 instrumentum

676 5202 742 5266 in
794 5202 1215 5288 acquisitione
1265 5202 1550 5285 scientie,
1584 5203 1718 5266 sive
1745 5203 1824 5267 (9)
1857 5224 1987 5288 qua
2035 5203 2400 5267 mortalium
2447 5204 2581 5267 vita
2621 5224 2748 5269 non
2784 5203 3030 5289 regitur
3060 5202 3414 5267 liberaliter
3439 5201 3573 5267 (10).
3608 5202 3781 5266 Dum
3813 5202 4124 5267 librorum
4156 5224 4311 5288 ergo

675 5310 1037 5392 volumina,
1078 5330 1349 5395 quorum
1396 5309 1766 5391 multifarie,
1801 5310 2145 5396 multisque
2179 5309 2382 5376 modis
2415 5310 2716 5375 distincta
2748 5310 3201 5395 chirographa,
3236 5317 3596 5374 nostrarum
3631 5309 3911 5373 armaria
3943 5308 4311 5374 divitiarum

681 5417 1097 5503 locupletant,
1147 5416 1375 5480 sedula
1422 5417 1836 5481 meditatione
1884 5417 2273 5481 revolvimus
2321 5424 2386 5481 et
2446 5425 2746 5482 accurata
2810 5416 3348 5504 contemplatione
3397 5438 3777 5503 pensamus,
3825 5416 4311 5502 compilationes

679 5524 854 5588 varie
903 5524 986 5588 ab
1032 5525 1412 5607 Aristotele,
1454 5524 1724 5610 aliisque
1772 5524 2191 5611 philosophis,
2227 5525 2346 5589 sub
2394 5526 2622 5610 grecis,
2657 5525 3061 5611 arabicisque
3109 5524 3441 5589 vocabulis
3488 5524 3843 5610 antiquitus
3887 5523 4211 5608 edite(¹1),
4247 5525 4313 5589 in

676 5632 1208 5696 sermocinalibus
1255 5640 1320 5696 et
1367 5632 1837 5696 mathematicis
1899 5632 2251 5718 disciplinis
2314 5634 2550 5697 nostris
2609 5632 2957 5719 aliquando
3023 5633 3317 5696 sensibus
3378 5639 3812 5696 occurrerunt.
3861 5632 4039 5706 Quas
4101 5631 4312 5697 adhuc

682 5738 1092 5824 originalium
1163 5740 1516 5805 dictionum
1584 5741 1988 5807 ordinatione
2013 5741 2127 5806 (12)
2175 5750 2503 5807 consertas
2569 5749 2632 5806 et
2695 5748 3097 5806 vetustarum
3158 5741 3467 5822 vestium,
3529 5762 3689 5827 quas
3751 5741 3844 5805 eis
3909 5746 4048 5805 etas
4104 5740 4309 5826 prima

837 6077 913 6141 (1)
953 6077 1045 6130 L.:
1085 6094 1150 6128 ne
1187 6095 1257 6129 se.
2707 6083 2787 6147 (ἵ)
2826 6080 2919 6132 L.:
2955 6082 3267 6146 gratuitate.

836 6167 915 6231 (2)
957 6166 1156 6217 Mundi
1191 6167 1364 6221 abest.
2371 6180 2376 6184 ·
2712 6173 2791 6235 (8)
2830 6170 2924 6223 L.:
2962 6170 3188 6222 libenter
3222 6176 3403 6222 totum.

839 6255 918 6321 (8)
957 6255 1047 6308 L.:
1087 6257 1238 6310 liciti.
2707 6263 2786 6326 (9)
2825 6259 2914 6313 L.:
2952 6262 3088 6312 sine.

832 6345 912 6410 (4)
951 6345 1042 6397 L.:
1081 6345 1364 6411 effrenare.
2672 6350 2786 6418 (10)
2824 6351 2920 6404 L.:
2959 6350 3261 6402 liberaliter
3295 6366 3593 6416 eroymmes.

836 6436 916 6501 (5)
955 6435 1048 6488 L.:
1088 6436 1293 6502 aliqua.
2676 6444 2793 6510 (11)
2832 6443 2991 6495 Edita
3028 6442 3200 6495 abest.

837 6526 917 6592 (6)
954 6526 1044 6578 L.:
1084 6526 1313 6580 odorem.
2673 6534 2789 6598 (12)
2829 6532 2917 6586 L.:
2947 6531 3311 6601 perplexione.
