5542 7775
1552 607 2011 659 SPECTANTIA
2068 609 2170 657 AD
2225 608 2733 659 PROFESSORES
2791 609 3009 659 ARTIS
3066 609 3449 659 NOTARIAE
4158 588 4309 658 205

686 765 992 846 notarius,
1042 766 1163 829 hoc
1211 764 1580 850 exemplum
1628 785 1710 827 cx
1758 765 2083 828 autentico
2131 764 2469 850 privilegio
2518 763 2759 827 domini
2814 763 3141 827 Frederici
3205 765 3354 828 olim
3411 764 3848 829 Romanorum
3898 763 4316 850 Imperatoris

683 880 1007 959 sumptum
1054 893 1170 958 per
1215 871 1710 935 Lambertinum
1757 870 2107 934 Guallandi
2155 871 2476 934 notarium
2522 870 3000 957 infrascriptum
3042 892 3258 935 coram
3292 872 3494 936 nobili
3525 872 3662 935 viro
3696 871 3954 935 domino
3987 871 4317 935 Anthonio

685 977 762 1040 (16
821 977 1163 1061 Fixirag0,
1212 978 1547 1041 Potestate
1594 976 1921 1060 Bononie,
1972 984 2036 1039 et
2082 976 2339 1040 (10111160
2388 977 2748 1040 Thomaxio
2811 977 2952 1061 ejus
2995 977 3211 1061 judice
3260 984 3324 1041 et
3371 999 3727 1061 assessore,
3777 978 3859 1041 ad
3915 977 4154 1041 dictum
4201 999 4316 1041 au-

681 1086 989 1148 tenticum
1037 1085 1448 1171 privilegium
1494 1105 1624 1148 una
1672 1106 1816 1148 cum
1875 1084 2309 1170 suprascripto
2372 1084 2629 1147 domino
2690 1083 3082 1170 Henrigipto
3145 1084 3469 1169 quondam
3529 1084 3770 1148 domini
3829 1085 4143 1149 Feliciani
4202 1107 4315 1150 no·

683 1191 884 1275 tario,
933 1201 998 1255 et
1044 1192 1470 1277 infrascriptis
1520 1192 1793 1254 dominis
1841 1190 2154 1255 Mathiolo
2202 1190 2281 1254 dc
2329 1190 2654 1271 Roncore,
2705 1190 2996 1254 Gerardo
3045 1191 3123 1255 (16
3168 1191 3498 1255 Plastcllis
3544 1199 3608 1255 et
3663 1191 3831 1256 dicto
3897 1191 4313 1258 Lambertino

684 1297 1028 1383 diligenter
1074 1305 1138 1361 et
1184 1297 1459 1361 fideliter
1510 1296 1892 1378 abscultavi,
1927 1304 1990 1361 et
2038 1296 2342 1382 quoniam
2388 1296 2548 1359 illud
2588 1296 2959 1379 juvenirnus
3006 1318 3150 1360 cum
3199 1297 3367 1361 dicto
3416 1297 3739 1362 autentico
3772 1320 3887 1384 per
3920 1300 4133 1363 omnia
4166 1321 4314 1364 con-

683 1405 969 1487 cordare,
1014 1414 1084 1469 ut
1130 1405 1337 1468 eidem
1384 1404 1681 1491 exemplo
1731 1400 2114 1468 adhibeatur
2160 1402 2239 1468 de
2287 1410 2499 1467 cetero
2548 1404 2740 1489 plena
2788 1403 2965 1485 fides,
3002 1404 3080 1468 (16
3127 1404 3430 1469 mandato
3479 1405 3631 1469 dicti
3678 1405 3919 1469 domini
3963 1407 4313 1471 Potestatis

684 1532 784 1574 me
826 1513 900 1595 jn
948 1518 1175 1575 testem
1225 1512 1593 1598 subscripsi.

863 1618 980 1700 (L.
1013 1619 1058 1701 †
1092 1619 1187 1702 S.)
1232 1620 1377 1705 Ego
1423 1619 1797 1704 Mathyolus
1844 1618 1923 1682 (16
1969 1618 2333 1700 Ronchore,
2361 1615 2687 1702 jmperiali
2721 1618 3105 1682 anctoritate
3131 1618 3336 1703 judex
3369 1620 3729 1683 ordinarius
3763 1628 3955 1706 atque
4003 1623 4312 1704 notarius,

681 1728 802 1791 1100
852 1727 1223 1813 exemplum
1270 1748 1354 1790 ex
1401 1726 1726 1790 autentico
1774 1725 2114 1813 privilegio
2161 1725 2400 1789 domini
2447 1724 2777 1788 Frederici
2822 1726 2973 1789 olim
3028 1725 3469 1790 Romanorum
3515 1727 3934 1814 Imperatoris
3990 1736 4316 1815 sumptum

679 1857 795 1922 per
840 1835 1331 1900 Lambertinum
1379 1832 1730 1898 Guallandi
1776 1833 2098 1896 notarium
2138 1833 2627 1920 jnfrascriptum
2675 1856 2892 1898 coram
2940 1833 3140 1896 nobili
3194 1834 3333 1898 viro
3395 1833 3652 1898 domino
3700 1835 4029 1901 Ant-honio
4077 1837 4156 1900 de
4203 1837 4312 1901 Fi·

679 1965 951 2028 xaragO,
1000 1943 1332 2006 Potestate
1379 1940 1692 2023 Bononie,
1740 1947 1805 2004 et
1853 1941 2109 2005 domino
2159 1941 2519 2005 Thomaxio
2568 1943 2707 2027 ejus
2748 1941 2967 2026 judice
3014 1948 3079 2004 et
3124 1962 3469 2023 assessore,
3505 1941 3586 2005 ad
3634 1941 3875 2006 dictum
3920 1945 4315 2008 autenticum

682 2050 1094 2136 privilegium
1141 2070 1270 2112 una
1317 2069 1464 2112 cum
1511 2049 1962 2134 suprascriptis
2010 2049 2267 2112 domino
2315 2048 2705 2135 IIenrig-ipto
2752 2048 3076 2133 quondam
3117 2048 3359 2112 domini
3403 2048 3742 2113 Felliciani
3772 2056 3837 2114 ct
3878 2050 4073 2114 Petro
4106 2051 4314 2137 Ugui-

683 2158 883 2222 cionis
931 2158 1009 2221 (16
1057 2155 1504 2241 Bambaglolis
1551 2156 1818 2219 notariis
1876 2171 1940 2219 et
1995 2155 2430 2242 jnfrascriptis
2480 2204 2829 2220 ......
2858 2154 2936 2219 (¹)
2985 2163 3048 2219 et
3108 2155 3277 2219 (11010
3340 2155 3795 2238 Lambertino,
3845 2158 4189 2242 diligenter
4250 2166 4315 2224 ct

681 2264 956 2329 fideliter
1003 2263 1384 2327 abscultavi.
1432 2262 1519 2327 Et
1565 2263 1868 2348 quoniam
1936 2262 2092 2327 illud
2153 2263 2523 2347 juvenimus
2585 2285 2730 2328 cum
2792 2263 2960 2328 (11010
3011 2264 3333 2328 6111061100
3380 2285 3496 2349 per
3544 2265 3758 2328 omnia
3805 2266 4194 2331 concordare
4242 2277 4313 2331 ut

682 2372 892 2436 eidem
938 2371 1236 2456 exemplo
1284 2370 1668 2434 adhibeatur
1714 2370 1794 2434 (16
1842 2377 2054 2434 061610
2102 2370 2294 2456 plena
2334 2370 2528 2452 fidex,
2562 2370 2642 2434 de
2674 2370 2979 2435 mandato
3012 2370 3166 2434 dicti
3197 2370 3435 2434 domini
3468 2371 3819 2436 Potestatis
3853 2394 3953 2436 me
3986 2373 4050 2436 in
4084 2380 4315 2438 testem

683 2479 1052 2565 subscripsi.

861 2586 979 2667 (L.
1013 2585 1058 2667 †
1092 2585 1185 2665 S.)
1233 2583 1376 2670 Ego
1429 2584 1759 2648 Gerardus
1809 2583 2081 2648 condam
2127 2583 2326 2648 Fabri
2372 2583 2451 2647 de
2497 2585 2855 2667 Plastellis,
2883 2585 3212 2670 jmperiali
3260 2586 3641 2649 auctoritate
3689 2587 3977 2651 notarius
4019 2596 4083 2651 61
4109 2588 4316 2672 judex

682 2693 1066 2773 ordinarius,
1102 2692 1222 2757 hoc
1270 2692 1643 2778 exemplum
1690 2713 1774 2755 ex
1822 2691 2145 2755 autentico
2193 2691 2535 2777 privilegio
2582 2691 2826 2756 domini
2872 2691 3199 2756 Frederici
3242 2692 3394 2756 olim
3426 2691 3867 2757 Romanorum
3900 2694 4317 2781 Imperatoris

692 2809 1016 2886 sumptum
1065 2822 1181 2886 per
1229 2798 1721 2863 Lambertinum
1770 2798 2120 2863 Guallandi
2169 2799 2491 2862 notarium
2516 2798 3007 2885 jnfrascriptnm
3039 2821 3255 2863 coram
3289 2799 3487 2863 nobili
3525 2800 3663 2863 viro
3697 2799 3953 2864 domino
3986 2802 4317 2867 Anthonio

685 2906 764 2971 de
797 2908 1147 2992 FixaragO,
1181 2906 1513 2971 Potestate
1550 2906 1865 2987 Bononie,
1901 2913 1964 2969 ct
1996 2905 2253 2970 domino
2298 2906 2660 2970 Thomaxio
2694 2908 2834 2991 ejus
2862 2906 3081 2992 judice
3129 2915 3194 2971 et
3239 2929 3583 2989 assessore,
3630 2906 3708 2971 ad
3759 2907 3999 2971 dictum
4048 2910 4324 2974 autenti-

685 3036 828 3079 cum
878 3015 1291 3099 privilegium
1339 3035 1469 3076 una
1518 3035 1663 3077 cum
1696 3013 2147 3099 suprascriptis
2182 3012 2442 3077 domino
2476 3013 2867 3099 Henrigipto
2914 3014 3071 3078 fillio
3120 3014 3445 3099 quondam
3490 3014 3824 3098 Feliciani,
3856 3014 4053 3080 Petro
4086 3016 4326 3080 domini

684 3122 1040 3207 Ugucionis
1086 3121 1164 3183 de
1213 3120 1637 3203 Bambaiolis,
1687 3121 1945 3185 domino
1993 3120 2306 3184 Mathiolo
2362 3120 2440 3184 (16
2502 3120 2846 3185 1106011016
2902 3128 2964 3184 61
3019 3121 3454 3206 jnfrascriptis
3514 3122 3933 3186 Lambertino
3999 3123 4327 3187 Gualandi

687 3278 1034 3293 ......
1064 3228 1141 3292 (2)
1192 3236 1254 3291 et
1304 3227 1475 3291 dicto
1525 3227 1946 3292 Lambertino
1993 3227 2338 3312 diligenter
2385 3235 2448 3291 61
2496 3228 2794 3291 fldelliter
2841 3227 3222 3292 abscultavi.
3267 3227 3354 3292 Et
3400 3229 3700 3313 quoniam
3752 3229 3911 3293 illud
3953 3231 4324 3314 jnveniinus

681 3358 826 3401 66111
874 3336 1045 3399 (11010
1094 3335 1419 3399 6111661100
1467 3355 1584 3421 per
1634 3335 1850 3399 omnia
1896 3334 2286 3398 concordare
2333 3341 2404 3397 ut
2451 3335 2659 3398 eidem
2705 3336 3004 3420 exemplo
3052 3334 3390 3398 adibeatur
3430 3335 3508 3398 de
3542 3344 3754 3400 cetero
3788 3336 3980 3422 plena
4011 3337 4205 3420 fidex,
4241 3337 4320 3402 (16

685 3443 989 3507 mandato
1039 3443 1192 3506 dicti
1241 3442 1483 3506 domini
1531 3441 1886 3506 Potestatis
1933 3463 2035 3505 me
2075 3443 2148 3527 jn
2197 3448 2426 3506 testem
2473 3442 2842 3528 subscripsi.

862 3549 978 3631 (L.
1012 3549 1057 3631 †
1092 3548 1186 3630 S.)
1237 3549 1381 3634 Ego
1431 3548 1889 3613 Lambertinus
1939 3548 2311 3631 Guallandi,
2340 3549 2667 3634 jmpcriali
2699 3550 3082 3613 auctoritate
3114 3550 3403 3613 notarius
3435 3557 3500 3613 et
3525 3550 3730 3635 judex
3766 3551 4148 3634 ordinarius,
4182 3574 4327 3638 pre·

683 3680 829 3721 sens
877 3656 1246 3743 exemplum
1295 3677 1378 3719 ex
1427 3656 1731 3741 originali
1779 3677 1896 3720 suo
1945 3656 2197 3740 integro
2244 3663 2308 3719 et
2354 3656 2722 3741 incorrupto
2769 3656 3044 3720 fideliter
3091 3657 3319 3743 scripsi
3365 3664 3429 3721 et
3470 3658 3856 3744 exemplavi,
3892 3666 4131 3722 etcum
4166 3659 4330 3723 illud

686 3765 766 3828 ab
815 3765 1177 3828 auctentico
1224 3785 1346 3848 ego
1395 3770 1459 3827 et
1510 3764 1664 3827 dicti
1713 3764 1830 3849 alij
1881 3763 2262 3828 tabelliones
2311 3771 2374 3827 et
2424 3771 2618 3827 testes
2667 3785 2883 3828 coram
2931 3764 3234 3849 predictis
3280 3765 3555 3829 dominis
3599 3765 3930 3829 Potestatc
3988 3773 4051 3830 et
4099 3766 4329 3832 Judice

683 3872 957 3958 legendo
1006 3879 1071 3936 et
1118 3870 1496 3936 ascultando
1547 3872 1608 3934 in
1659 3872 1858 3955 nullO,
1894 3893 2009 3957 per
2049 3871 2221 3957 quod
2270 3871 2609 3935 inducatur
2656 3893 2882 3937 sensus
2928 3872 3445 3958 vel-intellectus
3485 3879 3730 3938 mutato
3764 3873 4198 3939 invenerimus
4231 3874 4325 3939 di-

684 3980 1004 4062 scordare,
1055 4001 1156 4043 1116
1203 3979 1281 4043 (16
1331 3979 1532 4065 ipsius
1582 3979 1931 4043 Potestatis
1980 3986 2044 4042 et
2091 3979 2340 4044 Judicis
2389 3979 2692 4043 mandato
2738 3980 2807 4043 in
2854 3979 3138 4044 eiusdem
3186 3981 3470 4066 exempli
3516 3981 3775 4067 plenam
3835 3982 4028 4046 fidem
4092 3990 4321 4046 testem

689 4087 1057 4172 subscripsi,
1101 4095 1164 4150 et
1212 4086 1449 4150 dictam
1500 4085 1949 4150 insinuationis
1997 4086 2447 4150 auctoritatem
2494 4086 2749 4171 publice
2798 4087 3046 4172 scripsi,
3097 4087 3465 4174 subscripsi,
3514 4088 3789 4173 signavi.
3837 4087 3924 4153 Et
3971 4090 4329 4175 predictum

689 4194 1102 4280 privilegium
1150 4194 1241 4257 sic
1289 4194 1795 4256 auctenticatum
1843 4200 1907 4257 et
1953 4193 2346 4257 insinuatum
2393 4214 2609 4257 coram
2655 4193 2963 4279 predictis
3010 4195 3279 4258 testibus
3327 4202 3391 4258 et
3437 4194 3894 4259 tabellionibus
3929 4197 4001 4281 jn
4052 4198 4330 4262 armario

692 4301 996 4365 Comunis
1043 4300 1336 4365 Bononie
1364 4283 1451 4363 *in
1503 4301 1780 4385 registro
1830 4300 2134 4364 Comunis
2166 4300 2352 4386 posui
2385 4300 2462 4364 (16
2495 4301 2801 4365 mandato
2834 4301 3076 4366 domini
3107 4301 3424 4387 Anthonij
3458 4302 3538 4367 de
3572 4302 3943 4388 Fuxaraga,
3977 4304 4330 4369 Potestatis

686 4408 1015 4490 Bononie,
1064 4414 1136 4471 ut
1184 4415 1435 4472 constat
1486 4408 1565 4472 (16
1615 4409 1815 4494 ipsius
1863 4408 2188 4491 mandate,
2236 4409 2473 4495 scripto
2523 4430 2716 4472 mann
2762 4409 2944 4472 Petri
2989 4409 3068 4474 de
3115 4410 3561 4495 Bambaglolis
3622 4411 3890 4493 notarii,
3941 4432 3980 4474 a
4037 4433 4137 4475 me
4188 4412 4327 4477 viso

688 4522 753 4579 et
798 4515 984 4579 lecte.

2436 4838 2563 4902 III.

2186 5052 2379 5135 1284,
2427 5053 2515 5115 30
2560 5052 2830 5116 octobris.

783 5264 888 5328 Ex
935 5265 1133 5328 Arch.
1183 5264 1360 5328 Max.
1410 5263 1595 5346 bon.,
1645 5264 1710 5327 in
1759 5264 2016 5329 Memor.
2070 5266 2425 5330 Communis
2439 5291 2462 5351 ,·
2505 5266 2698 5331 Mem.
2747 5267 3066 5332 ‚Iohannis
3112 5267 3575 5348 Barbarossae,
3632 5271 3821 5350 1284,
3871 5291 3925 5333 0.
3981 5272 4106 5334 100
4154 5274 4235 5333 r.⁰

862 5480 984 5543 Ι)16
1034 5480 1185 5542 11166
1235 5501 1395 5541 xxx.
1446 5478 1722 5542 octobris
1770 5477 2104 5561 [M.⁰ce.⁰l.⁰
2137 5503 2294 5544 xxx.
2331 5481 2474 5565 iiij.]

866 5587 1132 5650 Constat
1179 5586 1346 5649 inter
1395 5585 1724 5649 dominum
1770 5584 2209 5649 Rolandinum
2254 5587 2640 5673 Paxagerij,
2690 5588 2848 5652 artis
2895 5588 3142 5652 notarie
3191 5588 3538 5672 doctorem,
3588 5590 3795 5654 civem
3840 5591 4322 5674 bononiensem,

686 5717 769 5758 ex
815 5715 945 5756 una
991 5703 1210 5780 parte,
1262 5701 1325 5758 et
1373 5694 1754 5778 magistrum
1799 5695 2212 5758 Nicholinum
2288 5696 2489 5759 filium
2546 5698 2707 5760 alias
2763 5696 2995 5761 Uberti
3049 5697 3350 5762 Lardarii
3411 5698 3489 5762 de
3552 5698 3936 5782 FrasenetO,
3986 5701 4325 5764 comitatus

681 5803 1041 5887 Papiensis,
1077 5810 1140 5865 ct
1175 5802 1556 5886 magistrum
1588 5801 1991 5865 Venancium
2041 5803 2246 5867 Menti
2293 5803 2371 5867 de
2422 5804 2617 5868 Osmo
2667 5827 2749 5868 ex
2799 5806 2947 5889 alia,
2982 5806 3181 5888 litem,
3217 5806 3722 5870 controversiam
3763 5827 3877 5870 seu
3925 5807 4325 5891 questionem

687 5911 883 5973 fuisse
930 5917 995 5973 et
1041 5910 1250 5974 adhuc
1312 5909 1546 5972 durare
1596 5916 1658 5972 ct
1706 5910 1901 5973 etiam
1950 5912 2196 5995 sperari
2245 5911 2309 5974 in
2359 5911 2649 5975 futurum
2695 5934 2835 5976 esse
2884 5934 3077 5999 super
3118 5914 3264 5996 jure
3313 5913 3581 5998 regendi
3628 5919 3693 5977 et
3737 5912 4009 5977 docendi
4056 5915 4122 5977 in
4172 5915 4325 5978 civi-

686 6024 817 6081 tate
864 6017 1157 6081 Bononie
1207 6023 1412 6080 artem
1459 6023 1522 6079 et
1570 6017 1904 6080 scientiam
1954 6018 2222 6101 notarie,
2273 6019 2442 6103 quod
2484 6020 2592 6103 jus
2641 6020 2898 6084 dicebat
2945 6020 3079 6106 ipse
3127 6020 3422 6084 (1011116116
3471 6019 3876 6084 Rolandinus
3924 6021 4324 6086 solummodo

687 6125 808 6188 sibi
857 6133 920 6188 et
971 6125 1114 6188 aliis
1164 6124 1411 6189 civibus
1458 6123 1750 6188 Bononie
1814 6132 1878 6189 et
1943 6127 2052 6210 qui
2115 6148 2232 6211 per
2279 6127 2508 6211 viginti
2555 6149 2757 6191 annos
2805 6135 3122 6192 steterunt
3166 6135 3230 6192 et
3276 6127 3733 6192 habitaverunt
3778 6127 3843 6190 in
3890 6127 4150 6191 civitate
4196 6128 4325 6193 Bo·

847 6376 925 6440 (1)
963 6374 1188 6426 Lacuna
1228 6391 1326 6443 per
1365 6387 1628 6439 rasuram,
1670 6375 1724 6426 in
1763 6392 1871 6445 qua
1913 6391 1938 6424 «
1981 6375 2191 6429 Jacobo
2233 6391 2262 6425 »
2304 6380 2516 6429 tantum
2555 6378 2664 6447 legi
2703 6383 2878 6448 potes.

848 6466 927 6528 (2)
966 6463 1208 6516 Lacuna.
