5542 7775
1702 644 2165 696 SPBGTANTIA
2219 646 2323 696 AD
2381 647 2892 700 PROFESSOBES
2948 647 3162 699 JURIS
3219 648 3487 700 OIVILIS
4311 629 4402 699 91

773 824 1103 889 personae,
1135 803 1451 870 beneficia
1498 803 1954 885 ecclesiastica,
1988 824 2113 888 que
2161 802 2245 866 ad
2288 810 2468 868 tuam
2516 804 2924 868 collationem
2973 804 3222 869 ratione
3271 804 3835 869 archidiaconatus
3868 809 3934 869 et
3970 803 4230 868 abbatie
4270 825 4416 890 pre-

772 910 1089 975 dictorum
1134 912 1477 998 pertinent,
1527 909 1913 993 conferrent,
1948 918 2291 996 ceteraque
2333 932 2456 996 que
2504 911 2752 975 ratione
2810 910 3375 976 archidiaconatus
3422 918 3488 976 et
3542 910 3804 976 abbatie
3849 911 4287 996 predictorum
4333 911 4418 976 ad

774 1024 957 1082 tuum
987 1024 1281 1104 spectant
1313 1017 1611 1099 officium,
1646 1016 1846 1081 libere
1878 1036 2186 1081 exercere
2218 1016 2490 1081 valeres.
2522 1016 2659 1081 Nos
2692 1023 2910 1082 autem
2942 1015 3234 1081 volentes
3268 1038 3610 1104 personam
3643 1023 3825 1081 tuam
3857 1017 4082 1082 favore
4114 1018 4416 1103 prosequi

774 1125 982 1211 gratie
1028 1124 1379 1212 amplioris,
1428 1124 1555 1188 tuis
1602 1123 2181 1211 supplicationibus
2228 1123 2549 1206 inclinati,
2597 1123 2981 1189 auctoritate
3027 1124 3145 1189 tibi
3191 1125 3588 1211 presentium
3633 1124 4077 1210 indulgemus,
4126 1132 4199 1189 ut
4245 1125 4415 1211 apud

776 1231 1011 1297 Sedem
1054 1231 1432 1318 predictam,
1466 1232 1571 1295 vel
1618 1231 2004 1317 ubicumque
2040 1229 2197 1294 alibi
2228 1230 2424 1295 etiam
2465 1231 2708 1316 absque
2746 1230 3008 1295 licentia
3064 1253 3178 1296 seu
3223 1231 3490 1318 speciali
3537 1231 3842 1296 mandato
3892 1231 4080 1297 Sedis
4126 1231 4419 1316 ejusdem

773 1339 1014 1403 morari
1067 1338 1349 1403 volueris
1410 1360 1614 1424 usque
1662 1337 1746 1402 ad
1792 1337 2142 1402 triennium
2189 1337 2559 1421 hujusmodi
2604 1337 2873 1419 fructus,
2922 1337 3210 1402 redditus
3257 1344 3323 1402 et
3366 1345 3741 1424 proventus,
3783 1337 3972 1403 dictis
4021 1338 4417 1402 distributio-

775 1446 963 1510 nibus
1011 1446 1352 1510 dumtaxat
1398 1446 1720 1532 exceptis,
1771 1466 1917 1509 cum
1962 1465 2042 1508 ea
2087 1444 2465 1526 integritate
2524 1445 2895 1531 percipere,
2946 1466 3091 1509 cum
3154 1466 3283 1530 qua
3343 1445 3489 1510 illos
3542 1445 3910 1532 perciperes
3957 1446 4012 1509 si
4058 1445 4125 1509 in
4174 1445 4415 1510 eisdem

773 1553 1062 1619 ecclesiis
1093 1552 1431 1635 resideres,
1466 1559 1531 1617 et
1571 1552 1655 1616 ad
1687 1551 2099 1616 residendum
2145 1552 2212 1615 in
2260 1552 2351 1616 eis
2398 1552 2659 1616 interim
2704 1552 2966 1616 minime
3014 1552 3317 1635 tenearis,
3351 1573 3469 1617 nec
3503 1551 3585 1616 ad
3631 1552 3698 1617 id
3745 1573 3785 1616 a
3831 1573 4155 1638 quoquam
4195 1553 4416 1617 valeas

774 1661 1126 1743 coarctari,
1167 1660 1527 1746 predictum
1573 1660 1836 1746 insuper
1884 1658 2164 1723 officium
2209 1659 2595 1724 visitationis
2641 1659 3035 1745 impendere,
3084 1660 3569 1745 procurationes
3617 1660 3927 1746 recipere,
3976 1681 4053 1725 ac
4101 1660 4414 1726 beneficia

774 1768 1064 1856 predicta
1106 1767 1419 1851 conferre,
1448 1768 1642 1851 juxta
1673 1767 2009 1830 literarum
2040 1765 2474 1853 predictarum
2509 1773 2785 1849 tenores,
2820 1788 3023 1852 usque
3073 1766 3155 1830 ad
3200 1767 3444 1831 dictum
3489 1767 3838 1832 triennium
3883 1789 4002 1854 per
4047 1767 4416 1852 hujusmodi

773 1897 1082 1963 personas
1128 1875 1328 1940 libere
1376 1875 1632 1957 valeas3
1667 1895 1797 1938 non
1830 1873 2235 1938 obstantibus
2269 1873 2777 1959 quibuscumque
2820 1873 3397 1939 Constitutionibus
3430 1875 3843 1959 generalibus
3877 1881 3990 1939 aut
4022 1875 4415 1962 specialibus

772 2005 967 2071 super
1010 1983 1133 2049 hoc
1180 1983 1247 2046 in
1294 1982 1688 2048 contrarium
1736 1981 1964 2063 editis,
2013 2002 2128 2045 seu
2175 1981 2569 2066 quibuslibet
2630 1981 2888 2045 statutis
2952 1989 3017 2045 et
3078 1982 3649 2046 consuetudinibus
3712 1982 4050 2047 contrariis
4100 1982 4420 2047 dictarum

773 2089 1212 2171 ecclesiarum,
1254 2089 1646 2174 juramento,
1695 2087 2178 2152 confirmatione
2227 2087 2394 2152 dicte
2445 2086 2630 2151 Sedis
2677 2087 2784 2151 vel
2831 2108 3235 2174 quacumque
3282 2088 3586 2153 firmitate
3636 2088 3766 2152 alia
3815 2088 4158 2171 roboratiS,
4208 2096 4321 2153 aut
4369 2089 4423 2152 si

774 2198 1061 2262 locorum
1118 2196 1479 2260 Ordinariis
1540 2196 1623 2260 ab
1685 2195 1911 2260 eadem
1974 2195 2056 2259 sit
2120 2194 2286 2259 Sede
2342 2215 2717 2259 concessum
2777 2194 2882 2259 vel
2931 2195 3187 2259 interim
3245 2195 3671 2279 concedatur,
3722 2195 3895 2282 quod
3943 2196 4064 2282 ipsi
4109 2217 4420 2282 personas

774 2313 839 2369 et
895 2303 1237 2369 canonicos
1293 2303 1582 2389 aliosque
1630 2302 2045 2367 beneficiatos
2093 2301 2513 2366 ecclesiarum
2559 2322 2824 2365 suarum
2871 2301 3205 2366 civitatum
3251 2309 3317 2366 et
3365 2302 3690 2367 diecesum
3738 2304 4124 2389 compellere
4171 2303 4421 2389 possint

772 2434 890 2499 per
935 2411 1441 2476 subtractionem
1496 2432 1760 2474 suorum
1820 2416 2285 2496 proventuum,
2335 2416 2448 2473 aut
2495 2409 2657 2473 alias
2705 2409 2788 2473 ad
2833 2409 3246 2473 residendum
3293 2410 3720 2496 personaliter
3765 2410 3833 2474 in
3880 2410 4153 2494 eisdem,
4202 2433 4317 2475 seu
4364 2412 4418 2475 si

776 2518 1092 2606 Capitulis
1140 2519 1456 2583 dictarum
1505 2517 1923 2582 ecclesiarum
1971 2517 2054 2582 ab
2102 2516 2327 2580 eadem
2360 2516 2442 2580 sit
2478 2516 2643 2580 Sede
2676 2516 2998 2581 indultum
3030 2517 3202 2602 quod
3235 2517 3338 2581 vel
3385 2517 3644 2582 interim
3690 2517 4018 2603 indulgeri
4064 2518 4417 2605 contingat,

776 2627 948 2713 quod
990 2626 1304 2713 personis,
1339 2625 1664 2690 canonicis
1713 2632 1778 2689 et
1822 2624 2220 2689 beneficiatis
2270 2624 2557 2710 ipsarum
2602 2623 3024 2688 ecclesiarum
3068 2624 3335 2707 fructus,
3370 2624 3658 2689 redditus
3706 2631 3772 2690 et
3816 2632 4169 2711 proventus
4201 2647 4421 2712 perso-

774 2742 1062 2817 natuum,
1096 2733 1506 2819 dignitatum,
1539 2732 2018 2818 prebendarum
2047 2739 2111 2795 et
2143 2731 2622 2814 beneficiorum,
2657 2752 2783 2816 que
2829 2731 2896 2795 in
2944 2731 3037 2795 eis
3085 2731 3395 2815 obtinent,
3431 2732 3796 2796 ministrare
3848 2733 3914 2796 in
3961 2733 4258 2797 absentia
4303 2733 4421 2797 mi-

774 2842 946 2906 nime
993 2847 1339 2906 teneantur
1386 2847 1450 2904 et
1498 2839 1581 2904 ad
1628 2839 1694 2903 id
1740 2839 2038 2925 compelli
2087 2860 2214 2903 non
2260 2838 2509 2924 possint
2552 2860 2668 2924 per
2713 2838 2965 2902 litteras
3013 2839 3402 2924 apostolicas
3465 2860 3593 2905 non
3659 2839 3972 2904 facientes
4033 2839 4294 2926 plenam
4355 2847 4422 2904 et

775 2970 1150 3035 expressam
1198 2969 1274 3013 ac
1329 2947 1408 3012 de
1458 2948 1654 3012 verbo
1702 2946 1785 3010 ad
1830 2946 2100 3010 verbum
2146 2946 2225 3009 de
2275 2945 2521 3010 indulto
2569 2945 2939 3030 hujusmodi
2986 2946 3396 3029 mentionem,
3445 2954 3510 3011 et
3573 2947 3968 3032 quibuslibet
4028 2947 4419 3034 privilegiis,

773 3056 1191 3141 indulgentiis
1256 3064 1321 3119 et
1380 3055 1584 3119 literis
1647 3054 1815 3118 dicte
1880 3052 2100 3135 Sedis,
2166 3073 2713 3139 quorumcumque
2779 3059 3077 3117 tenorum
3134 3053 3458 3137 existant,
3507 3075 3624 3140 per
3670 3075 3795 3139 que
3842 3054 4247 3140 presentibus
4296 3075 4424 3120 non

774 3185 1084 3250 expressa
1131 3163 1237 3227 vel
1282 3163 1569 3228 totaliter
1614 3184 1744 3227 non
1790 3161 2032 3225 inserta
2079 3160 2346 3225 effectus
2394 3160 2588 3245 hujus
2636 3167 2853 3226 nostre
2902 3161 3112 3246 gratie
3140 3161 3456 3248 'impediri
3503 3162 3721 3226 valeat
3778 3162 3883 3226 vel
3930 3161 4196 3245 differri,
4231 3169 4296 3226 et
4342 3162 4421 3226 de

775 3272 1007 3357 quibus
1054 3291 1454 3356 quorumque
1500 3270 1650 3334 totis
1698 3268 2030 3333 tenoribus
2076 3267 2376 3332 habenda
2421 3269 2506 3332 sit
2552 3268 2621 3332 in
2670 3268 2903 3333 nostris
2952 3268 3182 3332 litteris
3240 3269 3481 3332 mentio
3544 3269 3878 3355 specialis3
3927 3270 4185 3355 proviso
4250 3268 4423 3355 quod

772 3377 1141 3463 hujusmodi
1204 3376 1518 3442 beneficia
1581 3376 1813 3441 debitis
1858 3375 2117 3439 interim
2164 3374 2488 3460 obsequiis
2535 3396 2662 3439 non
2711 3374 3130 3458 fraudentur,
3178 3381 3243 3439 et
3288 3375 3650 3439 animarum
3700 3397 3857 3440 cura
3902 3376 3967 3440 in
4016 3376 4140 3460 eis,
4190 3376 4422 3461 quibus

772 3486 887 3550 illa
932 3486 1243 3567 imminet,
1283 3484 1652 3548 nullatenus
1700 3483 2090 3569 negligatur.
2126 3482 2446 3556 Quocirca
2493 3481 2874 3546 mandamus
2930 3490 3247 3567 quatenus
3298 3504 3432 3564 vos,
3467 3482 3572 3547 vel
3604 3482 3731 3548 duo
3766 3490 3880 3547 aut
3913 3504 4079 3548 unus
4111 3491 4417 3566 vestrum,

775 3614 890 3679 per
934 3614 1050 3657 vos
1104 3592 1210 3655 vel
1255 3613 1373 3678 per
1406 3591 1605 3655 alium
1646 3612 1761 3654 seu
1793 3590 1975 3672 alios,
2008 3589 2331 3677 predictos
2380 3589 2648 3673 fructus,
2683 3589 2972 3654 redditus
3017 3596 3082 3653 et
3129 3598 3480 3676 proventus
3531 3589 3785 3655 faciatis
3819 3591 4029 3655 eidem
4060 3591 4417 3677 capellano,

772 3700 876 3765 vel
924 3699 1327 3786 procuratori
1373 3720 1489 3763 suo
1537 3700 1678 3782 ejus
1727 3697 2004 3779 nomine,
2051 3718 2170 3783 per
2216 3696 2387 3761 idem
2431 3697 2816 3781 triennium,
2858 3698 3052 3781 juxta
3097 3697 3292 3782 hujus
3339 3704 3555 3762 nostre
3615 3698 4048 3763 concessionis
4095 3704 4417 3781 tenorem,

774 3808 1024 3893 integre
1088 3805 1474 3887 ministrari,
1524 3804 1856 3892 dictasque
1918 3824 2228 3891 personas
2292 3803 2378 3868 ad
2441 3803 2878 3868 exercendum
2938 3803 3310 3890 hujusmodi
3343 3803 3645 3869 ‘officium
3693 3804 4080 3870 visitationis
4127 3803 4417 3889 admitti,

776 3936 851 3981 ac
896 3913 1384 4002 procurationes
1432 3914 1692 3978 easdem
1739 3913 1993 3999 prefato
2053 3913 2391 3999 capellano
2440 3912 2546 3977 vel
2600 3913 2770 3978 dicto
2827 3914 3232 4000 procuratori
3287 3935 3404 4000 pro
3467 3913 3607 4000 ipso
3666 3915 3861 3977 etiam
3916 3913 4245 3996 exhiberi,
4293 3935 4422 3978 non

774 4022 1178 4088 obstantibus
1227 4021 1522 4087 omnibus
1569 4020 1975 4108 supradictis,
2018 4040 2132 4083 seu
2191 4019 2247 4083 si
2292 4019 2534 4084 eisdem
2583 4019 2946 4084 Ordinariis
2992 4021 3098 4085 vel
3145 4021 3479 4106 quibusvis
3526 4020 3670 4084 aliis
3717 4020 3800 4083 ab
3848 4019 4075 4085 eadem
4119 4022 4205 4085 sit
4252 4020 4418 4085 Sede

774 4130 1114 4212 indultum,
1172 4129 1343 4215 quod
1405 4127 1972 4210 excommunicari,
2021 4127 2348 4213 suspendi,
2396 4127 2502 4191 vel
2555 4126 2855 4192 interdici
2909 4149 3038 4192 non
3093 4127 3341 4214 possint
3393 4149 3511 4213 per
3556 4127 3804 4193 litteras
3852 4128 4240 4214 apostolicas
4288 4149 4417 4193 non

772 4237 1083 4302 facientes
1130 4236 1391 4322 plenam
1447 4242 1512 4300 et
1572 4256 1945 4322 expressam
2012 4255 2089 4299 ac
2135 4234 2214 4299 de
2262 4233 2461 4298 verbo
2510 4234 2593 4298 ad
2638 4235 2911 4299 verbum
2959 4234 3039 4299 de
3085 4234 3336 4300 indulto
3382 4234 3754 4320 hujusmodi
3800 4235 4224 4319 mentionem,
4271 4256 4417 4301 con·

773 4344 1154 4409 tradictores
1220 4342 1605 4408 auctoritate
1673 4349 1895 4407 nostra
1965 4342 2321 4429 apostolica
2390 4363 2506 4428 per
2575 4362 2881 4406 censuras
2951 4342 3464 4426 ecclesiasticas,
3523 4342 3956 4428 appellatione
4023 4343 4415 4431 postposita,

775 4450 1259 4537 compescendo.

949 4558 1195 4622 Datum
1244 4557 1748 4644 Carpentoracte
1797 4556 2020 4643 quinto
2066 4555 2383 4620 kalendas
2431 4556 2821 4639 novembris,
2867 4556 3278 4642 pontificatus
3326 4556 3528 4621 nostri
3576 4578 3746 4622 anuo
3794 4558 4038 4645 quinte.

2487 4911 2701 4977 LVII.

2266 5145 2461 5230 1320,
2511 5145 2553 5208 3
2592 5144 2924 5229 februarii.

1346 5376 1451 5441 Ex
1497 5377 1663 5441 libro
1710 5377 1766 5441 B
1816 5376 2390 5462 Reformationum,
2438 5399 2494 5444 c.
2543 5380 2672 5443 388
2721 5400 2773 5443 r.
2823 5377 2889 5441 in
2935 5377 3224 5443 Archivo
3271 5377 3554 5443 maximo
3603 5378 3839 5443 bonon.

956 5629 1149 5694 Anno
1197 5629 1460 5694 Domini
1507 5630 1845 5695 millesimo
1893 5630 2328 5695 tricentesimo
2374 5630 2718 5716 vigesimo,
2751 5629 3098 5696 indictione
3144 5630 3357 5713 tertia,
3407 5630 3511 5695 die
3559 5630 3749 5695 tertio
3796 5631 4033 5695 mensis
4081 5631 4410 5697 februarii.

956 5736 1311 5802 Consilium
1356 5736 1593 5822 Populi
1641 5743 1705 5801 et
1751 5758 1960 5802 masse
2007 5736 2244 5824 Populi
2289 5736 2570 5802 civitatis
2614 5737 2908 5804 Bononie
2957 5737 3110 5802 fecit
3165 5738 3399 5803 nobilis
3460 5744 3526 5803 et
3584 5739 3895 5803 discretus
3957 5739 4057 5803 vir
4117 5738 4412 5804 dominus

776 5842 1060 5909 Jacobus
1109 5844 1188 5908 de
1234 5843 1513 5929 Laquila
1561 5843 1954 5930 Capitaneus
1999 5845 2237 5931 Populi
2279 5845 2692 5910 bononiensis
2739 5846 2806 5909 in
2852 5844 3096 5931 palatio
3146 5866 3313 5910 novo
3362 5845 3732 5910 Communis
3780 5854 3845 5911 et
3889 5847 4127 5933 Populi
4171 5868 4412 5916 memo-

774 5951 901 6015 rati
947 5951 1028 6015 ad
1077 5972 1307 6015 sonum
1352 5972 1687 6037 campane,
1722 5973 1878 6016 voce
1918 5974 2268 6039 preconum
2314 5974 2491 6018 more
2536 5953 2728 6017 solito
2776 5952 3179 6038 congregari.
3228 5952 3308 6017 In
3342 5975 3467 6039 quo
3503 5954 3758 6039 quidem
3794 5953 4077 6020 Consilio
4109 5954 4413 6019 interfue-

776 6064 926 6122 runt
973 6057 1146 6121 ultra
1192 6078 1386 6143 quam
1435 6057 1558 6121 due
1605 6065 1823 6144 partes
1868 6058 2312 6123 Anzianorum
2358 6067 2424 6124 et
2471 6059 2824 6124 Consulum
2871 6060 3186 6146 presentis
3232 6059 3470 6123 mensis
3516 6066 3581 6124 et
3628 6059 3707 6124 de
3754 6060 4040 6146 ipsorum
4097 6082 4414 6126 consensu

779 6171 844 6229 et
887 6164 1220 6229 voluntate
1269 6164 1475 6230 dictus
1522 6166 1819 6230 dominus
1868 6166 2260 6253 Capitaneus
2307 6168 2642 6254 proposuit
2686 6167 3123 6254 infrascripta,
3158 6188 3352 6254 super
3392 6167 3625 6253 quibus
3673 6167 4009 6232 consilium
4040 6168 4411 6254 postulavit.

955 6272 1035 6337 In
1081 6273 1305 6360 primis
1352 6272 1507 6358 quid
1551 6273 1766 6359 placet
1812 6273 1983 6338 dicto
2032 6274 2315 6340 Consilio
2361 6275 2754 6361 generaliter
2800 6274 3141 6361 providere
3188 6296 3382 6360 super
3427 6275 3841 6362 infrascripta
3887 6275 4196 6362 petitione
4258 6297 4413 6341 exa·

777 6382 1024 6445 minata
1069 6387 1134 6444 et
1179 6380 1540 6466 approbata
1585 6403 1702 6467 per
1747 6381 2039 6447 dominos
2086 6381 2437 6467 Anzianos,
2485 6383 2667 6448 cuius
2713 6390 2899 6448 tenor
2945 6383 3095 6448 talis
3143 6388 3272 6448 est:

959 6487 1120 6552 Cum
1165 6486 1288 6552 hoc
1336 6487 1419 6551 sit
1467 6487 1639 6574 quod
1683 6487 1979 6553 dominus
2025 6487 2312 6554 Romeus
2359 6489 2439 6554 de
2482 6489 2746 6577 Pepolis
2793 6489 3085 6554 intendat
3132 6488 3214 6553 ad
3261 6488 3730 6575 promotionem
3770 6488 4139 6554 doctoratus
4171 6488 4412 6554 domini
